{"host":"yjeq27nqd9iczda7","time":1611545205,"event":{"mods":["Arknights The Spire","BaseMod","Colored Map","Colored Powertips","GifTheSpireLib","Minty Spire (QoL Compilation)","Prisma Mod","StSLib","The Alterego","The Poker Player","Waifu the Spire"],"gold_per_floor":[112,122,133,133,233,271,294,274,274,4,4,4],"floor_reached":11,"language":"KOR","playtime":502,"items_purged":[],"score":73,"play_id":"c32de7ad-67cb-4e32-bc70-908df5b12781","local_time":"20210125122645","is_ascension_mode":false,"campfire_choices":[],"circlet_count":0,"master_deck":["PrismaMod:IllyaCommonAttack","PrismaMod:IllyaCommonDefend","PrismaMod:IllyaCommonAttack","PrismaMod:IllyaCommonDefend","PrismaMod:IllyaCommonAttack","PrismaMod:IllyaCommonDefend","PrismaMod:IllyaCommonAttack","PrismaMod:IllyaCommonDefend","PrismaMod:IllyaCommonAttack","PrismaMod:IllyaCommonDefend","PrismaMod:IllyaUncommonAttack","PrismaMod:IllyaUncommonDefend","PrismaMod:IllyaMaid","PrismaMod:IllyaGun","PrismaMod:IllyaCheapChannelPoison","PrismaMod:IllyaDevil","PrismaMod:IllyaFeed","PrismaMod:IllyaInstallAvenger","PrismaMod:IllyaCheapAttack+1","PrismaMod:IllyaCommonEvoke+1"],"relics":["PrismaMod:PrismaRuby","Golden Idol","Mummified Hand","Molten Egg 2"],"acts_visited":["Exordium"],"potions_floor_usage":[6,11],"damage_taken":[{"damage":0,"enemies":"Cultist","floor":1,"turns":5},{"damage":0,"enemies":"2 Louse","floor":2,"turns":3},{"damage":7,"enemies":"Jaw Worm","floor":3,"turns":2},{"damage":45,"enemies":"Gremlin Nob","floor":6,"turns":5},{"damage":8,"enemies":"Looter","floor":7,"turns":4},{"damage":7,"enemies":"3 Sentries","floor":11,"turns":3}],"seed_played":"5874776504169267894","potions_obtained":[{"floor":1,"key":"Regen Potion"},{"floor":3,"key":"Ancient Potion"}],"is_trial":false,"path_per_floor":["M","M","M","?","?","E","M","?","T","$","E"],"character_chosen":"ILLYA","items_purchased":["PrismaMod:IllyaInstallAvenger","PrismaMod:IllyaCheapAttack+1","PrismaMod:IllyaCommonEvoke+1"],"campfire_rested":0,"item_purchase_floors":[10,10,10],"current_hp_per_floor":[82,82,75,55,55,15,7,7,7,7,0,0],"gold":4,"neow_bonus":"TEN_PERCENT_HP_BONUS","is_daily":false,"chose_seed":false,"campfire_upgraded":0,"win_rate":0.0,"timestamp":1611545205,"path_taken":["M","?","M","?","?","E","?","?","T","$","E"],"items_purchased_type":["Card","Card","Card"],"build_version":"2020-12-22","purchased_purges":0,"victory":false,"max_hp_per_floor":[82,82,82,82,82,82,82,82,82,82,82,82],"card_choices":[{"not_picked":["PrismaMod:IllyaMinorReinForce","PrismaMod:IllyaUncommonDefend"],"picked":"PrismaMod:IllyaMaid","floor":1},{"not_picked":["PrismaMod:IllyaDetonatingBlow","PrismaMod:IllyaRubysPotion"],"picked":"PrismaMod:IllyaGun","floor":2},{"not_picked":["PrismaMod:IllyaRapidFire","PrismaMod:IllyaRubysPotion"],"picked":"PrismaMod:IllyaCheapChannelPoison","floor":3},{"not_picked":["PrismaMod:IllyaCommandSeal","PrismaMod:IllyaSaphire"],"picked":"PrismaMod:IllyaDevil","floor":6},{"not_picked":["PrismaMod:IllyaRussianRoulette","PrismaMod:IllyaCheapChannelAttack"],"picked":"PrismaMod:IllyaFeed","floor":7}],"player_experience":40375,"relics_obtained":[{"floor":6,"key":"Mummified Hand"},{"floor":9,"key":"Molten Egg 2"}],"event_choices":[{"damage_healed":0,"gold_gain":0,"player_choice":"Take Damage","damage_taken":20,"relics_obtained":["Golden Idol"],"max_hp_gain":0,"max_hp_loss":0,"event_name":"Golden Idol","floor":4,"gold_loss":0},{"damage_healed":0,"gold_gain":100,"player_choice":"Pray","damage_taken":0,"max_hp_gain":0,"max_hp_loss":0,"event_name":"Golden Shrine","floor":5,"gold_loss":0},{"damage_healed":0,"gold_gain":0,"player_choice":"Left Gold","damage_taken":0,"max_hp_gain":0,"max_hp_loss":0,"event_name":"World of Goop","floor":8,"gold_loss":20}],"is_beta":false,"boss_relics":[],"items_purged_floors":[],"is_endless":false,"potions_floor_spawned":[1,3],"killed_by":"3 Sentries","ascension_level":0}}