{"host":"xp5rvh2jwe2ejyfm","time":1611613669,"event":{"mods":["BaseMod","Downfall","Duelist Mod","GifTheSpireLib","Gremlin Mod","Hermit","Hubris","Minty Spire (QoL Compilation)","Robot Space Explorer","StSLib","The Blackbeard","The Clintock","The Construct","The Cursed","The Disciple","The Forsaken","The Hierophant","The Necromancer","The Runesmith","The Servant 0.9.4"],"gold_per_floor":[117,133,145,164,182,182,207,224,296,309,324,347,347,372,372,372,372],"floor_reached":16,"language":"ENG","playtime":498,"items_purged":[],"score":141,"play_id":"a42f05db-7d3d-43ea-99b1-6cce7186cac2","local_time":"20210125172749","is_ascension_mode":false,"campfire_choices":[{"data":"RobotSpaceExplorer:StarLightning","floor":6,"key":"SMITH"},{"floor":15,"key":"REST"}],"circlet_count":0,"master_deck":["RobotSpaceExplorer:Strike","RobotSpaceExplorer:Strike","RobotSpaceExplorer:Strike","RobotSpaceExplorer:Strike","RobotSpaceExplorer:Defend","RobotSpaceExplorer:Defend","RobotSpaceExplorer:Defend","RobotSpaceExplorer:Scan","RobotSpaceExplorer:MiniLasers","RobotSpaceExplorer:FreezeRay","RobotSpaceExplorer:FranticSearch","RobotSpaceExplorer:StarLightning+1","RobotSpaceExplorer:PlasmaMissile","RobotSpaceExplorer:ShovelStrike","RobotSpaceExplorer:StunGrenade","RobotSpaceExplorer:Electropulse","RobotSpaceExplorer:MiniDrones","RobotSpaceExplorer:StarDust","RobotSpaceExplorer:ScrapMissile","RobotSpaceExplorer:Ammunition"],"relics":["RobotSpaceExplorer:RoboCore","NeowsBlessing","Centennial Puzzle","Singing Bowl","Odd Mushroom","Lantern"],"acts_visited":["Exordium"],"potions_floor_usage":[7,14,14,14,16],"damage_taken":[{"damage":0,"enemies":"Cultist","floor":1,"turns":1},{"damage":0,"enemies":"Jaw Worm","floor":2,"turns":1},{"damage":0,"enemies":"2 Louse","floor":3,"turns":1},{"damage":10,"enemies":"Lots of Slimes","floor":4,"turns":6},{"damage":13,"enemies":"2 Fungi Beasts","floor":5,"turns":4},{"damage":0,"enemies":"Gremlin Nob","floor":7,"turns":3},{"damage":3,"enemies":"Looter","floor":8,"turns":2},{"damage":2,"enemies":"Blue Slaver","floor":10,"turns":3},{"damage":5,"enemies":"Exordium Wildlife","floor":11,"turns":2},{"damage":13,"enemies":"The Mushroom Lair","floor":12,"turns":3},{"damage":16,"enemies":"Lagavulin","floor":14,"turns":5},{"damage":40,"enemies":"The Guardian","floor":16,"turns":7}],"seed_played":"3395789797349838477","potions_obtained":[{"floor":2,"key":"Block Potion"},{"floor":3,"key":"hexamod:SoulburnPotion"},{"floor":4,"key":"PowerPotion"},{"floor":10,"key":"Ancient Potion"},{"floor":14,"key":"SteroidPotion"}],"is_trial":false,"path_per_floor":["M","M","M","M","M","R","E","M","T","M","M","?","?","E","R","B"],"character_chosen":"RobotSpaceExplorer","items_purchased":[],"campfire_rested":1,"item_purchase_floors":[],"current_hp_per_floor":[75,75,75,65,52,52,52,49,49,47,42,29,29,15,38,0,0],"gold":372,"neow_bonus":"THREE_ENEMY_KILL","is_daily":false,"chose_seed":false,"campfire_upgraded":1,"win_rate":0.0,"timestamp":1611613669,"path_taken":["M","M","M","?","M","R","E","M","T","M","M","?","?","E","R","BOSS"],"items_purchased_type":[],"build_version":"2020-12-22","purchased_purges":0,"victory":false,"max_hp_per_floor":[75,75,75,75,75,75,75,75,75,75,75,75,75,77,77,77,77],"card_choices":[{"not_picked":["RobotSpaceExplorer:Probe","RobotSpaceExplorer:Jetpack"],"picked":"RobotSpaceExplorer:FreezeRay","floor":1},{"not_picked":["RobotSpaceExplorer:FrostMissile","RobotSpaceExplorer:SlimeMissile"],"picked":"RobotSpaceExplorer:FranticSearch","floor":2},{"not_picked":["RobotSpaceExplorer:StunGrenade","RobotSpaceExplorer:Electropulse"],"picked":"RobotSpaceExplorer:StarLightning","floor":3},{"not_picked":["RobotSpaceExplorer:GlueSpray","RobotSpaceExplorer:SlimeMissile"],"picked":"RobotSpaceExplorer:PlasmaMissile","floor":4},{"not_picked":["RobotSpaceExplorer:MakeshiftVolley","RobotSpaceExplorer:SurgingShield"],"picked":"RobotSpaceExplorer:ShovelStrike","floor":5},{"not_picked":["RobotSpaceExplorer:SlimeMissile","RobotSpaceExplorer:MakeshiftVolley"],"picked":"RobotSpaceExplorer:StunGrenade","floor":7},{"not_picked":["RobotSpaceExplorer:Counterblock","RobotSpaceExplorer:ShockKick"],"picked":"RobotSpaceExplorer:Electropulse","floor":8},{"not_picked":["RobotSpaceExplorer:Probe","RobotSpaceExplorer:Pulsar"],"picked":"RobotSpaceExplorer:MiniDrones","floor":10},{"not_picked":["RobotSpaceExplorer:Ammunition","RobotSpaceExplorer:Pulsar"],"picked":"RobotSpaceExplorer:StarDust","floor":11},{"not_picked":["RobotSpaceExplorer:Asteroid","RobotSpaceExplorer:LaserBurst"],"picked":"RobotSpaceExplorer:ScrapMissile","floor":12},{"not_picked":["RobotSpaceExplorer:MakeshiftVolley","RobotSpaceExplorer:JunkDive","RobotSpaceExplorer:SlimeMissile"],"picked":"Singing Bowl","floor":14}],"player_experience":341165,"relics_obtained":[{"floor":7,"key":"Centennial Puzzle"},{"floor":9,"key":"Singing Bowl"},{"floor":12,"key":"Odd Mushroom"},{"floor":14,"key":"Lantern"}],"event_choices":[{"damage_healed":0,"gold_gain":0,"player_choice":"Fought Mushrooms","damage_taken":0,"max_hp_gain":0,"max_hp_loss":0,"event_name":"Mushrooms","floor":12,"gold_loss":0},{"damage_healed":0,"gold_gain":0,"cards_transformed":["RobotSpaceExplorer:Defend"],"player_choice":"Transformed","damage_taken":0,"max_hp_gain":0,"max_hp_loss":0,"event_name":"Transmorgrifier","floor":13,"gold_loss":0,"cards_obtained":["RobotSpaceExplorer:Ammunition"]}],"is_beta":false,"boss_relics":[],"items_purged_floors":[],"is_endless":false,"potions_floor_spawned":[2,3,4,10,14],"killed_by":"The Guardian","ascension_level":0}}