{"host":"bq8ii4ghyb2mkf8g","time":1611586740,"event":{"mods":["BaseMod","Colored Map","Minty Spire (QoL Compilation)","Quick Restart","Replay The Spire","StSLib"],"gold_per_floor":[113,113,38,38,38,72,72,72,72,93,93,116,116,166,166,292,292,311,311,129,143,157,198,198,198,198,198,210,210],"floor_reached":28,"language":"ZHS","playtime":957,"items_purged":["Strike_B","Strike_B"],"score":283,"play_id":"5b6563c1-ea8d-4afd-a238-9cfd5ba48ca2","local_time":"20210125225900","is_ascension_mode":true,"campfire_choices":[{"data":"Zap","floor":7,"key":"SMITH"},{"data":"Coolheaded","floor":24,"key":"SMITH"}],"circlet_count":0,"master_deck":["Defend_B+1","Defend_B+1","Defend_B","Zap+1","Dualcast","Darkness","Chaos+1","FTL+1","Capacitor+1","Hello World","Mirror Shield","Coolheaded+1","Consume+1","White Noise"],"relics":["Cracked Core","NeowsBlessing","Golden Idol","Bag of Marbles","Pet Ghost","War Paint","Busted Crown","Replay:Bottled Eggs","CaptainsWheel","MawBank"],"acts_visited":["Exordium","TheCity"],"potions_floor_usage":[23],"damage_taken":[{"damage":0,"enemies":"Jaw Worm","floor":1,"turns":1},{"damage":0,"enemies":"3 Sentries","floor":6,"turns":1},{"damage":0,"enemies":"Cultist","floor":10,"turns":1},{"damage":0,"enemies":"Small Slimes","floor":12,"turns":3},{"damage":21,"enemies":"Hexaghost","floor":16,"turns":10},{"damage":7,"enemies":"3 Byrds","floor":18,"turns":5},{"damage":0,"enemies":"Chosen","floor":21,"turns":4},{"damage":5,"enemies":"Snecko","floor":22,"turns":4},{"damage":53,"enemies":"Slavers","floor":23,"turns":6},{"damage":11,"enemies":"Snake Plant","floor":28,"turns":2}],"seed_played":"-8506506270102711669","potions_obtained":[{"floor":12,"key":"Cursed Concoction"},{"floor":21,"key":"LifebloodPotion"}],"is_trial":false,"path_per_floor":["M","?","$","?","$","E","R","$","T","M","?","M","?","T","R_BF","B",null,"M","?","$","M","M","E","R","?","T","?","M"],"character_chosen":"DEFECT","items_purchased":["Consume"],"campfire_rested":0,"item_purchase_floors":[20],"current_hp_per_floor":[75,57,57,57,57,57,57,57,57,57,57,57,42,42,42,21,75,68,68,68,68,63,10,10,10,10,10,0,0],"gold":210,"neow_bonus":"THREE_ENEMY_KILL","is_daily":false,"chose_seed":false,"campfire_upgraded":2,"win_rate":0.0,"timestamp":1611586740,"path_taken":["M","?","$","?","?","E","R","$","T","?","?","M","?","?","R_BF","BOSS","M","?","$","M","M","E","R","?","T","?","M"],"items_purchased_type":["Card"],"build_version":"2020-12-22","purchased_purges":2,"victory":false,"max_hp_per_floor":[75,75,75,75,75,75,75,75,75,75,75,75,75,75,75,75,75,75,75,75,75,75,75,75,75,75,75,75,75],"card_choices":[{"not_picked":["Ball Lightning","Compile Driver","Redo"],"picked":"SKIP","floor":1},{"not_picked":["Scrape","Melter","Turbo"],"picked":"SKIP","floor":6},{"not_picked":["Sweeping Beam","Reprogram"],"picked":"Chaos","floor":10},{"not_picked":["Darkness","Reinforced Body"],"picked":"Capacitor","floor":12},{"not_picked":["Multi-Cast","Meteor Strike"],"picked":"Mirror Shield","floor":16},{"not_picked":[],"picked":"Coolheaded","floor":18},{"not_picked":["Barrage"],"picked":"SKIP","floor":21},{"not_picked":["Blizzard"],"picked":"SKIP","floor":22},{"not_picked":["Undo"],"picked":"SKIP","floor":23}],"player_experience":130817,"relics_obtained":[{"floor":6,"key":"Bag of Marbles"},{"floor":9,"key":"Pet Ghost"},{"floor":14,"key":"War Paint"},{"floor":23,"key":"Replay:Bottled Eggs"},{"floor":26,"key":"CaptainsWheel"}],"event_choices":[{"damage_healed":0,"gold_gain":0,"player_choice":"Take Damage","damage_taken":18,"relics_obtained":["Golden Idol"],"max_hp_gain":0,"max_hp_loss":0,"event_name":"Golden Idol","floor":2,"gold_loss":0},{"damage_healed":0,"gold_gain":0,"cards_transformed":["Strike_B"],"player_choice":"Change","damage_taken":0,"max_hp_gain":0,"max_hp_loss":0,"event_name":"Living Wall","floor":4,"gold_loss":0,"cards_obtained":["Darkness"]},{"damage_healed":0,"gold_gain":0,"player_choice":"Entered Light","damage_taken":15,"max_hp_gain":0,"max_hp_loss":0,"event_name":"Shining Light","floor":13,"gold_loss":0,"cards_upgraded":["Capacitor","Defend_B"]},{"damage_healed":0,"gold_gain":0,"player_choice":"Ignored","damage_taken":0,"max_hp_gain":0,"max_hp_loss":0,"event_name":"Cursed Tome","floor":19,"gold_loss":0},{"damage_healed":0,"gold_gain":0,"player_choice":"Read","damage_taken":0,"max_hp_gain":0,"max_hp_loss":0,"event_name":"The Library","floor":25,"gold_loss":0,"cards_obtained":["White Noise"]}],"is_beta":false,"boss_relics":[{"not_picked":["SacredBark","Kintsugi"],"picked":"Busted Crown"}],"items_purged_floors":[3,20],"is_endless":false,"potions_floor_spawned":[12,21],"killed_by":"Snake Plant","ascension_level":2}}