{"host":"gop1q6bv59twswbp","time":1611616722,"event":{"mods":["AlwaysNeverKeys","BaseMod","Downfall","Hermit","Minty Spire (QoL Compilation)","Permanent Neow","Rare Cards Sparkle","StSLib","The Cursed"],"gold_per_floor":[99,114,289,305,305,5,5,30,30,44,62,62,62,62],"floor_reached":12,"language":"ENG","playtime":580,"items_purged":[],"score":103,"play_id":"84f1323f-b6d1-4744-aaa4-be6b720e95ee","local_time":"20210125181842","is_ascension_mode":false,"campfire_choices":[{"data":"champ:GladiatorForm","floor":1,"key":"SMITH"},{"data":"champ:AdrenalArmor","floor":6,"key":"SMITH"},{"data":"champ:Taunt","floor":9,"key":"SMITH"}],"circlet_count":0,"master_deck":["champ:Strike","champ:Strike","champ:Strike","champ:Strike","champ:Defend","champ:Defend","champ:Defend","champ:Defend","champ:Execute","champ:Taunt+1","champ:GladiatorForm+1","champ:FocusedBerserking","Doubt","champ:AdrenalArmor+1","Pain","champ:Duel","champ:BringItOn","champ:FancyFootwork"],"relics":["champ:ChampionCrown","downfall:HeartBlessingBlue","downfall:HeartBlessingGreen","downfall:HeartBlessingRed","Pear","Anchor"],"acts_visited":["Exordium"],"potions_floor_usage":[12],"damage_taken":[{"damage":15,"enemies":"Cultist","floor":2,"turns":5},{"damage":43,"enemies":"Jaw Worm","floor":4,"turns":7},{"damage":95,"enemies":"3 Sentries","floor":8,"turns":11},{"damage":21,"enemies":"2 Louse","floor":10,"turns":4},{"damage":30,"enemies":"Blue Slaver","floor":11,"turns":5},{"damage":32,"enemies":"Gremlin Nob","floor":12,"turns":5}],"seed_played":"-2485739300682311139","potions_obtained":[{"floor":4,"key":"PowerPotion"},{"floor":8,"key":"SpeedPotion"},{"floor":11,"key":"Energy Potion"}],"is_trial":false,"path_per_floor":["R","M","?","M","?","R","T","E","R","M","M","E"],"character_chosen":"THE_CHAMP","items_purchased":[],"campfire_rested":0,"item_purchase_floors":[],"current_hp_per_floor":[90,85,85,67,67,77,87,52,52,46,36,19,19,19],"gold":62,"neow_bonus":"THREE_RARE_CARDS","is_daily":false,"chose_seed":false,"campfire_upgraded":3,"win_rate":0.0,"timestamp":1611616722,"path_taken":["R","M","?","M","?","R","T","E","R","M","?","E"],"items_purchased_type":[],"build_version":"2020-12-22","purchased_purges":0,"victory":false,"max_hp_per_floor":[90,90,90,90,90,100,110,110,110,110,110,110,110,110],"card_choices":[{"not_picked":["champ:EnchantShield","champ:ShieldThrow"],"picked":"champ:GladiatorForm","floor":0},{"not_picked":["champ:FlashCut","champ:CrownThrow"],"picked":"champ:FocusedBerserking","floor":2},{"not_picked":["champ:FocusedDefense","champ:RapidStrikes"],"picked":"champ:AdrenalArmor","floor":4},{"not_picked":["champ:FanOfKnives","champ:FocusedDefense"],"picked":"champ:Duel","floor":8},{"not_picked":["champ:ShieldWall","champ:Shatter"],"picked":"champ:BringItOn","floor":10},{"not_picked":["champ:Encircle","champ:Shatter"],"picked":"champ:FancyFootwork","floor":11}],"player_experience":843556,"relics_obtained":[{"floor":7,"key":"Pear"},{"floor":8,"key":"Anchor"}],"event_choices":[],"is_beta":false,"boss_relics":[],"items_purged_floors":[],"is_endless":false,"potions_floor_spawned":[4,8,11],"killed_by":"Gremlin Nob","ascension_level":0}}