{"host":"ndqo0ze3xqwwg5zo","time":1611602865,"event":{"mods":["BaseMod","Colored Powertips","Downfall","Hermit","Koishi","Marisa????????","Minty Spire (QoL Compilation)","Permanent Neow","Replay The Spire","Shop Mod","StSLib","Td1madao Mod","The Cursed","The Disciple","The Hierophant","The Necromancer","The Runesmith","The Servant 0.9.4","The Wild Card"],"gold_per_floor":[213,231,181,192,205,215,215,215,215,228,178,178,193,193,193,294,294,284,131,148,148,148,148,48,62,62,77,87,87,87,101,101,101,101],"floor_reached":33,"language":"ENG","playtime":2422,"items_purged":["Runesmith:Strike_RS","Runesmith:Superposition"],"score":241,"play_id":"49650274-c6d3-4534-b24f-09c87943d8d4","local_time":"20210125132745","is_ascension_mode":false,"campfire_choices":[{"data":"Runesmith:CraftFirestone","floor":8,"key":"SMITH"},{"data":"Runesmith:Grindstone","floor":12,"key":"SMITH"},{"data":"Runesmith:PoweredAnvil","floor":15,"key":"SMITH"},{"data":"Runesmith:Permafrost","floor":23,"key":"SMITH"},{"floor":29,"key":"REST"},{"floor":32,"key":"REST"}],"circlet_count":0,"master_deck":["Runesmith:Defend_RS+1","Runesmith:Defend_RS+1","Runesmith:Defend_RS+1","Runesmith:Defend_RS+1","Runesmith:CraftFirestone+1","Runesmith:Fortify","Runesmith:CraftIncendium","Runesmith:ChiselStab","Runesmith:LithiumIon","Runesmith:Grindstone+1","Runesmith:PoweredAnvil+1","Runesmith:Permafrost+1","Runesmith:DoubleUp","Runesmith:EarthShield+1","Runesmith:Augment"],"relics":["Runesmith:BrokenRuby","Replay:Bottled Steam","Runesmith:PocketReactor","Divine Protection"],"acts_visited":["Exordium","TheCity"],"potions_floor_usage":[16,28,33,33],"damage_taken":[{"damage":2,"enemies":"2 Louse","floor":1,"turns":3},{"damage":0,"enemies":"Small Slimes","floor":2,"turns":4},{"damage":0,"enemies":"Jaw Worm","floor":4,"turns":3},{"damage":7,"enemies":"Looter","floor":5,"turns":4},{"damage":5,"enemies":"Lots of Slimes","floor":6,"turns":4},{"damage":7,"enemies":"Blue Slaver","floor":10,"turns":3},{"damage":0,"enemies":"Large Slime","floor":13,"turns":5},{"damage":9,"enemies":"The Guardian","floor":16,"turns":9},{"damage":18,"enemies":"2 Thieves","floor":18,"turns":4},{"damage":24,"enemies":"Spheric Guardian","floor":20,"turns":6},{"damage":14,"enemies":"Snecko","floor":25,"turns":8},{"damage":2,"enemies":"Centurion and Healer","floor":27,"turns":8},{"damage":9,"enemies":"3 Cultists","floor":28,"turns":5},{"damage":0,"enemies":"Snake Plant","floor":31,"turns":7},{"damage":51,"enemies":"Pondfish","floor":33,"turns":12}],"seed_played":"-535297992708533621","potions_obtained":[{"floor":4,"key":"SkillPotion"},{"floor":13,"key":"SpeedPotion"},{"floor":16,"key":"FearPotion"},{"floor":25,"key":"sneckomod:MuddlingPotion"},{"floor":27,"key":"Toxic Potion"},{"floor":31,"key":"Ancient Potion"}],"is_trial":false,"path_per_floor":["M","M","$","M","M","M","?","R","T","M","?","R","M","?","R","B",null,"M","$","M","?","?","R","$","M","T","M","M","R","?","M","R","B"],"character_chosen":"RUNESMITH_CLASS","items_purchased":["Runesmith:ChiselStab","Runesmith:Permafrost"],"campfire_rested":2,"item_purchase_floors":[3,19],"current_hp_per_floor":[68,68,68,68,61,56,70,70,70,63,63,63,63,63,63,54,70,52,52,28,28,28,28,28,14,14,12,3,24,24,24,45,0,0],"gold":101,"neow_bonus":"HUNDRED_GOLD","is_daily":false,"chose_seed":false,"campfire_upgraded":4,"win_rate":0.0,"timestamp":1611602865,"path_taken":["M","M","$","M","M","M","?","R","T","M","?","R","M","?","R","BOSS","M","$","M","?","?","R","$","M","T","M","M","R","?","M","R","BOSS"],"items_purchased_type":["Card","Card"],"build_version":"2020-12-22","purchased_purges":2,"victory":false,"max_hp_per_floor":[70,70,70,70,70,70,70,70,70,70,70,70,70,70,70,70,70,70,70,70,70,70,70,70,70,70,70,70,70,70,70,70,70,70],"card_choices":[{"not_picked":["Runesmith:UnstableHammer","Runesmith:Repurpose","Runesmith:ShiftingStrike"],"picked":"SKIP","floor":1},{"not_picked":["Runesmith:PoweredAnvil","Runesmith:CraftProtectio"],"picked":"Runesmith:CraftIncendium","floor":2},{"not_picked":["Runesmith:EarthShield","Runesmith:HeatedChisel"],"picked":"Runesmith:LithiumIon","floor":4},{"not_picked":["Runesmith:HeatExchange","Runesmith:UnstableHammer","Runesmith:ChiselStab"],"picked":"SKIP","floor":5},{"not_picked":["Runesmith:BackupBattery","Runesmith:EnergizedChisel","Runesmith:RuneHurl"],"picked":"SKIP","floor":6},{"not_picked":["Runesmith:Repurpose","Runesmith:EarthShield"],"picked":"Runesmith:Grindstone","floor":10},{"not_picked":["Runesmith:UnstableHammer","Runesmith:Repurpose"],"picked":"Runesmith:PoweredAnvil","floor":13},{"not_picked":["Runesmith:Electrocute","Runesmith:StaticCage","Runesmith:Firestorm"],"picked":"SKIP","floor":18},{"not_picked":["Runesmith:RuneHurl","Runesmith:HeatedChisel","Runesmith:StaticCage"],"picked":"SKIP","floor":20},{"not_picked":["Runesmith:Overpower","Runesmith:BackupBattery+1","Runesmith:HeatExchange"],"picked":"SKIP","floor":25},{"not_picked":["Runesmith:Repurpose+1","Runesmith:BackupBattery"],"picked":"Runesmith:EarthShield+1","floor":27},{"not_picked":["Runesmith:UnstableHammer","Runesmith:HammerThrow"],"picked":"Runesmith:Augment","floor":28},{"not_picked":["Runesmith:Terraform+1","Runesmith:RuneHurl","Runesmith:Empowerment+1"],"picked":"SKIP","floor":31}],"player_experience":22076,"relics_obtained":[{"floor":9,"key":"Replay:Bottled Steam"},{"floor":26,"key":"Divine Protection"}],"event_choices":[{"damage_healed":23,"gold_gain":0,"player_choice":"Banana","damage_taken":0,"max_hp_gain":0,"max_hp_loss":0,"event_name":"Big Fish","floor":7,"gold_loss":0},{"cards_removed":["Runesmith:Strike_RS"],"damage_healed":0,"gold_gain":0,"player_choice":"Card Removal","damage_taken":0,"max_hp_gain":0,"max_hp_loss":0,"event_name":"The Cleric","floor":11,"gold_loss":50},{"damage_healed":0,"gold_gain":0,"player_choice":"Ignored","damage_taken":0,"max_hp_gain":0,"max_hp_loss":0,"event_name":"Golden Idol","floor":14,"gold_loss":0},{"damage_healed":0,"gold_gain":0,"cards_transformed":["Runesmith:Strike_RS","Runesmith:Strike_RS"],"player_choice":"Became Test Subject","damage_taken":0,"max_hp_gain":0,"max_hp_loss":0,"event_name":"Drug Dealer","floor":22,"gold_loss":0,"cards_obtained":["Runesmith:Superposition","Runesmith:DoubleUp"]},{"damage_healed":0,"gold_gain":0,"player_choice":"Simplicity","damage_taken":0,"max_hp_gain":0,"max_hp_loss":0,"event_name":"Back to Basics","floor":30,"gold_loss":0,"cards_upgraded":["Runesmith:Defend_RS","Runesmith:Defend_RS","Runesmith:Defend_RS","Runesmith:Defend_RS"]}],"is_beta":false,"boss_relics":[{"not_picked":["ChewingGum","Philosopher\u0027s Stone"],"picked":"Runesmith:PocketReactor"}],"items_purged_floors":[19,24],"is_endless":false,"potions_floor_spawned":[4,13,16,25,27,28,31],"killed_by":"Pondfish","ascension_level":0}}