{"host":"k2mw1od0xoi9pcfj","time":1611578384,"event":{"mods":["AchievementEnabler","BaseMod","Hermit","Highlight Path","Minty Spire (QoL Compilation)","Permanent Neow","Relic Stats","StSLib"],"gold_per_floor":[360,35,55,0,0,34,50,84,109,128,139,139,169,169,169,169,169],"floor_reached":16,"language":"ENG","playtime":870,"items_purged":["Shame"],"score":132,"play_id":"1d0dfafc-2498-42a4-ad8d-2bee6513e585","local_time":"20210125063944","is_ascension_mode":true,"campfire_choices":[{"data":"True Grit","floor":12,"key":"SMITH"},{"floor":15,"key":"RECALL"}],"circlet_count":0,"master_deck":["Strike_R","Strike_R","Strike_R","Strike_R","Strike_R","Defend_R","Defend_R","Defend_R","Defend_R","Bash","True Grit+1","Rage","Clash","True Grit+1","Wild Strike"],"relics":["Burning Blood","Medical Kit","Ancient Tea Set","Anchor","Gremlin Horn","Orichalcum","Self Forming Clay"],"acts_visited":["Exordium"],"potions_floor_usage":[2,6,13,16],"damage_taken":[{"damage":5,"enemies":"2 Louse","floor":1,"turns":3},{"damage":6,"enemies":"Cultist","floor":3,"turns":4},{"damage":24,"enemies":"Gremlin Nob","floor":6,"turns":4},{"damage":0,"enemies":"Jaw Worm","floor":7,"turns":3},{"damage":65,"enemies":"Lagavulin","floor":8,"turns":11},{"damage":0,"enemies":"Large Slime","floor":10,"turns":5},{"damage":5,"enemies":"Looter","floor":11,"turns":4},{"damage":6,"enemies":"Gremlin Nob","floor":13,"turns":4},{"damage":21,"enemies":"The Guardian","floor":16,"turns":10}],"seed_played":"-8505246803120533572","potions_obtained":[{"floor":3,"key":"DistilledChaos"},{"floor":8,"key":"Energy Potion"},{"floor":10,"key":"SmokeBomb"},{"floor":11,"key":"Block Potion"}],"is_trial":false,"path_per_floor":["M","$","M","?","$","E","M","E","T","M","M","R","E","?","R","B"],"character_chosen":"IRONCLAD","items_purchased":["Medical Kit","Fruit Juice"],"campfire_rested":0,"item_purchase_floors":[2,2],"current_hp_per_floor":[80,85,85,85,85,67,73,14,14,20,21,21,21,21,21,0,0],"gold":169,"neow_bonus":"TWO_FIFTY_GOLD","is_daily":false,"chose_seed":false,"campfire_upgraded":1,"win_rate":0.0,"timestamp":1611578384,"path_taken":["M","$","M","?","?","E","?","E","T","M","M","R","E","?","R","BOSS"],"items_purchased_type":["Relic","Potion"],"build_version":"2020-12-22","purchased_purges":1,"victory":false,"max_hp_per_floor":[80,85,85,85,85,85,85,85,85,85,85,85,85,85,85,85,85],"relic_stats":{"Gremlin Horn":[1,1],"counters":[9,48],"Self Forming Clay":[15],"Orichalcum":[24],"Medical Kit":[2],"obtain_stats":[{"Anchor":6,"Gremlin Horn":8,"Self Forming Clay":13,"Orichalcum":9,"Medical Kit":2,"Ancient Tea Set":4,"Burning Blood":0},{"Anchor":3,"Gremlin Horn":5,"Self Forming Clay":8,"Orichalcum":5,"Medical Kit":1,"Ancient Tea Set":2,"Burning Blood":0},{"Anchor":11,"Gremlin Horn":25,"Self Forming Clay":38,"Orichalcum":25,"Medical Kit":3,"Ancient Tea Set":7,"Burning Blood":0}],"Burning Blood":47},"card_choices":[{"not_picked":["Clothesline","Sword Boomerang","Battle Trance"],"picked":"SKIP","floor":1},{"not_picked":["Intimidate","Entrench"],"picked":"True Grit","floor":3},{"not_picked":["Armaments","Warcry","Clothesline"],"picked":"SKIP","floor":6},{"not_picked":["Thunderclap","Searing Blow"],"picked":"Rage","floor":7},{"not_picked":["Flex","Warcry"],"picked":"Clash","floor":8},{"not_picked":["Hemokinesis","Flame Barrier"],"picked":"True Grit","floor":10},{"not_picked":["Perfected Strike","Carnage","Headbutt"],"picked":"SKIP","floor":11},{"not_picked":["Fire Breathing","Anger"],"picked":"Wild Strike","floor":13}],"player_experience":670172,"relics_obtained":[{"floor":6,"key":"Anchor"},{"floor":8,"key":"Gremlin Horn"},{"floor":9,"key":"Orichalcum"},{"floor":13,"key":"Self Forming Clay"}],"event_choices":[{"damage_healed":0,"gold_gain":0,"player_choice":"Paid Gold","damage_taken":0,"relics_obtained":["Ancient Tea Set"],"max_hp_gain":0,"max_hp_loss":0,"event_name":"WeMeetAgain","floor":4,"gold_loss":55},{"damage_healed":0,"gold_gain":0,"player_choice":"Upgraded","damage_taken":0,"max_hp_gain":0,"max_hp_loss":0,"event_name":"Upgrade Shrine","floor":14,"gold_loss":0,"cards_upgraded":["True Grit"]}],"is_beta":false,"boss_relics":[],"items_purged_floors":[2],"is_endless":false,"potions_floor_spawned":[3,8,10,11],"killed_by":"The Guardian","ascension_level":2}}