{"host":"t7mx8yfj1no5p62f","time":1611594000,"event":{"mods":["BaseMod","Bestiary","Colored Map","Colored Powertips","Minty Spire (QoL Compilation)","Relic Stats","StSLib","ojb\u0027s Info Mod"],"gold_per_floor":[113,125,140,140,9,9,33,33,33,60,60,89,10,21,21,98,98,118,118,21,35,49,49,49],"floor_reached":23,"language":"ENG","playtime":927,"items_purged":[],"score":448,"play_id":"b363dff9-ad9b-4670-b0fe-56655ff50e9f","local_time":"20210125120000","is_ascension_mode":true,"campfire_choices":[{"data":"Inflame","floor":6,"key":"SMITH"},{"data":"Twin Strike","floor":8,"key":"SMITH"},{"data":"Bludgeon","floor":15,"key":"SMITH"}],"circlet_count":0,"master_deck":["AscendersBane","Strike_R","Strike_R","Strike_R","Defend_R","Defend_R","Defend_R","Defend_R","Bash","Twin Strike+1","Iron Wave","Inflame+1","Armaments","Sword Boomerang","Bludgeon+1","True Grit","Burning Pact","Limit Break","Headbutt","Dual Wield","Sword Boomerang+1"],"relics":["SacredBark","Odd Mushroom","Ice Cream","Pantograph","Strawberry","Snecko Eye"],"acts_visited":["Exordium","TheCity"],"potions_floor_usage":[7,10,12,12,16,18,21,23],"damage_taken":[{"damage":7,"enemies":"2 Louse","floor":1,"turns":5},{"damage":9,"enemies":"Jaw Worm","floor":2,"turns":4},{"damage":1,"enemies":"Small Slimes","floor":3,"turns":4},{"damage":7,"enemies":"The Mushroom Lair","floor":7,"turns":6},{"damage":8,"enemies":"Gremlin Nob","floor":10,"turns":3},{"damage":0,"enemies":"Lagavulin","floor":12,"turns":4},{"damage":13,"enemies":"Exordium Thugs","floor":14,"turns":4},{"damage":31,"enemies":"The Guardian","floor":16,"turns":11},{"damage":0,"enemies":"3 Byrds","floor":18,"turns":2},{"damage":21,"enemies":"2 Thieves","floor":21,"turns":3},{"damage":0,"enemies":"Snecko","floor":22,"turns":2},{"damage":48,"enemies":"Slavers","floor":23,"turns":3}],"seed_played":"-2900741567426231672","potions_obtained":[{"floor":2,"key":"DuplicationPotion"},{"floor":10,"key":"EntropicBrew"},{"floor":22,"key":"GamblersBrew"}],"is_trial":false,"path_per_floor":["M","M","M","?","$","R","?","R","T","E","?","E","$","M","R","B",null,"M","?","$","M","M","E"],"character_chosen":"IRONCLAD","items_purchased":["Dexterity Potion","Inflame","True Grit","Dexterity Potion","Dual Wield","PowerPotion"],"campfire_rested":0,"item_purchase_floors":[5,5,13,13,20,20],"current_hp_per_floor":[61,52,51,44,44,44,37,37,37,29,29,36,36,23,23,17,66,66,66,66,45,45,0,0],"gold":49,"neow_bonus":"BOSS_RELIC","is_daily":false,"chose_seed":false,"campfire_upgraded":3,"win_rate":0.0,"timestamp":1611594000,"path_taken":["M","M","M","?","$","R","?","R","T","E","?","E","$","M","R","BOSS","M","?","?","?","M","E"],"items_purchased_type":["Potion","Card","Card","Potion","Card","Potion"],"build_version":"2020-12-22","purchased_purges":0,"victory":false,"max_hp_per_floor":[75,75,75,75,75,75,75,75,75,75,75,82,82,82,82,82,82,82,82,82,82,82,82,82],"relic_stats":{"counters":[12,51],"Pantograph":25,"Snecko Eye":[20,16,13,25],"obtain_stats":[{"Ice Cream":9,"SacredBark":0,"Pantograph":10,"Strawberry":12,"Snecko Eye":17,"Odd Mushroom":7,"Burning Blood":0},{"Ice Cream":4,"SacredBark":0,"Pantograph":5,"Strawberry":6,"Snecko Eye":8,"Odd Mushroom":4,"Burning Blood":0},{"Ice Cream":19,"SacredBark":0,"Pantograph":22,"Strawberry":26,"Snecko Eye":41,"Odd Mushroom":19,"Burning Blood":0}]},"card_choices":[{"not_picked":["Anger","Thunderclap"],"picked":"Twin Strike","floor":1},{"not_picked":["Headbutt","Dark Embrace"],"picked":"Iron Wave","floor":2},{"not_picked":["Sever Soul","Bloodletting","Entrench"],"picked":"SKIP","floor":3},{"not_picked":["Rupture","Flex"],"picked":"Armaments","floor":7},{"not_picked":["Infernal Blade","Blood for Blood"],"picked":"Sword Boomerang","floor":10},{"not_picked":["Offering","Pummel"],"picked":"Bludgeon","floor":12},{"not_picked":["Inflame","Warcry"],"picked":"Burning Pact","floor":14},{"not_picked":["Brutality","Double Tap"],"picked":"Limit Break","floor":16},{"not_picked":["Searing Blow","Inflame","Iron Wave"],"picked":"SKIP","floor":18},{"not_picked":["Clothesline","Flex"],"picked":"Sword Boomerang+1","floor":21},{"not_picked":["Twin Strike","Anger","Metallicize"],"picked":"SKIP","floor":22}],"player_experience":1854319,"relics_obtained":[{"floor":7,"key":"Odd Mushroom"},{"floor":9,"key":"Ice Cream"},{"floor":10,"key":"Pantograph"},{"floor":12,"key":"Strawberry"}],"event_choices":[{"cards_removed":["Strike_R"],"damage_healed":0,"gold_gain":0,"player_choice":"Card Removal","damage_taken":7,"max_hp_gain":0,"max_hp_loss":0,"event_name":"Golden Wing","floor":4,"gold_loss":0},{"damage_healed":0,"gold_gain":0,"player_choice":"Fought Mushrooms","damage_taken":0,"max_hp_gain":0,"max_hp_loss":0,"event_name":"Mushrooms","floor":7,"gold_loss":0},{"damage_healed":0,"gold_gain":0,"player_choice":"Ignored","damage_taken":0,"max_hp_gain":0,"max_hp_loss":0,"event_name":"Liars Game","floor":11,"gold_loss":0},{"damage_healed":0,"gold_gain":0,"cards_transformed":["Strike_R"],"player_choice":"Transformed","damage_taken":0,"max_hp_gain":0,"max_hp_loss":0,"event_name":"Transmorgrifier","floor":19,"gold_loss":0,"cards_obtained":["Headbutt"]}],"is_beta":false,"boss_relics":[{"not_picked":["Coffee Dripper","Philosopher\u0027s Stone"],"picked":"Snecko Eye"}],"items_purged_floors":[],"is_endless":false,"potions_floor_spawned":[2,10,22],"killed_by":"Slavers","ascension_level":20}}