{"host":"rwd7yp9nr3nfpfre","time":1611577959,"event":{"mods":["Act Like it!","BaseMod","Minty Spire (QoL Compilation)","Prisma Mod","StSLib","The Senshi"],"gold_per_floor":[119,119,133,146,161,161,192,202,229,6,31,31,75,110,110,239,239,259,259,174,200,249,261,273,310,310],"floor_reached":25,"language":"ENG","playtime":1879,"items_purged":[],"score":213,"play_id":"590ad91c-9a2d-4d86-993d-3468620256f1","local_time":"20210125133239","is_ascension_mode":false,"campfire_choices":[{"data":"PrismaMod:MiyuCheapStrBuff","floor":6,"key":"SMITH"},{"floor":12,"key":"REST"},{"data":"PrismaMod:MiyuOrbIncreasePerm","floor":15,"key":"SMITH"},{"floor":23,"key":"RECALL"}],"circlet_count":0,"master_deck":["PrismaMod:MiyuCheapChannelAttack","PrismaMod:MiyuCheapChannelDefend","PrismaMod:MiyuUncommonPlate","PrismaMod:MiyuAttackChannelAttack","PrismaMod:MiyuCheapStrBuff+1","PrismaMod:MiyuCheapDefend1","PrismaMod:MiyuUncommonStrBuff","PrismaMod:MiyuUberAttack","PrismaMod:MiyuEvokeBuffStr","PrismaMod:MiyuOrbIncreasePerm+1","PrismaMod:MiyuUncommonStrBuff","PrismaMod:MiyuUncommonDefend","PrismaMod:MiyuChannelAttackEvoke","PrismaMod:MiyuCommonAOEAttack","PrismaMod:MiyuCheapChannelAttack","PrismaMod:MiyuDevil","PrismaMod:MiyuCheapChannelRandom","PrismaMod:MiyuUberAttack","PrismaMod:MiyuChannelAttackEvoke","PrismaMod:MiyuEvokeCheapDefend","PrismaMod:MiyuEvokeAllAttack","PrismaMod:MiyuAttackChannelVul","PrismaMod:MiyuDefenseAbsorbMinor","PrismaMod:MiyuCarnivalAttack+1","PrismaMod:MiyuUncommonAOEAttack"],"relics":["PrismaMod:PrismaSapphire","GremlinMask","Bottled Lightning","Regal Pillow","Dream Catcher","Pandora\u0027s Box","Bronze Scales","MawBank"],"acts_visited":["Exordium","TheCity"],"potions_floor_usage":[7,7,11,16,18,22,25],"damage_taken":[{"damage":0,"enemies":"2 Louse","floor":1,"turns":3},{"damage":0,"enemies":"Cultist","floor":3,"turns":4},{"damage":0,"enemies":"Small Slimes","floor":4,"turns":3},{"damage":13,"enemies":"3 Louse","floor":5,"turns":3},{"damage":8,"enemies":"Lagavulin","floor":7,"turns":6},{"damage":2,"enemies":"Blue Slaver","floor":8,"turns":4},{"damage":1,"enemies":"3 Sentries","floor":11,"turns":7},{"damage":6,"enemies":"Large Slime","floor":13,"turns":6},{"damage":0,"enemies":"2 Fungi Beasts","floor":14,"turns":4},{"damage":8,"enemies":"The Guardian","floor":16,"turns":9},{"damage":33,"enemies":"Chosen","floor":18,"turns":6},{"damage":4,"enemies":"Spheric Guardian","floor":22,"turns":5},{"damage":94,"enemies":"Slavers","floor":25,"turns":4}],"seed_played":"-8707244893702830568","potions_obtained":[{"floor":1,"key":"SteroidPotion"},{"floor":3,"key":"PowerPotion"},{"floor":4,"key":"BlessingOfTheForge"},{"floor":14,"key":"Fire Potion"},{"floor":16,"key":"DuplicationPotion"},{"floor":18,"key":"Regen Potion"}],"is_trial":false,"path_per_floor":["M","?","M","M","M","R","E","M","T","$","E","R","M","M","R","B",null,"M","?","?","T","M","R","?","E"],"character_chosen":"MIYU","items_purchased":["Regal Pillow","Regen Potion"],"campfire_rested":1,"item_purchase_floors":[10,10],"current_hp_per_floor":[82,82,82,82,69,69,61,59,59,59,77,82,80,82,82,76,82,53,80,80,80,82,82,82,0,0],"gold":310,"neow_bonus":"TEN_PERCENT_HP_BONUS","is_daily":false,"chose_seed":false,"campfire_upgraded":2,"win_rate":0.0,"timestamp":1611577959,"path_taken":["M","?","M","M","?","R","E","M","T","$","E","R","M","M","R","BOSS","M","?","?","?","M","R","?","E"],"items_purchased_type":["Relic","Potion"],"build_version":"2020-12-22","purchased_purges":0,"victory":false,"max_hp_per_floor":[82,82,82,82,82,82,82,82,82,82,82,82,82,82,82,82,82,82,82,82,82,82,82,82,82,82],"card_choices":[{"not_picked":["PrismaMod:MiyuCheapChannelAttack","PrismaMod:MiyuCheapChannelDefend"],"picked":"PrismaMod:MiyuUncommonPlate","floor":1},{"not_picked":["PrismaMod:MiyuDefenseExplosion","PrismaMod:MiyuCheapDefend1"],"picked":"PrismaMod:MiyuAttackChannelAttack","floor":3},{"not_picked":["PrismaMod:MiyuCommonAOEAttack","PrismaMod:MiyuCheapDefend1"],"picked":"PrismaMod:MiyuCheapStrBuff","floor":4},{"not_picked":["PrismaMod:MiyuDevil","PrismaMod:MiyuEvokeBuffDex"],"picked":"PrismaMod:MiyuCheapDefend1","floor":5},{"not_picked":["PrismaMod:MiyuCheapChannelRandom","PrismaMod:MiyuCarnivalAttack"],"picked":"PrismaMod:MiyuUncommonStrBuff","floor":7},{"not_picked":["PrismaMod:MiyuUncommonAttack","PrismaMod:MiyuCarnivalAttack"],"picked":"PrismaMod:MiyuUberAttack","floor":8},{"not_picked":["PrismaMod:MiyuCheapChannelDefend","PrismaMod:MiyuUberDefend"],"picked":"PrismaMod:MiyuEvokeBuffStr","floor":11},{"not_picked":["PrismaMod:MiyuCommonAOEAttack","PrismaMod:MiyuUberAOEAttack"],"picked":"PrismaMod:MiyuOrbIncreasePerm","floor":12},{"not_picked":["PrismaMod:MiyuAttackChannelVul","PrismaMod:MiyuDefenseExplosion"],"picked":"PrismaMod:MiyuUncommonStrBuff","floor":13},{"not_picked":["PrismaMod:MiyuCheapChannelRandom","PrismaMod:MiyuUberAOEAttack"],"picked":"PrismaMod:MiyuUncommonDefend","floor":14},{"not_picked":["PrismaMod:MiyuUberDefend","PrismaMod:MiyuDefendChannelDefend"],"picked":"PrismaMod:MiyuChannelAttackEvoke","floor":16},{"not_picked":["PrismaMod:MiyuCheapDefend1+1","PrismaMod:MiyuUncommonPlate+1"],"picked":"PrismaMod:MiyuCarnivalAttack+1","floor":18},{"not_picked":["PrismaMod:MiyuCheapChannelWeak","PrismaMod:MiyuCheapStrBuff"],"picked":"PrismaMod:MiyuUncommonAOEAttack","floor":22}],"player_experience":361082,"relics_obtained":[{"floor":7,"key":"Bottled Lightning"},{"floor":11,"key":"Dream Catcher"},{"floor":21,"key":"MawBank"}],"event_choices":[{"damage_healed":0,"gold_gain":0,"player_choice":"Trade","damage_taken":0,"relics_obtained":["GremlinMask"],"max_hp_gain":0,"max_hp_loss":0,"event_name":"FaceTrader","floor":2,"gold_loss":0},{"damage_healed":27,"gold_gain":0,"player_choice":"Heal","damage_taken":0,"max_hp_gain":0,"max_hp_loss":0,"event_name":"The Library","floor":19,"gold_loss":0},{"damage_healed":0,"gold_gain":0,"player_choice":"Obtained Relic","damage_taken":0,"relics_obtained":["Bronze Scales"],"max_hp_gain":0,"max_hp_loss":0,"event_name":"Addict","floor":20,"gold_loss":85},{"damage_healed":0,"gold_gain":0,"player_choice":"Ignored","damage_taken":0,"max_hp_gain":0,"max_hp_loss":0,"event_name":"The Mausoleum","floor":24,"gold_loss":0}],"is_beta":false,"boss_relics":[{"not_picked":["Cursed Key","Busted Crown"],"picked":"Pandora\u0027s Box"}],"items_purged_floors":[],"is_endless":false,"potions_floor_spawned":[1,3,4,14,16,18],"killed_by":"Slavers","ascension_level":0}}