{"host":"fdq5pmhluajjrf8d","time":1611535252,"event":{"mods":["BaseMod","Minty Spire (QoL Compilation)"],"gold_per_floor":[118,129,143,163,177,177,191,241,241,271,290,290,290,304,304,377,377,394,133,113,113,113],"floor_reached":21,"language":"ENG","playtime":876,"items_purged":[],"score":370,"play_id":"872b3049-291c-4d2b-bfba-2177dadc7d99","local_time":"20210124194052","is_ascension_mode":true,"campfire_choices":[{"data":"Zap","floor":6,"key":"SMITH"},{"floor":12,"key":"REST"},{"data":"Streamline","floor":15,"key":"SMITH"}],"circlet_count":0,"master_deck":["AscendersBane","Strike_B","Strike_B","Strike_B","Defend_B","Defend_B","Defend_B","Zap+1","Dualcast","Self Repair","Gash","Core Surge","Hologram","Streamline+1","Echo Form","FTL"],"relics":["Cracked Core","HornCleat","Matryoshka","Empty Cage","Runic Capacitor"],"acts_visited":["Exordium","TheCity"],"potions_floor_usage":[10,16,16],"damage_taken":[{"damage":4,"enemies":"Small Slimes","floor":1,"turns":4},{"damage":0,"enemies":"2 Louse","floor":2,"turns":3},{"damage":9,"enemies":"Jaw Worm","floor":3,"turns":4},{"damage":12,"enemies":"Looter","floor":4,"turns":3},{"damage":12,"enemies":"2 Fungi Beasts","floor":5,"turns":4},{"damage":11,"enemies":"Blue Slaver","floor":7,"turns":4},{"damage":28,"enemies":"Gremlin Nob","floor":10,"turns":4},{"damage":16,"enemies":"Exordium Wildlife","floor":11,"turns":4},{"damage":0,"enemies":"Large Slime","floor":14,"turns":4},{"damage":43,"enemies":"The Guardian","floor":16,"turns":14},{"damage":18,"enemies":"Chosen","floor":18,"turns":4},{"damage":22,"enemies":"2 Thieves","floor":20,"turns":4},{"damage":40,"enemies":"Centurion and Healer","floor":21,"turns":4}],"seed_played":"-9082506597431706537","potions_obtained":[{"floor":1,"key":"Dexterity Potion"},{"floor":4,"key":"Swift Potion"},{"floor":14,"key":"SkillPotion"}],"is_trial":false,"path_per_floor":["M","M","M","M","M","R","M","?","T","E","M","R","?","M","R","B",null,"M","$","M","M"],"character_chosen":"DEFECT","items_purchased":["FTL","Runic Capacitor"],"campfire_rested":1,"item_purchase_floors":[19,19],"current_hp_per_floor":[67,74,72,67,62,62,58,58,58,30,21,44,70,70,70,34,67,49,49,34,0,0],"gold":113,"neow_bonus":"TEN_PERCENT_HP_BONUS","is_daily":false,"chose_seed":false,"campfire_upgraded":2,"win_rate":0.0,"timestamp":1611535252,"path_taken":["M","M","M","M","M","R","M","?","T","E","M","R","?","?","R","BOSS","M","$","M","M"],"items_purchased_type":["Card","Relic"],"build_version":"2020-12-22","purchased_purges":0,"victory":false,"max_hp_per_floor":[78,78,78,78,78,78,78,78,78,78,78,78,78,78,78,78,78,78,78,78,78,78],"card_choices":[{"not_picked":["Steam Power","Beam Cell"],"picked":"Self Repair","floor":1},{"not_picked":["Double Energy","Genetic Algorithm"],"picked":"Gash","floor":2},{"not_picked":["Barrage","Sweeping Beam","Coolheaded"],"picked":"SKIP","floor":3},{"not_picked":["Barrage","Stack"],"picked":"Core Surge","floor":4},{"not_picked":["Ball Lightning","Chaos","Sweeping Beam"],"picked":"SKIP","floor":5},{"not_picked":["Ball Lightning","Steam Power","Lockon"],"picked":"SKIP","floor":7},{"not_picked":["Streamline","Barrage"],"picked":"Hologram","floor":10},{"not_picked":["Barrage","Redo"],"picked":"Streamline","floor":11},{"not_picked":["Rip and Tear","Ball Lightning","Sweeping Beam"],"picked":"SKIP","floor":14},{"not_picked":["Machine Learning","Seek"],"picked":"Echo Form","floor":16},{"not_picked":["Ball Lightning","Hello World","Genetic Algorithm"],"picked":"SKIP","floor":18},{"not_picked":["Coolheaded","Stack","Ball Lightning"],"picked":"SKIP","floor":20}],"player_experience":1934063,"relics_obtained":[{"floor":9,"key":"HornCleat"},{"floor":10,"key":"Matryoshka"}],"event_choices":[{"damage_healed":0,"gold_gain":50,"player_choice":"Gained Gold","damage_taken":0,"max_hp_gain":0,"max_hp_loss":0,"event_name":"Golden Wing","floor":8,"gold_loss":0},{"damage_healed":26,"gold_gain":0,"player_choice":"Banana","damage_taken":0,"max_hp_gain":0,"max_hp_loss":0,"event_name":"Big Fish","floor":13,"gold_loss":0}],"is_beta":false,"boss_relics":[{"not_picked":["Fusion Hammer","Pandora\u0027s Box"],"picked":"Empty Cage"}],"items_purged_floors":[],"is_endless":false,"potions_floor_spawned":[1,4,5,14],"killed_by":"Centurion and Healer","ascension_level":20}}