{"host":"kpyoctgc7jne3jiy","time":1611594531,"event":{"mods":["AchievementEnabler","BaseMod","Minty Spire (QoL Compilation)","Relic Stats"],"gold_per_floor":[112,128,145,163,163,191,191,202,227,256,266,266,296,309,309,409,409,424,524,47,20,20,53,53,82,82,111,183,203,203,203,203,302,302,321,301,45,62,75,100,100,130,130,155,170,45,57,75,75,75],"floor_reached":51,"language":"ENG","playtime":2935,"items_purged":["Strike_P","Defend_P","Regret"],"score":1082,"play_id":"dc13d495-8b9f-4e04-8ce8-6d63ec6537ad","local_time":"20210125180851","is_ascension_mode":true,"campfire_choices":[{"data":"Wallop","floor":7.0,"key":"SMITH"},{"data":"Conclude","floor":12.0,"key":"SMITH"},{"data":"CrushJoints","floor":15.0,"key":"SMITH"},{"data":"Vigilance","floor":24.0,"key":"SMITH"},{"data":"Halt","floor":30.0,"key":"SMITH"},{"data":"Evaluate","floor":32.0,"key":"SMITH"},{"floor":49.0,"key":"REST"}],"circlet_count":0,"master_deck":["Strike_P+1","Strike_P+1","Defend_P+1","Defend_P+1","Defend_P","Eruption","Vigilance+1","Conclude+1","EmptyBody","Wallop+1","Protect+1","FlurryOfBlows","CutThroughFate+1","Sanctity+1","CrushJoints+1","LessonLearned+1","Evaluate+1","Halt+1","Tantrum+1","Parasite","Protect+1","Omniscience","Fasting2","ThirdEye+1","Vengeance","WindmillStrike+1","Clumsy","Clumsy","Evaluate+1","TalkToTheHand+1"],"relics":["Snecko Eye","Toy Ornithopter","Tiny Chest","Oddly Smooth Stone","Akabeko","Cursed Key","Darkstone Periapt","Toolbox","Lantern","Damaru","War Paint","TeardropLocket","Question Card","Nilry\u0027s Codex","Philosopher\u0027s Stone","Orichalcum","Ancient Tea Set","InkBottle","PreservedInsect","Potion Belt"],"acts_visited":["Exordium","TheCity","TheBeyond"],"potions_floor_usage":[50],"damage_taken":[{"damage":0.0,"enemies":"Small Slimes","floor":1.0,"turns":2.0},{"damage":0.0,"enemies":"Cultist","floor":2.0,"turns":2.0},{"damage":0.0,"enemies":"Jaw Worm","floor":3.0,"turns":2.0},{"damage":0.0,"enemies":"Lots of Slimes","floor":4.0,"turns":1.0},{"damage":0.0,"enemies":"3 Sentries","floor":6.0,"turns":5.0},{"damage":0.0,"enemies":"2 Fungi Beasts","floor":8.0,"turns":2.0},{"damage":16.0,"enemies":"Gremlin Nob","floor":10.0,"turns":4.0},{"damage":4.0,"enemies":"Large Slime","floor":11.0,"turns":6.0},{"damage":0.0,"enemies":"3 Sentries","floor":13.0,"turns":5.0},{"damage":0.0,"enemies":"Exordium Thugs","floor":14.0,"turns":3.0},{"damage":6.0,"enemies":"Slime Boss","floor":16.0,"turns":6.0},{"damage":7.0,"enemies":"2 Thieves","floor":18.0,"turns":5.0},{"damage":18.0,"enemies":"Gremlin Leader","floor":23.0,"turns":5.0},{"damage":0.0,"enemies":"Slavers","floor":25.0,"turns":5.0},{"damage":3.0,"enemies":"Book of Stabbing","floor":27.0,"turns":4.0},{"damage":4.0,"enemies":"Chosen","floor":29.0,"turns":4.0},{"damage":36.0,"enemies":"Automaton","floor":33.0,"turns":11.0},{"damage":6.0,"enemies":"3 Shapes","floor":35.0,"turns":3.0},{"damage":2.0,"enemies":"Orb Walker","floor":38.0,"turns":2.0},{"damage":0.0,"enemies":"3 Darklings","floor":39.0,"turns":2.0},{"damage":3.0,"enemies":"Nemesis","floor":40.0,"turns":3.0},{"damage":44.0,"enemies":"Reptomancer","floor":42.0,"turns":7.0},{"damage":10.0,"enemies":"Spire Growth","floor":45.0,"turns":4.0},{"damage":0.0,"enemies":"Sphere and 2 Shapes","floor":47.0,"turns":2.0},{"damage":0.0,"enemies":"4 Shapes","floor":48.0,"turns":9.0},{"damage":98,"enemies":"Donu and Deca","floor":50,"turns":10}],"seed_played":"1518029845463371255","potions_obtained":[{"floor":1.0,"key":"FairyPotion"},{"floor":2.0,"key":"SpeedPotion"},{"floor":4.0,"key":"Ancient Potion"},{"floor":11.0,"key":"EntropicBrew"},{"floor":14.0,"key":"GamblersBrew"},{"floor":16.0,"key":"Weak Potion"},{"floor":27.0,"key":"Strength Potion"},{"floor":33.0,"key":"SneckoOil"},{"floor":36.0,"key":"CultistPotion"},{"floor":38.0,"key":"SmokeBomb"},{"floor":39.0,"key":"Block Potion"},{"floor":47.0,"key":"Block Potion"}],"is_trial":false,"path_per_floor":["M","M","M","M","?","E","R","M","T","E","M","R","E","M","R","B",null,"M","?","$","$","?","E","R","E","T","E","T","M","R","?","R","B",null,"M","?","$","M","M","E","$","E","T","T","M","$","M","M","R","B",null],"character_chosen":"WATCHER","items_purchased":["Darkstone Periapt","Toolbox","Halt","Orichalcum"],"campfire_rested":1,"item_purchase_floors":[20,20,21,37],"current_hp_per_floor":[72,72,72,72,77,77,77,77,77,61,57,57,67,67,67,61,77,70,70,70,70,70,57,57,57,63,60,66,62,62,46,46,10,89,83,83,83,81,81,78,78,39,45,51,41,41,41,41,71,30],"gold":75,"neow_bonus":"BOSS_RELIC","is_daily":false,"chose_seed":false,"campfire_upgraded":6,"win_rate":0.0,"timestamp":1611594531,"path_taken":["M","M","M","M","?","E","R","M","T","E","M","R","E","M","R","BOSS","M","?","?","$","?","E","R","E","T","E","?","M","R","?","R","BOSS","M","?","?","M","M","E","$","E","T","?","M","$","?","M","R","BOSS"],"items_purchased_type":["Relic","Relic","Card","Relic"],"build_version":"2020-12-22","purchased_purges":3,"victory":true,"max_hp_per_floor":[72,72,72,72,77,77,77,77,77,77,77,77,77,77,77,77,77,77,77,77,77,77,77,77,77,83,83,89,89,89,89,89,89,89,89,89,89,89,89,89,89,89,95,101,101,101,101,101,101,101],"relic_stats":{"Darkstone Periapt":24,"counters":[26,114],"Snecko Eye":[228,194,198,187],"Tiny Chest":2,"PreservedInsect":0,"War Paint":["Protect","Defend_P"],"Orichalcum":[42],"Cursed Key":4,"Question Card":10,"obtain_stats":[{"Darkstone Periapt":20,"Potion Belt":44,"Lantern":23,"Nilry\u0027s Codex":31,"Oddly Smooth Stone":10,"Damaru":25,"PreservedInsect":43,"TeardropLocket":27,"War Paint":26,"Orichalcum":37,"Cursed Key":17,"Question Card":28,"Ancient Tea Set":40,"Akabeko":13,"Snecko Eye":0,"Toolbox":20,"Tiny Chest":9,"Philosopher\u0027s Stone":34,"PureWater":0,"Toy Ornithopter":6,"InkBottle":42},{"Darkstone Periapt":12,"Potion Belt":22,"Lantern":13,"Nilry\u0027s Codex":16,"Oddly Smooth Stone":7,"Damaru":14,"PreservedInsect":22,"TeardropLocket":15,"War Paint":14,"Orichalcum":18,"Cursed Key":11,"Question Card":15,"Ancient Tea Set":21,"Akabeko":9,"Snecko Eye":0,"Toolbox":12,"Tiny Chest":6,"Philosopher\u0027s Stone":17,"PureWater":0,"Toy Ornithopter":5,"InkBottle":22},{"Darkstone Periapt":43,"Potion Belt":89,"Lantern":48,"Nilry\u0027s Codex":61,"Oddly Smooth Stone":18,"Damaru":53,"PreservedInsect":89,"TeardropLocket":57,"War Paint":53,"Orichalcum":75,"Cursed Key":38,"Question Card":57,"Ancient Tea Set":82,"Akabeko":29,"Snecko Eye":0,"Toolbox":43,"Tiny Chest":14,"Philosopher\u0027s Stone":72,"PureWater":0,"Toy Ornithopter":12,"InkBottle":89}],"Toy Ornithopter":25,"InkBottle":[11]},"card_choices":[{"not_picked":["EmptyFist","WindmillStrike"],"picked":"Conclude","floor":1.0},{"not_picked":["Collect","FearNoEvil"],"picked":"EmptyBody","floor":2.0},{"not_picked":["PathToVictory","EmptyFist"],"picked":"Wallop","floor":3.0},{"not_picked":["EmptyFist","Adaptation"],"picked":"Protect","floor":4.0},{"not_picked":["FollowUp","DeusExMachina"],"picked":"FlurryOfBlows","floor":6.0},{"not_picked":["JustLucky","Consecrate"],"picked":"CutThroughFate","floor":8.0},{"not_picked":["ClearTheMind","BowlingBash","Judgement"],"picked":"SKIP","floor":10.0},{"not_picked":["BowlingBash","EmptyBody"],"picked":"Sanctity","floor":11.0},{"not_picked":["JustLucky","EmptyFist","FollowUp"],"picked":"SKIP","floor":13.0},{"not_picked":["Brilliance","JustLucky"],"picked":"CrushJoints","floor":14.0},{"not_picked":["Vault","SpiritShield"],"picked":"LessonLearned","floor":16.0},{"not_picked":["PathToVictory","Crescendo"],"picked":"Evaluate","floor":18.0},{"not_picked":["BowlingBash+1","SashWhip","Study"],"picked":"SKIP","floor":23.0},{"not_picked":["CarveReality","FollowUp"],"picked":"Tantrum+1","floor":25.0},{"not_picked":["FollowUp","FlyingSleeves","SignatureMove"],"picked":"SKIP","floor":27.0},{"not_picked":["Wireheading","SashWhip+1","FlurryOfBlows"],"picked":"Protect+1","floor":29.0},{"not_picked":["Devotion","Alpha","SpiritShield"],"picked":"Omniscience","floor":33.0},{"not_picked":["CutThroughFate","Evaluate+1","ReachHeaven+1"],"picked":"Fasting2","floor":35.0},{"not_picked":["FlyingSleeves","EmptyFist+1","Protect"],"picked":"ThirdEye+1","floor":38.0},{"not_picked":["Blasphemy","FlyingSleeves+1","Evaluate+1"],"picked":"Vengeance","floor":39.0},{"not_picked":["JustLucky","Sanctity+1","EmptyFist+1"],"picked":"WindmillStrike+1","floor":40.0},{"not_picked":["ThirdEye","Sanctity+1","Evaluate","BowlingBash"],"picked":"SKIP","floor":42.0},{"not_picked":["Protect+1","CutThroughFate+1","Alpha"],"picked":"Evaluate+1","floor":45.0},{"not_picked":["EmptyFist+1","FollowUp+1","CutThroughFate"],"picked":"TalkToTheHand","floor":47.0},{"not_picked":["Indignation+1","Crescendo+1","ClearTheMind","BattleHymn"],"picked":"SKIP","floor":48.0}],"player_experience":324601,"relics_obtained":[{"floor":6.0,"key":"Toy Ornithopter"},{"floor":9.0,"key":"Tiny Chest"},{"floor":10.0,"key":"Oddly Smooth Stone"},{"floor":13.0,"key":"Akabeko"},{"floor":23.0,"key":"Lantern"},{"floor":25.0,"key":"Damaru"},{"floor":26.0,"key":"War Paint"},{"floor":27.0,"key":"TeardropLocket"},{"floor":28.0,"key":"Question Card"},{"floor":31.0,"key":"Nilry\u0027s Codex"},{"floor":40.0,"key":"Ancient Tea Set"},{"floor":42.0,"key":"InkBottle"},{"floor":43.0,"key":"PreservedInsect"},{"floor":44.0,"key":"Potion Belt"}],"event_choices":[{"damage_healed":0.0,"max_hp_gain":5.0,"max_hp_loss":0.0,"gold_gain":0.0,"event_name":"Big Fish","player_choice":"Donut","floor":5.0,"gold_loss":0.0,"damage_taken":0.0},{"damage_healed":0.0,"max_hp_gain":0.0,"max_hp_loss":0.0,"gold_gain":100.0,"event_name":"Golden Shrine","player_choice":"Pray","floor":19.0,"gold_loss":0.0,"damage_taken":0.0},{"cards_removed":["Strike_P"],"damage_healed":0.0,"max_hp_gain":0.0,"max_hp_loss":0.0,"gold_gain":0.0,"event_name":"Purifier","player_choice":"Purged","floor":22.0,"gold_loss":0.0,"damage_taken":0.0},{"damage_healed":0.0,"max_hp_gain":0.0,"max_hp_loss":0.0,"gold_gain":0.0,"event_name":"Cursed Tome","player_choice":"Obtained Book","floor":31.0,"gold_loss":0.0,"damage_taken":16.0},{"damage_healed":0.0,"max_hp_gain":0.0,"max_hp_loss":0.0,"gold_gain":0.0,"event_name":"The Woman in Blue","player_choice":"Bought 1 Potion","floor":36.0,"gold_loss":0.0,"damage_taken":0.0}],"is_beta":false,"boss_relics":[{"not_picked":["Velvet Choker","Ectoplasm"],"picked":"Cursed Key"},{"not_picked":["Empty Cage","Runic Pyramid"],"picked":"Philosopher\u0027s Stone"}],"items_purged_floors":[20,37,46],"is_endless":false,"potions_floor_spawned":[1,2,4,11,14,16,27,33,38,39,40,47],"ascension_level":4}}