{"host":"kywtqy4o43fs5yna","time":1611553229,"event":{"mods":["AchievementEnabler","Act Like it!","BaseMod","Better Note","BetterRewards","Colored Map","Minty Spire (QoL Compilation)","Quick Restart","Rare Cards Sparkle","StSLib","SuperFastMode"],"gold_per_floor":[119,50,50,50,50,50,50,63,63,81,97,61,61,136,136,257,257,281,56,56,71,86,86,124,124,124,149,192,206,66,110,110,235,298,322,345,152,176,176,210,210,223,275,316,332,332,25,56,56,56,56,56,2,37,37],"floor_reached":56,"language":"RUS","playtime":2151,"items_purged":["Writhe"],"score":1635,"play_id":"4335dc07-459f-4132-80d1-adea888b1a59","local_time":"20210125154029","is_ascension_mode":true,"campfire_choices":[{"data":"Madness","floor":6,"key":"SMITH"},{"data":"Chill","floor":13,"key":"SMITH"},{"data":"Storm","floor":15,"key":"SMITH"},{"data":"Capacitor","floor":23,"key":"SMITH"},{"data":"Capacitor","floor":25,"key":"SMITH"},{"data":"Thunder Strike","floor":32,"key":"SMITH"},{"floor":41,"key":"REST"},{"floor":49,"key":"RECALL"},{"data":"Defragment","floor":52,"key":"SMITH"}],"circlet_count":0,"master_deck":["Strike_B","Defend_B","Defend_B","Defend_B","Defend_B","Zap","Dualcast","Self Repair+1","Madness+1","Capacitor+1","Capacitor+1","Ball Lightning","Chill+1","Ball Lightning","Storm+1","Thunder Strike+1","Static Discharge+1","Reinforced Body+1","Storm+1","Ball Lightning","Static Discharge","Self Repair","Buffer","Biased Cognition","Barrage+1","Chaos+1","Defragment+1","Tempest+1","Storm+1","Self Repair","Storm","Static Discharge","Static Discharge","Defragment+1","Buffer","Capacitor"],"relics":["Cracked Core","Lantern","Bag of Preparation","Runic Capacitor","DataDisk","Mango","Golden Idol","FaceOfCleric","Bird Faced Urn","Astrolabe","ClockworkSouvenir","Enchiridion","Dream Catcher","Symbiotic Virus","Singing Bowl","The Courier","Tiny House","Mummified Hand","Thread and Needle","Anchor","Akabeko","Calipers","Centennial Puzzle"],"acts_visited":["Exordium","TheCity","TheBeyond","TheEnding"],"potions_floor_usage":[33],"damage_taken":[{"damage":0,"enemies":"Small Slimes","floor":1,"turns":3},{"damage":2,"enemies":"Jaw Worm","floor":8,"turns":2},{"damage":1,"enemies":"Cultist","floor":10,"turns":3},{"damage":11,"enemies":"Red Slaver","floor":11,"turns":3},{"damage":4,"enemies":"Slime Boss","floor":16,"turns":6},{"damage":9,"enemies":"Chosen","floor":18,"turns":3},{"damage":0,"enemies":"Spheric Guardian","floor":21,"turns":2},{"damage":15,"enemies":"Snake Plant","floor":22,"turns":1},{"damage":16,"enemies":"Book of Stabbing","floor":24,"turns":3},{"damage":0,"enemies":"Centurion and Healer","floor":27,"turns":2},{"damage":16,"enemies":"Gremlin Leader","floor":28,"turns":4},{"damage":0,"enemies":"Cultist and Chosen","floor":29,"turns":3},{"damage":24,"enemies":"Book of Stabbing","floor":31,"turns":3},{"damage":34,"enemies":"Automaton","floor":33,"turns":5},{"damage":3,"enemies":"3 Darklings","floor":35,"turns":3},{"damage":13,"enemies":"Orb Walker","floor":36,"turns":2},{"damage":0,"enemies":"4 Shapes","floor":38,"turns":2},{"damage":34,"enemies":"Nemesis","floor":40,"turns":3},{"damage":0,"enemies":"Writhing Mass","floor":42,"turns":2},{"damage":0,"enemies":"Reptomancer","floor":44,"turns":3},{"damage":0,"enemies":"Spire Growth","floor":45,"turns":2},{"damage":0,"enemies":"Giant Head","floor":48,"turns":4},{"damage":10,"enemies":"Time Eater","floor":50,"turns":3},{"damage":8,"enemies":"Shield and Spear","floor":54,"turns":3},{"damage":79,"enemies":"The Heart","floor":55,"turns":5}],"seed_played":"6273300794220228549","potions_obtained":[{"floor":11,"key":"FearPotion"},{"floor":21,"key":"SkillPotion"},{"floor":27,"key":"LiquidMemories"},{"floor":40,"key":"Fire Potion"}],"is_trial":false,"path_per_floor":["M","$","?","T","?","R","?","M","T","M","M","$","R","?","R","B",null,"M","$","?","M","M","R","E","R","T","M","E","M","$","E","R","B",null,"M","M","$","M","?","E","R","M","T","E","M","?","$","E","R","B",null,"R","$","E","B",null],"character_chosen":"DEFECT","items_purchased":["Self Repair","Lantern","Bag of Preparation","Runic Capacitor","DataDisk","Capacitor","Storm","ClockworkSouvenir","Buffer","Mummified Hand","Self Repair","Storm","Static Discharge","Static Discharge","Defragment","Capacitor"],"campfire_rested":1,"item_purchase_floors":[0,0,0,0,0,2,12,19,30,37,47,47,47,47,47,53],"current_hp_per_floor":[47,47,43,43,43,43,43,49,49,60,61,61,61,50,50,62,93,94,94,78,87,81,81,89,89,89,98,101,104,104,98,98,98,113,116,104,104,118,118,112,123,124,124,127,128,128,128,129,129,130,130,130,130,133,83],"gold":37,"neow_bonus":"","is_daily":false,"chose_seed":false,"campfire_upgraded":7,"win_rate":0.0,"timestamp":1611553229,"path_taken":["M","$","?","?","?","R","?","?","T","M","M","?","R","?","R","BOSS","M","$","?","M","M","R","E","R","T","M","E","M","$","E","R","BOSS","M","M","$","M","?","E","R","M","T","E","?","?","$","E","R","BOSS","R","$","E","BOSS"],"items_purchased_type":["Card","Relic","Relic","Relic","Relic","Card","Card","Relic","Card","Relic","Card","Card","Card","Card","Card","Card"],"build_version":"2020-12-22","purchased_purges":1,"victory":true,"max_hp_per_floor":[75,75,89,89,89,89,89,90,90,91,92,92,92,92,92,93,93,94,94,94,95,96,96,97,97,97,98,101,104,104,107,107,108,113,116,117,117,118,118,121,123,124,124,127,128,128,128,129,129,130,130,130,130,133,134],"card_choices":[{"not_picked":["Streamline","Beam Cell"],"picked":"Capacitor","floor":1},{"not_picked":["Hologram","Streamline"],"picked":"Ball Lightning","floor":8},{"not_picked":["Barrage","Beam Cell"],"picked":"Chill","floor":10},{"not_picked":["Stack","Rip and Tear"],"picked":"Ball Lightning","floor":11},{"not_picked":["All For One","Hyperbeam"],"picked":"Thunder Strike","floor":16},{"not_picked":["Beam Cell","White Noise"],"picked":"Storm+1","floor":18},{"not_picked":["Undo","Barrage"],"picked":"Ball Lightning","floor":21},{"not_picked":["Turbo","Barrage+1"],"picked":"Static Discharge","floor":22},{"not_picked":["Leap","Conserve Battery+1","Darkness"],"picked":"SKIP","floor":24},{"not_picked":["Chill","Barrage+1"],"picked":"Self Repair","floor":27},{"not_picked":["Skim+1","Compile Driver","Rebound"],"picked":"Singing Bowl","floor":28},{"not_picked":["Stack","Barrage","Compile Driver"],"picked":"Singing Bowl","floor":29},{"not_picked":["Cold Snap","Beam Cell","All For One"],"picked":"Singing Bowl","floor":31},{"not_picked":["Multi-Cast","Seek"],"picked":"Biased Cognition","floor":33},{"not_picked":["Beam Cell","Compile Driver"],"picked":"Barrage+1","floor":34},{"not_picked":["Barrage+1","Go for the Eyes","Melter"],"picked":"Singing Bowl","floor":35},{"not_picked":["Steam Power+1","Streamline"],"picked":"Chaos+1","floor":36},{"not_picked":["Ball Lightning+1","BootSequence"],"picked":"Defragment+1","floor":38},{"not_picked":["Go for the Eyes+1","Beam Cell+1","Leap"],"picked":"Singing Bowl","floor":40},{"not_picked":["Gash","Skim+1","Beam Cell"],"picked":"Singing Bowl","floor":41},{"not_picked":["Capacitor+1","Go for the Eyes+1"],"picked":"Tempest+1","floor":42},{"not_picked":["Scrape+1","Streamline+1","Blizzard"],"picked":"Singing Bowl","floor":44},{"not_picked":["Biased Cognition","Steam"],"picked":"Storm+1","floor":45},{"not_picked":["Leap","Multi-Cast"],"picked":"Buffer","floor":48},{"not_picked":["Fission","Force Field","Streamline"],"picked":"Singing Bowl","floor":54}],"player_experience":199425,"relics_obtained":[{"floor":9,"key":"Bird Faced Urn"},{"floor":20,"key":"Enchiridion"},{"floor":24,"key":"Dream Catcher"},{"floor":26,"key":"Symbiotic Virus"},{"floor":28,"key":"Singing Bowl"},{"floor":31,"key":"The Courier"},{"floor":40,"key":"Thread and Needle"},{"floor":43,"key":"Anchor"},{"floor":44,"key":"Akabeko"},{"floor":48,"key":"Calipers"},{"floor":54,"key":"Centennial Puzzle"}],"event_choices":[{"damage_healed":0,"gold_gain":0,"player_choice":"Success","damage_taken":18,"relics_obtained":["Mango"],"max_hp_gain":0,"max_hp_loss":0,"event_name":"Scrap Ooze","floor":3,"gold_loss":0},{"damage_healed":0,"gold_gain":0,"player_choice":"Take Wound","damage_taken":0,"relics_obtained":["Golden Idol"],"max_hp_gain":0,"max_hp_loss":0,"event_name":"Golden Idol","floor":5,"gold_loss":0,"cards_obtained":["Injury"]},{"damage_healed":0,"gold_gain":0,"player_choice":"Trade","damage_taken":0,"relics_obtained":["FaceOfCleric"],"max_hp_gain":0,"max_hp_loss":0,"event_name":"FaceTrader","floor":7,"gold_loss":0},{"damage_healed":0,"gold_gain":75,"player_choice":"Gather Gold","damage_taken":11,"max_hp_gain":0,"max_hp_loss":0,"event_name":"World of Goop","floor":14,"gold_loss":0},{"damage_healed":0,"gold_gain":0,"player_choice":"Obtained Book","damage_taken":16,"max_hp_gain":0,"max_hp_loss":0,"event_name":"Cursed Tome","floor":20,"gold_loss":0},{"cards_removed":["Strike_B"],"damage_healed":0,"gold_gain":0,"player_choice":"Offered Basic","damage_taken":0,"max_hp_gain":0,"max_hp_loss":0,"event_name":"Bonfire Elementals","floor":39,"gold_loss":0},{"damage_healed":0,"gold_gain":0,"player_choice":"Bought 0 Potions","damage_taken":0,"max_hp_gain":0,"max_hp_loss":0,"event_name":"The Woman in Blue","floor":46,"gold_loss":0}],"is_beta":false,"boss_relics":[{"not_picked":["Runic Dome","Fusion Hammer"],"picked":"Astrolabe"},{"not_picked":["Snecko Eye","Calling Bell"],"picked":"Tiny House"}],"items_purged_floors":[19],"is_endless":false,"potions_floor_spawned":[11,21,27,28,31,36,40,48],"ascension_level":4}}