{"host":"opyh6vr790e42ffe","time":1611563434,"event":{"mods":["BaseMod","Bestiary","Colored Map","Highlight Path","Minty Spire (QoL Compilation)","Relic Stats","StSLib"],"gold_per_floor":[111,129,148,161,161,161,195,225,225,256,270,270,284,309,309,412,412,423,433,433,433,70,104,114,134,134,134,10,20,54,64,64,165,165,181,181,198,209,226,254,270,302,302,336,336,64,64,89,89,89,89,89,13,48,48],"floor_reached":56,"language":"ENG","playtime":3027,"items_purged":["Pain","Strike_R+1","Strike_R+1"],"score":1534,"play_id":"d675737a-57ab-4025-bf9f-046c6317681f","local_time":"20210125003034","is_ascension_mode":true,"campfire_choices":[{"data":"Power Through","floor":6.0,"key":"SMITH"},{"floor":12.0,"key":"REST"},{"floor":15.0,"key":"DIG"},{"floor":27.0,"key":"DIG"},{"floor":32.0,"key":"REST"},{"floor":47.0,"key":"DIG"},{"floor":49.0,"key":"RECALL"},{"floor":52,"key":"DIG"}],"circlet_count":0,"master_deck":["Strike_R+1","Strike_R+1","Strike_R+1","Defend_R+1","Defend_R+1","Defend_R+1","Defend_R+1","Bash+1","Cleave","Power Through+1","Sever Soul","Twin Strike","Fiend Fire+1","Uppercut+1","Evolve","Feel No Pain","Sentinel","Exhume","Rage+1","Disarm+1","Shockwave","Spot Weakness","True Grit","Sentinel+1","Reaper","Combust","Reaper","Shrug It Off+1","Metallicize","Feel No Pain","Flame Barrier+1","Dark Embrace+1","Battle Trance","Pommel Strike+1","Juggernaut","Armaments","Body Slam","Shockwave+1"],"relics":["Burning Blood","Regal Pillow","Bottled Flame","Gremlin Horn","Question Card","Paper Frog","Shovel","Lantern","Fusion Hammer","WarpedTongs","TungstenRod","White Beast Statue","Mummified Hand","Mercury Hourglass","Pen Nib","Black Star","Pear","Happy Flower","InkBottle","Shuriken","Ornamental Fan","Sundial","Nunchaku","Whetstone","Boot","Bag of Marbles","Bottled Lightning","Gambling Chip","Torii"],"acts_visited":["Exordium","TheCity","TheBeyond","TheEnding"],"potions_floor_usage":[50,55,55],"damage_taken":[{"damage":6.0,"enemies":"Cultist","floor":1.0,"turns":4.0},{"damage":9.0,"enemies":"Jaw Worm","floor":2.0,"turns":4.0},{"damage":10.0,"enemies":"Small Slimes","floor":3.0,"turns":3.0},{"damage":6.0,"enemies":"3 Louse","floor":4.0,"turns":5.0},{"damage":36.0,"enemies":"Lagavulin","floor":7.0,"turns":7.0},{"damage":28.0,"enemies":"Gremlin Nob","floor":10.0,"turns":4.0},{"damage":8.0,"enemies":"Blue Slaver","floor":11.0,"turns":3.0},{"damage":7.0,"enemies":"Lots of Slimes","floor":13.0,"turns":3.0},{"damage":18.0,"enemies":"Lagavulin","floor":14.0,"turns":7.0},{"damage":40.0,"enemies":"Slime Boss","floor":16.0,"turns":11.0},{"damage":4.0,"enemies":"Spheric Guardian","floor":18.0,"turns":4.0},{"damage":26.0,"enemies":"2 Thieves","floor":19.0,"turns":5.0},{"damage":6.0,"enemies":"Book of Stabbing","floor":23.0,"turns":6.0},{"damage":15.0,"enemies":"Snake Plant","floor":24.0,"turns":3.0},{"damage":11.0,"enemies":"Centurion and Healer","floor":25.0,"turns":6.0},{"damage":10.0,"enemies":"Snecko","floor":29.0,"turns":5.0},{"damage":26.0,"enemies":"Slavers","floor":30.0,"turns":6.0},{"damage":5.0,"enemies":"Snake Plant","floor":31.0,"turns":4.0},{"damage":69.0,"enemies":"Collector","floor":33.0,"turns":8.0},{"damage":12.0,"enemies":"3 Darklings","floor":35.0,"turns":5.0},{"damage":10.0,"enemies":"3 Shapes","floor":37.0,"turns":4.0},{"damage":20.0,"enemies":"Jaw Worm Horde","floor":38.0,"turns":5.0},{"damage":12.0,"enemies":"4 Shapes","floor":39.0,"turns":3.0},{"damage":23.0,"enemies":"Giant Head","floor":40.0,"turns":11.0},{"damage":3.0,"enemies":"Sphere and 2 Shapes","floor":41.0,"turns":3.0},{"damage":0.0,"enemies":"Nemesis","floor":42.0,"turns":7.0},{"damage":11.0,"enemies":"Giant Head","floor":44.0,"turns":10.0},{"damage":0.0,"enemies":"Reptomancer","floor":48.0,"turns":5.0},{"damage":32,"enemies":"Time Eater","floor":50,"turns":8},{"damage":17,"enemies":"Shield and Spear","floor":54,"turns":6},{"damage":30,"enemies":"The Heart","floor":55,"turns":10}],"seed_played":"-2645000706451814100","potions_obtained":[{"floor":2.0,"key":"PowerPotion"},{"floor":10.0,"key":"SmokeBomb"},{"floor":11.0,"key":"Fire Potion"},{"floor":16.0,"key":"GamblersBrew"},{"floor":18.0,"key":"Weak Potion"},{"floor":24.0,"key":"Regen Potion"},{"floor":25.0,"key":"SkillPotion"},{"floor":29.0,"key":"SpeedPotion"},{"floor":30.0,"key":"Fire Potion"},{"floor":33.0,"key":"AttackPotion"},{"floor":35.0,"key":"Ancient Potion"},{"floor":37.0,"key":"Strength Potion"},{"floor":38.0,"key":"PowerPotion"},{"floor":40.0,"key":"AttackPotion"},{"floor":41.0,"key":"ElixirPotion"},{"floor":42.0,"key":"Fruit Juice"},{"floor":44.0,"key":"Explosive Potion"},{"floor":48.0,"key":"SpeedPotion"},{"floor":54,"key":"LiquidBronze"}],"is_trial":false,"path_per_floor":["M","M","M","M","?","R","E","?","T","E","M","R","M","E","R","B",null,"M","M","?","?","$","E","M","M","T","R","$","M","E","M","R","B",null,"M","?","M","M","M","E","M","E","T","E","?","$","R","E","R","B",null,"R","$","E","B",null],"character_chosen":"IRONCLAD","items_purchased":["TungstenRod","True Grit","Nunchaku","Armaments","Body Slam"],"campfire_rested":2,"item_purchase_floors":[22,28,46,53,53],"current_hp_per_floor":[80,77,73,73,73,73,43,43,43,21,19,58,57,45,45,11,80,80,60,60,60,60,60,51,61,61,61,61,57,37,42,80,37,80,80,80,80,75,80,90,90,90,90,95,95,95,95,95,95,87,95,95,95,89,65],"gold":48,"neow_bonus":"RANDOM_COMMON_RELIC","is_daily":false,"chose_seed":false,"campfire_upgraded":1,"win_rate":0.0,"timestamp":1611563434,"path_taken":["M","M","?","M","?","R","E","?","T","E","M","R","M","E","R","BOSS","M","M","?","?","$","E","M","?","T","R","$","M","E","M","R","BOSS","M","?","M","?","M","E","M","E","T","E","?","$","R","E","R","BOSS","R","$","E","BOSS"],"items_purchased_type":["Relic","Card","Relic","Card","Card"],"build_version":"2020-12-22","purchased_purges":3,"victory":true,"max_hp_per_floor":[80,80,80,80,80,80,80,80,80,80,80,80,80,80,80,80,80,80,80,80,80,80,80,80,80,80,80,80,80,80,80,80,80,80,80,80,80,80,80,90,90,90,90,95,95,95,95,95,95,95,95,95,95,95,95],"relic_stats":{"Regal Pillow":29,"Gremlin Horn":[33,33],"Happy Flower":[16],"Torii":28,"counters":[31,174],"Pen Nib":[13],"Whetstone":["Bash","Uppercut"],"Question Card":24,"Boot":[4],"Burning Blood":149,"WarpedTongs":[108],"Mercury Hourglass":[398],"Nunchaku":[4],"Shovel":4,"Mummified Hand":[79],"Shuriken":[3],"Ornamental Fan":[12],"Sundial":[4],"Gambling Chip":[2],"Black Star":5,"obtain_stats":[{"Regal Pillow":0,"Lantern":15,"Gremlin Horn":8,"Torii":54,"Whetstone":47,"Boot":48,"Burning Blood":0,"Nunchaku":46,"Shovel":14,"Mummified Hand":26,"Sundial":44,"Gambling Chip":54,"Fusion Hammer":17,"InkBottle":42,"Paper Frog":10,"Pear":40,"Happy Flower":40,"Pen Nib":30,"Question Card":9,"White Beast Statue":23,"WarpedTongs":21,"Mercury Hourglass":27,"Bottled Flame":7,"Shuriken":42,"Ornamental Fan":44,"Black Star":34,"Bag of Marbles":48,"Bottled Lightning":52,"TungstenRod":22},{"Regal Pillow":0,"Lantern":9,"Gremlin Horn":5,"Torii":30,"Whetstone":27,"Boot":28,"Burning Blood":0,"Nunchaku":27,"Shovel":9,"Mummified Hand":15,"Sundial":27,"Gambling Chip":30,"Fusion Hammer":10,"InkBottle":26,"Paper Frog":6,"Pear":24,"Happy Flower":24,"Pen Nib":17,"Question Card":5,"White Beast Statue":13,"WarpedTongs":12,"Mercury Hourglass":15,"Bottled Flame":5,"Shuriken":26,"Ornamental Fan":27,"Black Star":19,"Bag of Marbles":28,"Bottled Lightning":29,"TungstenRod":12},{"Regal Pillow":0,"Lantern":40,"Gremlin Horn":23,"Torii":164,"Whetstone":145,"Boot":150,"Burning Blood":0,"Nunchaku":145,"Shovel":40,"Mummified Hand":75,"Sundial":145,"Gambling Chip":164,"Fusion Hammer":51,"InkBottle":135,"Paper Frog":27,"Pear":125,"Happy Flower":125,"Pen Nib":86,"Question Card":23,"White Beast Statue":66,"WarpedTongs":60,"Mercury Hourglass":75,"Bottled Flame":23,"Shuriken":135,"Ornamental Fan":145,"Black Star":98,"Bag of Marbles":150,"Bottled Lightning":158,"TungstenRod":60}],"TungstenRod":115,"InkBottle":[12]},"card_choices":[{"not_picked":["Twin Strike","Armaments"],"picked":"Cleave","floor":1.0},{"not_picked":["Anger","Perfected Strike"],"picked":"Power Through","floor":2.0},{"not_picked":["Thunderclap","Shrug It Off"],"picked":"Sever Soul","floor":3.0},{"not_picked":["Headbutt","Perfected Strike"],"picked":"Twin Strike","floor":4.0},{"not_picked":["Flex","Evolve"],"picked":"Fiend Fire","floor":7.0},{"not_picked":["Infernal Blade","Headbutt","Intimidate"],"picked":"Uppercut","floor":10.0},{"not_picked":["Seeing Red","Blood for Blood","Wild Strike"],"picked":"Evolve","floor":11.0},{"not_picked":["Heavy Blade","Wild Strike","Entrench"],"picked":"Feel No Pain","floor":13.0},{"not_picked":["Heavy Blade","Entrench","Headbutt"],"picked":"Sentinel","floor":14.0},{"not_picked":["Berserk","Barricade","Juggernaut"],"picked":"Exhume","floor":16.0},{"not_picked":["Iron Wave","Dropkick+1","Headbutt"],"picked":"Rage+1","floor":18.0},{"not_picked":["Uppercut","Clothesline","Cleave+1"],"picked":"Disarm+1","floor":19.0},{"not_picked":["Wild Strike","Clothesline","Havoc","Bludgeon"],"picked":"SKIP","floor":23.0},{"not_picked":["Sword Boomerang","Hemokinesis","Anger"],"picked":"Shockwave","floor":24.0},{"not_picked":["Rage","Cleave","Clothesline+1"],"picked":"Spot Weakness","floor":25.0},{"not_picked":["Ghostly Armor","Fire Breathing","Body Slam+1"],"picked":"Sentinel+1","floor":29.0},{"not_picked":["Headbutt","Armaments","True Grit"],"picked":"Reaper","floor":30.0},{"not_picked":["Wild Strike","Blood for Blood+1","Cleave"],"picked":"Combust","floor":31.0},{"not_picked":["Fiend Fire","Immolate","Barricade"],"picked":"Reaper","floor":33.0},{"not_picked":["Second Wind","Rampage","Sentinel+1"],"picked":"Shrug It Off+1","floor":35.0},{"not_picked":["Iron Wave","Thunderclap","Heavy Blade","Headbutt+1"],"picked":"SKIP","floor":37.0},{"not_picked":["Clash","Thunderclap+1","Shrug It Off+1"],"picked":"Metallicize","floor":38.0},{"not_picked":["True Grit+1","Headbutt","Cleave+1"],"picked":"Feel No Pain","floor":39.0},{"not_picked":["Warcry","Ghostly Armor+1","Shrug It Off+1"],"picked":"Flame Barrier+1","floor":40.0},{"not_picked":["Warcry+1","Body Slam+1","Juggernaut"],"picked":"Dark Embrace+1","floor":41.0},{"not_picked":["Flex","Clash","Thunderclap"],"picked":"Battle Trance","floor":42.0},{"not_picked":["Perfected Strike","Iron Wave+1","Armaments"],"picked":"Pommel Strike+1","floor":44.0},{"not_picked":["Fire Breathing+1","Dark Embrace+1","Pummel+1"],"picked":"Juggernaut","floor":48.0},{"not_picked":["Whirlwind","Sword Boomerang","Cleave+1"],"picked":"Shockwave+1","floor":54}],"player_experience":2473383,"relics_obtained":[{"floor":7.0,"key":"Bottled Flame"},{"floor":9.0,"key":"Question Card"},{"floor":10.0,"key":"Paper Frog"},{"floor":14.0,"key":"Shovel"},{"floor":15.0,"key":"Lantern"},{"floor":23.0,"key":"White Beast Statue"},{"floor":26.0,"key":"Mummified Hand"},{"floor":27.0,"key":"Mercury Hourglass"},{"floor":30.0,"key":"Pen Nib"},{"floor":40.0,"key":"Pear"},{"floor":40.0,"key":"Happy Flower"},{"floor":42.0,"key":"InkBottle"},{"floor":42.0,"key":"Shuriken"},{"floor":44.0,"key":"Ornamental Fan"},{"floor":44.0,"key":"Sundial"},{"floor":47.0,"key":"Whetstone"},{"floor":48.0,"key":"Boot"},{"floor":48.0,"key":"Bag of Marbles"},{"floor":52,"key":"Bottled Lightning"},{"floor":54,"key":"Gambling Chip"},{"floor":54,"key":"Torii"}],"event_choices":[{"damage_healed":0.0,"max_hp_gain":0.0,"max_hp_loss":0.0,"gold_gain":0.0,"event_name":"Liars Game","player_choice":"Ignored","floor":5.0,"gold_loss":0.0,"damage_taken":0.0},{"damage_healed":0.0,"max_hp_gain":0.0,"max_hp_loss":0.0,"gold_gain":30.0,"event_name":"Dead Adventurer","player_choice":"Searched \u00273\u0027 times","floor":8.0,"gold_loss":0.0,"damage_taken":0.0,"relics_obtained":["Gremlin Horn"]},{"damage_healed":0.0,"max_hp_gain":0.0,"max_hp_loss":0.0,"gold_gain":0.0,"event_name":"Back to Basics","player_choice":"Simplicity","floor":20.0,"gold_loss":0.0,"damage_taken":0.0,"cards_upgraded":["Strike_R","Strike_R","Strike_R","Strike_R","Strike_R","Defend_R","Defend_R","Defend_R","Defend_R"]},{"damage_healed":0.0,"max_hp_gain":0.0,"max_hp_loss":0.0,"gold_gain":0.0,"event_name":"Accursed Blacksmith","player_choice":"Rummage","floor":21.0,"gold_loss":0.0,"damage_taken":0.0,"relics_obtained":["WarpedTongs"],"cards_obtained":["Pain"]},{"damage_healed":0.0,"max_hp_gain":0.0,"max_hp_loss":0.0,"gold_gain":0.0,"event_name":"SecretPortal","player_choice":"Ignored","floor":36.0,"gold_loss":0.0,"damage_taken":0.0},{"damage_healed":0.0,"max_hp_gain":0.0,"max_hp_loss":0.0,"gold_gain":0.0,"event_name":"Upgrade Shrine","player_choice":"Upgraded","floor":45.0,"gold_loss":0.0,"damage_taken":0.0,"cards_upgraded":["Fiend Fire"]}],"is_beta":false,"boss_relics":[{"not_picked":["Runic Cube","Sozu"],"picked":"Fusion Hammer"},{"not_picked":["Runic Dome","Empty Cage"],"picked":"Black Star"}],"items_purged_floors":[22,28,46],"is_endless":false,"potions_floor_spawned":[2,10,11,16,18,24,25,29,30,31,33,35,37,38,39,40,41,42,44,48,54],"ascension_level":2}}