{"host":"52lujqhsyicpcskq","time":1611581213,"event":{"mods":["BaseMod","Colored Map","Minty Spire (QoL Compilation)","Permanent Neow","StSLib","SuperFastMode","everything is the same but u backflip on backflip"],"gold_per_floor":[15,26,41,59,70,98,98,131,155,155,155,169,189,216,216,216,216],"floor_reached":16,"language":"KOR","playtime":647,"items_purged":[],"score":180,"play_id":"8a9d5966-ee17-475c-bfca-7f549d80b2f5","local_time":"20210125222653","is_ascension_mode":true,"campfire_choices":[{"data":"Infernal Blade","floor":7,"key":"SMITH"},{"data":"Wild Strike","floor":10,"key":"SMITH"},{"data":"Immolate","floor":15,"key":"SMITH"}],"circlet_count":0,"master_deck":["Strike_R","Strike_R+1","Strike_R","Strike_R","Defend_R","Defend_R","Defend_R","Bash","Evolve","Wild Strike+1","Corruption","Battle Trance","Second Wind","Infernal Blade+1","Pummel","Decay","Headbutt+1","Ghostly Armor","Immolate+1"],"relics":["Burning Blood","Frozen Egg 2","White Beast Statue","PreservedInsect","Whetstone"],"acts_visited":["Exordium"],"potions_floor_usage":[6,8,13,13,14,14,16],"damage_taken":[{"damage":4,"enemies":"Jaw Worm","floor":1,"turns":4},{"damage":1,"enemies":"Cultist","floor":2,"turns":4},{"damage":0,"enemies":"Small Slimes","floor":3,"turns":3},{"damage":12,"enemies":"Looter","floor":4,"turns":3},{"damage":32,"enemies":"Red Slaver","floor":5,"turns":5},{"damage":21,"enemies":"3 Sentries","floor":6,"turns":11},{"damage":8,"enemies":"Gremlin Nob","floor":8,"turns":3},{"damage":25,"enemies":"Lots of Slimes","floor":12,"turns":5},{"damage":8,"enemies":"2 Fungi Beasts","floor":13,"turns":2},{"damage":22,"enemies":"Lagavulin","floor":14,"turns":3},{"damage":22,"enemies":"Hexaghost","floor":16,"turns":9}],"seed_played":"7059948225041882782","potions_obtained":[{"floor":2,"key":"PowerPotion"},{"floor":4,"key":"Dexterity Potion"},{"floor":6,"key":"Regen Potion"},{"floor":8,"key":"FearPotion"},{"floor":12,"key":"FearPotion"},{"floor":13,"key":"BloodPotion"},{"floor":14,"key":"Swift Potion"}],"is_trial":false,"path_per_floor":["M","M","M","M","M","E","R","E","T","R","?","M","M","E","R","B"],"character_chosen":"IRONCLAD","items_purchased":[],"campfire_rested":0,"item_purchase_floors":[],"current_hp_per_floor":[74,79,80,74,48,33,33,40,40,40,40,21,19,19,19,0,0],"gold":216,"neow_bonus":"REMOVE_TWO","is_daily":false,"chose_seed":false,"campfire_upgraded":3,"win_rate":0.0,"timestamp":1611581213,"path_taken":["M","M","M","M","M","E","R","E","T","R","?","M","M","E","R","BOSS"],"items_purchased_type":[],"build_version":"2020-12-22","purchased_purges":0,"victory":false,"max_hp_per_floor":[80,80,80,80,80,80,80,80,80,80,80,80,80,80,80,80,80],"card_choices":[{"not_picked":["Anger","Dropkick"],"picked":"Evolve","floor":1},{"not_picked":["Warcry","Flex"],"picked":"Wild Strike","floor":2},{"not_picked":["Carnage","Sword Boomerang"],"picked":"Corruption","floor":3},{"not_picked":["Dark Embrace","Reckless Charge"],"picked":"Battle Trance","floor":4},{"not_picked":["Clothesline","Whirlwind"],"picked":"Second Wind","floor":5},{"not_picked":["Twin Strike","Hemokinesis"],"picked":"Infernal Blade","floor":6},{"not_picked":["Cleave","Twin Strike"],"picked":"Pummel","floor":8},{"not_picked":["Sever Soul","Havoc"],"picked":"Headbutt","floor":12},{"not_picked":["Entrench","Iron Wave"],"picked":"Ghostly Armor","floor":13},{"not_picked":["Thunderclap","Heavy Blade"],"picked":"Immolate","floor":14}],"player_experience":744225,"relics_obtained":[{"floor":6,"key":"Frozen Egg 2"},{"floor":8,"key":"White Beast Statue"},{"floor":9,"key":"PreservedInsect"},{"floor":14,"key":"Whetstone"}],"event_choices":[{"damage_healed":0,"gold_gain":0,"player_choice":"Cursed","damage_taken":0,"max_hp_gain":0,"max_hp_loss":0,"event_name":"Wheel of Change","floor":11,"gold_loss":0,"cards_obtained":["Decay"]}],"is_beta":false,"boss_relics":[],"items_purged_floors":[],"is_endless":false,"potions_floor_spawned":[2,4,6,8,12,13,14],"killed_by":"Hexaghost","ascension_level":9}}