{"host":"zxkjcgzis4pm3za5","time":1611544817,"event":{"mods":["AchievementEnabler","Act Like it!","BaseMod","Colored Map","Colored Powertips","Friendly Minions","GifTheSpireLib","Minty Spire (QoL Compilation)","Quick Restart","RNG Fix","Random Character Button","Relic Filter Mod","Relic Sorter","Relic Stats","StSLib"],"gold_per_floor":[12,31,31,51,66,66,91,91,163,163,198,228,228,257,257,331,331,350,350,275,289,289,289,304,304,352,387,387,82,109,129,129,202,202,238,254,204,204,223,258,258,45,99,132,187,213,259,302,302,302,302,302,5,37,37],"floor_reached":56,"language":"ENG","playtime":3162,"items_purged":["Defend_P","Strike_P","Strike_P","Defend_P"],"score":2201,"play_id":"3e50a243-ee2b-4291-b09f-2d066219b71f","local_time":"20210125085017","is_ascension_mode":true,"campfire_choices":[{"data":"Eruption","floor":6,"key":"SMITH"},{"data":"SashWhip","floor":8,"key":"SMITH"},{"data":"EmptyMind","floor":10,"key":"SMITH"},{"floor":13,"key":"REST"},{"data":"MentalFortress","floor":15,"key":"SMITH"},{"data":"SpiritShield","floor":23,"key":"SMITH"},{"floor":25,"key":"REST"},{"data":"MentalFortress","floor":28,"key":"SMITH"},{"data":"InnerPeace","floor":32,"key":"SMITH"},{"data":"Wish","floor":41,"key":"SMITH"},{"floor":49,"key":"RECALL"},{"data":"Deep Breath","floor":52,"key":"SMITH"}],"circlet_count":0,"master_deck":["AscendersBane","Strike_P+1","Defend_P","Eruption+1","Vigilance+1","BowlingBash","SashWhip+1","EmptyFist","Wallop","EmptyMind+1","WheelKick","MentalFortress+1","Meditate","SpiritShield+1","FearNoEvil","MentalFortress+1","InnerPeace+1","Conclude","Wish+1","Swivel+1","Sanctity","Deep Breath+1","Flash of Steel","FollowUp+1","FlurryOfBlows","JustLucky"],"relics":["PureWater","StrikeDummy","TeardropLocket","Matryoshka","Odd Mushroom","Regal Pillow","Runic Pyramid","Enchiridion","Omamori","Art of War","Membership Card","Sundial","The Courier","Cursed Key","Blood Vial","Shuriken","Pantograph","Damaru","Mercury Hourglass","Mango","Ornamental Fan","Dead Branch","Toy Ornithopter","HandDrill","Bag of Marbles","Eternal Feather"],"acts_visited":["Exordium","TheCity","TheBeyond","TheEnding"],"potions_floor_usage":[7,14,33,35,39,44,46,55,55],"damage_taken":[{"damage":0,"enemies":"2 Louse","floor":1,"turns":4},{"damage":6,"enemies":"Jaw Worm","floor":2,"turns":4},{"damage":0,"enemies":"Cultist","floor":4,"turns":3},{"damage":0,"enemies":"2 Fungi Beasts","floor":5,"turns":3},{"damage":1,"enemies":"3 Sentries","floor":7,"turns":4},{"damage":9,"enemies":"Lagavulin","floor":11,"turns":4},{"damage":10,"enemies":"The Mushroom Lair","floor":12,"turns":3},{"damage":2,"enemies":"3 Sentries","floor":14,"turns":6},{"damage":20,"enemies":"The Guardian","floor":16,"turns":9},{"damage":0,"enemies":"Spheric Guardian","floor":18,"turns":4},{"damage":0,"enemies":"Chosen","floor":21,"turns":2},{"damage":10,"enemies":"Shelled Parasite and Fungi","floor":24,"turns":4},{"damage":2,"enemies":"Slavers","floor":27,"turns":5},{"damage":0,"enemies":"Gremlin Leader","floor":30,"turns":6},{"damage":0,"enemies":"Centurion and Healer","floor":31,"turns":4},{"damage":7,"enemies":"Automaton","floor":33,"turns":10},{"damage":1,"enemies":"3 Shapes","floor":35,"turns":5},{"damage":7,"enemies":"Orb Walker","floor":36,"turns":2},{"damage":2,"enemies":"Transient","floor":39,"turns":6},{"damage":0,"enemies":"Giant Head","floor":40,"turns":8},{"damage":14,"enemies":"Reptomancer","floor":44,"turns":8},{"damage":0,"enemies":"Mind Bloom Boss Battle","floor":45,"turns":4},{"damage":1,"enemies":"Nemesis","floor":46,"turns":5},{"damage":20,"enemies":"2 Orb Walkers","floor":47,"turns":3},{"damage":0,"enemies":"Maw","floor":48,"turns":7},{"damage":23,"enemies":"Donu and Deca","floor":50,"turns":6},{"damage":19,"enemies":"Shield and Spear","floor":54,"turns":6},{"damage":42,"enemies":"The Heart","floor":55,"turns":8}],"seed_played":"4986639005894588201","potions_obtained":[{"floor":1,"key":"StancePotion"},{"floor":2,"key":"BlessingOfTheForge"},{"floor":4,"key":"Explosive Potion"},{"floor":7,"key":"Dexterity Potion"},{"floor":18,"key":"Block Potion"},{"floor":27,"key":"Strength Potion"},{"floor":35,"key":"Energy Potion"},{"floor":39,"key":"Explosive Potion"},{"floor":44,"key":"DuplicationPotion"},{"floor":45,"key":"LiquidMemories"}],"is_trial":false,"path_per_floor":["M","M","?","M","M","R","E","R","T","R","E","?","R","E","R","B",null,"M","?","$","M","?","R","M","R","T","E","R","$","E","M","R","B",null,"M","M","$","?","M","E","R","$","T","E","?","E","?","M","R","B",null,"R","$","E","B",null],"character_chosen":"WATCHER","items_purchased":["Membership Card","Sundial","Shuriken","Flash of Steel","PowerPotion","Toy Ornithopter","HandDrill","Bag of Marbles"],"campfire_rested":2,"item_purchase_floors":[29,29,42,42,53,53,53,53],"current_hp_per_floor":[61,55,35,35,35,35,34,34,34,34,25,15,35,33,33,13,54,54,33,33,33,33,33,23,58,58,56,56,56,56,56,56,49,63,62,55,55,55,53,53,53,53,53,41,82,81,62,64,64,59,76,76,76,59,50],"gold":37,"neow_bonus":"REMOVE_TWO","is_daily":false,"chose_seed":false,"campfire_upgraded":9,"win_rate":0.0,"timestamp":1611544817,"path_taken":["M","M","?","M","M","R","E","R","T","R","E","?","R","E","R","BOSS","M","?","$","M","?","R","M","R","T","E","R","$","E","M","R","BOSS","M","M","$","?","?","E","R","$","T","E","?","E","?","M","R","BOSS","R","$","E","BOSS"],"items_purchased_type":["Relic","Relic","Relic","Card","Potion","Relic","Relic","Relic"],"build_version":"2020-12-22","purchased_purges":4,"victory":true,"max_hp_per_floor":[68,68,68,68,68,68,68,68,68,68,68,68,68,68,68,68,68,68,68,68,68,68,68,68,68,68,68,68,68,68,68,68,68,68,68,68,68,68,68,68,68,68,68,68,82,82,82,82,82,82,82,82,82,82,82],"relic_stats":{"Regal Pillow":15,"counters":[28,143],"Dead Branch":[23],"Eternal Feather":0,"Cursed Key":1,"Mercury Hourglass":[128],"Blood Vial":9,"Sundial":[16],"Shuriken":[47],"Ornamental Fan":[144],"Pantograph":66,"Art of War":[6],"HandDrill":[2],"obtain_stats":[{"Regal Pillow":14,"Enchiridion":19,"Mango":45,"TeardropLocket":9,"Cursed Key":34,"Blood Vial":40,"Matryoshka":11,"Sundial":29,"Pantograph":43,"HandDrill":53,"Runic Pyramid":17,"Dead Branch":47,"Damaru":43,"Eternal Feather":54,"The Courier":30,"Omamori":26,"Odd Mushroom":12,"Mercury Hourglass":44,"Shuriken":42,"Ornamental Fan":46,"Art of War":27,"Bag of Marbles":53,"Membership Card":29,"PureWater":0,"StrikeDummy":7,"Toy Ornithopter":53},{"Regal Pillow":8,"Enchiridion":10,"Mango":22,"TeardropLocket":5,"Cursed Key":16,"Blood Vial":20,"Matryoshka":6,"Sundial":13,"Pantograph":20,"HandDrill":26,"Runic Pyramid":9,"Dead Branch":24,"Damaru":20,"Eternal Feather":27,"The Courier":14,"Omamori":12,"Odd Mushroom":7,"Mercury Hourglass":21,"Shuriken":20,"Ornamental Fan":23,"Art of War":13,"Bag of Marbles":26,"Membership Card":13,"PureWater":0,"StrikeDummy":5,"Toy Ornithopter":26},{"Regal Pillow":31,"Enchiridion":44,"Mango":108,"TeardropLocket":18,"Cursed Key":75,"Blood Vial":96,"Matryoshka":22,"Sundial":55,"Pantograph":96,"HandDrill":129,"Runic Pyramid":40,"Dead Branch":116,"Damaru":96,"Eternal Feather":135,"The Courier":61,"Omamori":50,"Odd Mushroom":25,"Mercury Hourglass":104,"Shuriken":96,"Ornamental Fan":113,"Art of War":55,"Bag of Marbles":129,"Membership Card":55,"PureWater":0,"StrikeDummy":18,"Toy Ornithopter":129}],"Toy Ornithopter":10},"card_choices":[{"not_picked":["EmptyBody","Halt"],"picked":"BowlingBash","floor":1},{"not_picked":["ThirdEye","Prostrate"],"picked":"SashWhip","floor":2},{"not_picked":["PathToVictory","EmptyBody"],"picked":"EmptyFist","floor":4},{"not_picked":["PathToVictory","Halt"],"picked":"Wallop","floor":5},{"not_picked":["SignatureMove","FollowUp"],"picked":"EmptyMind","floor":7},{"not_picked":["SignatureMove","FearNoEvil"],"picked":"WheelKick","floor":11},{"not_picked":["Fasting2","Swivel"],"picked":"MentalFortress","floor":12},{"not_picked":["Wallop","ThirdEye"],"picked":"Meditate","floor":14},{"not_picked":["DevaForm","Devotion"],"picked":"SpiritShield","floor":16},{"not_picked":["Crescendo","Weave","SignatureMove"],"picked":"SKIP","floor":18},{"not_picked":["Weave","PathToVictory","SignatureMove"],"picked":"SKIP","floor":21},{"not_picked":["CarveReality","ReachHeaven"],"picked":"FearNoEvil","floor":24},{"not_picked":["Evaluate","Study"],"picked":"MentalFortress","floor":27},{"not_picked":["Perseverance","ClearTheMind"],"picked":"InnerPeace","floor":30},{"not_picked":["Prostrate","Halt"],"picked":"Conclude","floor":31},{"not_picked":["DeusExMachina","Omniscience"],"picked":"Wish","floor":33},{"not_picked":["Protect","FlurryOfBlows"],"picked":"Swivel+1","floor":35},{"not_picked":["SandsOfTime","WheelKick"],"picked":"Sanctity","floor":36},{"not_picked":["Swift Strike","Violence"],"picked":"Deep Breath","floor":38},{"not_picked":["ReachHeaven","WindmillStrike","FearNoEvil"],"picked":"SKIP","floor":39},{"not_picked":["FlyingSleeves","WheelKick","Crescendo+1"],"picked":"SKIP","floor":40},{"not_picked":["CarveReality+1","BowlingBash","EmptyFist"],"picked":"SKIP","floor":44},{"not_picked":["InnerPeace","BattleHymn"],"picked":"FollowUp+1","floor":45},{"not_picked":["Alpha","LessonLearned"],"picked":"FlurryOfBlows","floor":46},{"not_picked":["Prostrate","FollowUp"],"picked":"JustLucky","floor":48},{"not_picked":["PathToVictory+1","Collect+1","Fasting2"],"picked":"SKIP","floor":54}],"player_experience":269780,"relics_obtained":[{"floor":7,"key":"StrikeDummy"},{"floor":9,"key":"TeardropLocket"},{"floor":11,"key":"Matryoshka"},{"floor":12,"key":"Odd Mushroom"},{"floor":14,"key":"Regal Pillow"},{"floor":19,"key":"Enchiridion"},{"floor":26,"key":"Omamori"},{"floor":27,"key":"Art of War"},{"floor":30,"key":"The Courier"},{"floor":40,"key":"Blood Vial"},{"floor":43,"key":"Pantograph"},{"floor":43,"key":"Damaru"},{"floor":44,"key":"Mercury Hourglass"},{"floor":45,"key":"Mango"},{"floor":46,"key":"Ornamental Fan"},{"floor":47,"key":"Dead Branch"},{"floor":54,"key":"Eternal Feather"}],"event_choices":[{"damage_healed":0,"gold_gain":0,"player_choice":"Entered Light","damage_taken":20,"max_hp_gain":0,"max_hp_loss":0,"event_name":"Shining Light","floor":3,"gold_loss":0,"cards_upgraded":["Vigilance","Strike_P"]},{"damage_healed":0,"gold_gain":0,"player_choice":"Fought Mushrooms","damage_taken":0,"max_hp_gain":0,"max_hp_loss":0,"event_name":"Mushrooms","floor":12,"gold_loss":0},{"damage_healed":0,"gold_gain":0,"player_choice":"Obtained Book","damage_taken":21,"max_hp_gain":0,"max_hp_loss":0,"event_name":"Cursed Tome","floor":19,"gold_loss":0},{"damage_healed":0,"gold_gain":0,"player_choice":"Ignored","damage_taken":0,"max_hp_gain":0,"max_hp_loss":0,"event_name":"The Mausoleum","floor":22,"gold_loss":0},{"damage_healed":0,"gold_gain":0,"player_choice":"Memory 1","damage_taken":0,"max_hp_gain":0,"max_hp_loss":0,"event_name":"SensoryStone","floor":38,"gold_loss":0},{"damage_healed":0,"gold_gain":0,"player_choice":"Fight","damage_taken":0,"max_hp_gain":0,"max_hp_loss":0,"event_name":"MindBloom","floor":45,"gold_loss":0},{"damage_healed":0,"gold_gain":0,"player_choice":"Fight","damage_taken":0,"max_hp_gain":0,"max_hp_loss":0,"event_name":"Mysterious Sphere","floor":47,"gold_loss":0}],"is_beta":false,"boss_relics":[{"not_picked":["Philosopher\u0027s Stone","Black Star"],"picked":"Runic Pyramid"},{"not_picked":["SacredBark","Velvet Choker"],"picked":"Cursed Key"}],"items_purged_floors":[20,37,42,53],"is_endless":false,"potions_floor_spawned":[1,2,4,7,18,27,35,39,44,45],"ascension_level":17}}