{"host":"s8ccp9jw4vzp58l1","time":1611605188,"event":{"mods":["BaseMod","Colored Map","Colored Powertips","Minty Spire (QoL Compilation)","Quick Restart","Relic Stats"],"gold_per_floor":[113,63,63,63,63,93,93,121,121,140,140,174,174,23,23,128,128,148,159,159,171,189,224,249,288,300,312,324,371,383,408,420,535,547,575,360,423,436,448,448,458,48,48,74,85,85,152,202,202,202],"floor_reached":51,"language":"ENG","playtime":13291,"items_purged":["Strike_G","Strike_G"],"score":733,"play_id":"07c6c19d-32e5-4ee2-98da-eddc23530721","local_time":"20210125140628","is_ascension_mode":false,"campfire_choices":[{"floor":7.0,"key":"REST"},{"floor":13.0,"key":"REST"},{"floor":15.0,"key":"REST"},{"floor":28.0,"key":"REST"},{"floor":30.0,"key":"REST"},{"data":"Corpse Explosion","floor":32.0,"key":"SMITH"},{"floor":40.0,"key":"REST"},{"data":"Leg Sweep","floor":46,"key":"SMITH"},{"data":"Panacea","floor":49,"key":"SMITH"}],"circlet_count":0,"master_deck":["Strike_G","Defend_G","Defend_G","Defend_G+1","Survivor","Neutralize","Underhanded Strike","Caltrops","Blade Dance","Leg Sweep+1","Sucker Punch","Dagger Throw","Corpse Explosion+1","Deadly Poison+1","Acrobatics","Malaise","Deflect","Bouncing Flask","Dash+1","Infinite Blades+1","PiercingWail+1","Bane","Dash+1","Bullet Time","Noxious Fumes+1","Sucker Punch+1","Crippling Poison+1","Cloak And Dagger+1","Poisoned Stab","Panacea+1"],"relics":["Ring of the Snake","Omamori","Mercury Hourglass","MealTicket","TungstenRod","Pear","Ginger","Bronze Scales","HandDrill","Velvet Choker","MawBank","Boot","Ornamental Fan","SsserpentHead","Ice Cream","Sozu","TwistedFunnel","Strawberry","OrangePellets","Paper Crane","Tingsha"],"acts_visited":["Exordium","TheCity","TheBeyond"],"potions_floor_usage":[50],"damage_taken":[{"damage":0.0,"enemies":"Jaw Worm","floor":1.0,"turns":4.0},{"damage":29.0,"enemies":"3 Sentries","floor":6.0,"turns":6.0},{"damage":39.0,"enemies":"Gremlin Nob","floor":8.0,"turns":5.0},{"damage":0.0,"enemies":"Small Slimes","floor":10.0,"turns":3.0},{"damage":12.0,"enemies":"3 Sentries","floor":12.0,"turns":5.0},{"damage":22.0,"enemies":"Slime Boss","floor":16.0,"turns":10.0},{"damage":6.0,"enemies":"Shell Parasite","floor":18.0,"turns":3.0},{"damage":0.0,"enemies":"3 Byrds","floor":19.0,"turns":2.0},{"damage":3.0,"enemies":"Centurion and Healer","floor":21.0,"turns":4.0},{"damage":9.0,"enemies":"Snake Plant","floor":22.0,"turns":4.0},{"damage":18.0,"enemies":"Gremlin Leader","floor":23.0,"turns":7.0},{"damage":13.0,"enemies":"3 Cultists","floor":24.0,"turns":4.0},{"damage":15.0,"enemies":"Slavers","floor":29.0,"turns":5.0},{"damage":0.0,"enemies":"Centurion and Healer","floor":31.0,"turns":5.0},{"damage":51.0,"enemies":"Champ","floor":33.0,"turns":13.0},{"damage":1.0,"enemies":"Orb Walker","floor":35.0,"turns":3.0},{"damage":14.0,"enemies":"3 Shapes","floor":37.0,"turns":3.0},{"damage":1.0,"enemies":"Jaw Worm Horde","floor":38.0,"turns":3.0},{"damage":13.0,"enemies":"Spire Growth","floor":39.0,"turns":4.0},{"damage":0,"enemies":"Reptomancer","floor":44,"turns":5},{"damage":10,"enemies":"Sphere and 2 Shapes","floor":45,"turns":4},{"damage":0,"enemies":"3 Darklings","floor":47,"turns":3},{"damage":41,"enemies":"Awakened One","floor":50,"turns":13}],"seed_played":"-1743792814130933941","potions_obtained":[{"floor":1.0,"key":"LiquidBronze"},{"floor":10.0,"key":"Strength Potion"},{"floor":16.0,"key":"Explosive Potion"},{"floor":18.0,"key":"DuplicationPotion"},{"floor":23.0,"key":"Energy Potion"},{"floor":29.0,"key":"Strength Potion"},{"floor":31.0,"key":"AttackPotion"}],"is_trial":false,"path_per_floor":["M","?","?","T","?","E","R","E","T","M","?","E","R","$","R","B",null,"M","M","?","M","M","E","M","T","T","?","R","E","R","M","R","B",null,"M","$","M","M","M","R","?","$","T","E","M","R","M","?","R","B",null],"character_chosen":"THE_SILENT","items_purchased":["HandDrill","TwistedFunnel","Strawberry","OrangePellets"],"campfire_rested":6,"item_purchase_floors":[14,36,42,42],"current_hp_per_floor":[70,70,70,70,70,41,62,23,33,33,19,7,31,46,70,48,80,74,74,74,71,62,44,31,31,31,31,55,40,64,64,64,13,80,79,80,66,65,52,76,76,87,87,87,77,77,77,77,77,36],"gold":202,"neow_bonus":"RANDOM_COMMON_RELIC","is_daily":false,"chose_seed":false,"campfire_upgraded":3,"win_rate":0.0,"timestamp":1611605188,"path_taken":["M","?","?","?","?","E","R","E","T","M","?","E","R","?","R","BOSS","M","M","?","M","M","E","M","?","T","?","R","E","R","M","R","BOSS","M","$","?","M","M","R","?","$","T","E","M","R","?","?","R","BOSS"],"items_purchased_type":["Relic","Relic","Relic","Relic"],"build_version":"2020-12-22","purchased_purges":2,"victory":true,"max_hp_per_floor":[70,70,70,70,70,70,70,70,80,80,80,80,80,80,80,80,80,80,80,80,80,80,80,80,80,80,80,80,80,80,80,80,80,80,80,80,80,80,80,80,80,87,87,87,87,87,87,87,87,87],"relic_stats":{"counters":[23,117],"Tingsha":[21],"Ginger":[10],"MawBank":156,"Boot":[50],"Mercury Hourglass":[514],"Sozu":2,"SsserpentHead":200,"OrangePellets":[2],"Ornamental Fan":[124],"Bronze Scales":[307],"MealTicket":20,"HandDrill":[38],"obtain_stats":[{"Ice Cream":29,"TwistedFunnel":36,"Pear":9,"Velvet Choker":17,"Tingsha":44,"Omamori":0,"Ginger":11,"Paper Crane":43,"MawBank":23,"Boot":25,"Mercury Hourglass":4,"Sozu":34,"SsserpentHead":27,"OrangePellets":42,"Ornamental Fan":26,"Bronze Scales":12,"Strawberry":42,"MealTicket":6,"HandDrill":14,"TungstenRod":8,"Ring of the Snake":0},{"Ice Cream":13,"TwistedFunnel":16,"Pear":3,"Velvet Choker":6,"Tingsha":20,"Omamori":0,"Ginger":4,"Paper Crane":19,"MawBank":11,"Boot":12,"Mercury Hourglass":1,"Sozu":15,"SsserpentHead":12,"OrangePellets":19,"Ornamental Fan":12,"Bronze Scales":5,"Strawberry":19,"MealTicket":2,"HandDrill":5,"TungstenRod":3,"Ring of the Snake":0},{"Ice Cream":62,"TwistedFunnel":82,"Pear":15,"Velvet Choker":33,"Tingsha":97,"Omamori":0,"Ginger":18,"Paper Crane":92,"MawBank":53,"Boot":57,"Mercury Hourglass":4,"Sozu":79,"SsserpentHead":57,"OrangePellets":92,"Ornamental Fan":57,"Bronze Scales":23,"Strawberry":92,"MealTicket":10,"HandDrill":23,"TungstenRod":15,"Ring of the Snake":0}],"TungstenRod":60,"Ring of the Snake":[46]},"card_choices":[{"not_picked":["Blur","Expertise"],"picked":"Underhanded Strike","floor":1.0},{"not_picked":["All Out Attack","Dagger Throw"],"picked":"Blade Dance","floor":6.0},{"not_picked":["Venomology","Dagger Throw"],"picked":"Leg Sweep","floor":8.0},{"not_picked":["Bane","Eviscerate"],"picked":"Sucker Punch","floor":10.0},{"not_picked":["Underhanded Strike","PiercingWail"],"picked":"Dagger Throw","floor":12.0},{"not_picked":["After Image","Wraith Form v2"],"picked":"Corpse Explosion","floor":16.0},{"not_picked":["Finisher","Riddle With Holes"],"picked":"Deadly Poison","floor":18.0},{"not_picked":["Distraction","Flechettes+1"],"picked":"Acrobatics","floor":19.0},{"not_picked":["PiercingWail","Poisoned Stab"],"picked":"Bouncing Flask","floor":21.0},{"not_picked":["Blur","Outmaneuver"],"picked":"Dash+1","floor":22.0},{"not_picked":["Underhanded Strike","Leg Sweep"],"picked":"Infinite Blades+1","floor":23.0},{"not_picked":["Dagger Throw","Infinite Blades"],"picked":"PiercingWail+1","floor":24.0},{"not_picked":["Bullet Time","Blade Dance"],"picked":"Bane","floor":29.0},{"not_picked":["Bane","Well Laid Plans"],"picked":"Dash+1","floor":31.0},{"not_picked":["Venomology","A Thousand Cuts"],"picked":"Bullet Time","floor":33.0},{"not_picked":["Reflex+1","Sucker Punch"],"picked":"Noxious Fumes+1","floor":35.0},{"not_picked":["Masterful Stab","Underhanded Strike","Acrobatics"],"picked":"SKIP","floor":37.0},{"not_picked":["Backflip","Blade Dance+1"],"picked":"Sucker Punch+1","floor":38.0},{"not_picked":["Dagger Throw","Endless Agony+1"],"picked":"Crippling Poison+1","floor":39.0},{"not_picked":["Bouncing Flask","Finisher"],"picked":"Cloak And Dagger+1","floor":44},{"not_picked":["Outmaneuver","Calculated Gamble","Flying Knee"],"picked":"SKIP","floor":45},{"not_picked":["Finisher+1","Eviscerate+1"],"picked":"Poisoned Stab","floor":47},{"not_picked":["Mind Blast","Dramatic Entrance"],"picked":"Panacea","floor":48}],"player_experience":193327,"relics_obtained":[{"floor":4.0,"key":"Mercury Hourglass"},{"floor":6.0,"key":"MealTicket"},{"floor":8.0,"key":"TungstenRod"},{"floor":9.0,"key":"Pear"},{"floor":12.0,"key":"Bronze Scales"},{"floor":23.0,"key":"MawBank"},{"floor":25.0,"key":"Boot"},{"floor":26.0,"key":"Ornamental Fan"},{"floor":29.0,"key":"Ice Cream"},{"floor":43,"key":"Paper Crane"},{"floor":44,"key":"Tingsha"}],"event_choices":[{"cards_removed":["Strike_G"],"damage_healed":0.0,"max_hp_gain":0.0,"max_hp_loss":0.0,"gold_gain":0.0,"event_name":"The Cleric","player_choice":"Card Removal","floor":2.0,"gold_loss":50.0,"damage_taken":0.0},{"damage_healed":0.0,"max_hp_gain":0.0,"max_hp_loss":0.0,"gold_gain":0.0,"cards_transformed":["Defend_G"],"event_name":"Living Wall","player_choice":"Change","floor":3.0,"gold_loss":0.0,"damage_taken":0.0,"cards_obtained":["Caltrops"]},{"damage_healed":0.0,"max_hp_gain":0.0,"max_hp_loss":0.0,"gold_gain":0.0,"event_name":"Golden Idol","player_choice":"Ignored","floor":5.0,"gold_loss":0.0,"damage_taken":0.0},{"damage_healed":0.0,"max_hp_gain":0.0,"max_hp_loss":0.0,"gold_gain":0.0,"event_name":"Scrap Ooze","player_choice":"Success","floor":11.0,"gold_loss":0.0,"damage_taken":18.0,"relics_obtained":["Ginger"]},{"damage_healed":0.0,"max_hp_gain":0.0,"max_hp_loss":0.0,"gold_gain":0.0,"cards_transformed":["Strike_G","Defend_G"],"event_name":"Drug Dealer","player_choice":"Became Test Subject","floor":20.0,"gold_loss":0.0,"damage_taken":0.0,"cards_obtained":["Malaise","Deflect"]},{"damage_healed":0.0,"max_hp_gain":0.0,"max_hp_loss":0.0,"gold_gain":0.0,"event_name":"FaceTrader","player_choice":"Trade","floor":27.0,"gold_loss":0.0,"damage_taken":0.0,"relics_obtained":["SsserpentHead"]},{"damage_healed":0.0,"max_hp_gain":0.0,"max_hp_loss":0.0,"gold_gain":0.0,"event_name":"Designer","player_choice":"Upgraded Two","floor":41.0,"gold_loss":40.0,"damage_taken":0.0,"cards_upgraded":["Defend_G","Deadly Poison"]},{"damage_healed":0,"gold_gain":0,"player_choice":"Memory 1","damage_taken":0,"max_hp_gain":0,"max_hp_loss":0,"event_name":"SensoryStone","floor":48,"gold_loss":0}],"is_beta":false,"boss_relics":[{"not_picked":["Snecko Eye","Tiny House"],"picked":"Velvet Choker"},{"not_picked":["Astrolabe","SacredBark"],"picked":"Sozu"}],"items_purged_floors":[36,42],"is_endless":false,"potions_floor_spawned":[1,10,16,18,23,29,31,35,47],"ascension_level":0}}