{"host":"jhywql2x2v3ppvhm","time":1611598485,"event":{"mods":["BaseMod","Colored Map","Colored Powertips","Downfall","Googly Eyes","Hermit","Marisa????????","Minty Spire (QoL Compilation)","Rare Cards Sparkle","Shop Mod","Slay the Relics Exporter","StSLib","The Animator","The Bug Knight","The Cursed","The Disciple","The Necromancer","The Runesmith","The Servant 0.9.4","slay the spire mod where everything is the same but ironclad has a cowboy hat"],"gold_per_floor":[99,111,111,130,149,175,202,202,302,202,233,333,367,80,90,193,193,193,207,224,23,108,108,132,146,246,346,346,358,369,22,35,139,139,139,158,211,23,35,35,81,107,107,7,27,27,75,88,101,101],"floor_reached":51,"language":"ENG","playtime":4633,"items_purged":["Guardian:Strike_Guardian","Guardian:Defend_Guardian","Guardian:Strike_Guardian","Guardian:Strike_Guardian"],"score":820,"play_id":"5b9c6be4-ed51-42f2-98b6-d87a54d159d1","local_time":"20210125131445","is_ascension_mode":false,"campfire_choices":[{"floor":1,"key":"RECALL"},{"data":"Guardian:CurlUp","floor":10,"key":"SMITH"},{"data":"Guardian:BodySlam","floor":18,"key":"SMITH"},{"data":"Guardian:ShieldCharger","floor":28,"key":"SMITH"},{"data":"Guardian:BaubleBeam","floor":35,"key":"SMITH"},{"data":"Guardian:ConstructionForm","floor":44,"key":"SMITH"},{"data":"Guardian:Emergency","floor":46,"key":"SMITH"}],"circlet_count":0,"master_deck":["Guardian:CurlUp+1","Guardian:TwinSlam","Guardian:RefractedBeam","Guardian:Incinerate","Guardian:ChargeCore","Guardian:ShieldCharger+1","Guardian:Reroute","Guardian:BodySlam+1","Guardian:BronzeOrb","Guardian:PrimingBeam","Guardian:Reroute","Guardian:PiercingHide+1","Guardian:FloatingOrbs","CurseOfTheBell","CurseOfTheBell","Guardian:ExploitGems","J.A.X.","Guardian:SentryBeam+1","Guardian:BaubleBeam+1","Guardian:Gem_Yellow","Guardian:TimeCapacitor","Guardian:ConstructionForm+1","Guardian:Gem_Purple","Guardian:Emergency+1","Guardian:SpikerProtocol+1","Guardian:Gem_Blue","Guardian:CrystalBeam+1","Guardian:BodySlam"],"relics":["Guardian:ModeShifterPlus","Art of War","Bronze Scales","Kunai","downfall:HeartBlessingRed","Anchor","downfall:GremlinWheel","Lantern","Guardian:StasisSlotReductionRelic","PreservedInsect","downfall:ExtraCursedBell","Bag of Marbles","HollowMod:LifeEnderRelic","Calipers","MealTicket","MutagenicStrength","White Beast Statue","Strawberry","Mercury Hourglass","Smiling Mask","Ornamental Fan","downfall:HeartBlessingBlue","CatCart"],"acts_visited":["Exordium","TheCity","TheBeyond"],"potions_floor_usage":[12,16,16,16,30,47,50,50,50],"damage_taken":[{"damage":0,"enemies":"2 Louse","floor":2,"turns":4},{"damage":7,"enemies":"Small Slimes","floor":4,"turns":3},{"damage":1,"enemies":"Cultist","floor":5,"turns":4},{"damage":20,"enemies":"Gremlin Nob","floor":6,"turns":4},{"damage":13,"enemies":"3 Sentries","floor":11,"turns":6},{"damage":14,"enemies":"3 Sentries","floor":12,"turns":3},{"damage":16,"enemies":"Gremlin Nob","floor":13,"turns":3},{"damage":0,"enemies":"downfall:FleeingMerchant","floor":14,"turns":4},{"damage":0,"enemies":"Exordium Thugs","floor":15,"turns":2},{"damage":6,"enemies":"DF_ARCHETYPE_STREAMLINE","floor":16,"turns":8},{"damage":0,"enemies":"Chosen","floor":19,"turns":3},{"damage":3,"enemies":"Spheric Guardian","floor":20,"turns":3},{"damage":0,"enemies":"downfall:FleeingMerchant","floor":21,"turns":4},{"damage":15,"enemies":"Snecko","floor":25,"turns":3},{"damage":5,"enemies":"downfall:Augmenter","floor":26,"turns":5},{"damage":3,"enemies":"downfall:LadyInBlue","floor":27,"turns":5},{"damage":0,"enemies":"Snake Plant","floor":29,"turns":2},{"damage":21,"enemies":"Centurion and Healer","floor":30,"turns":3},{"damage":23,"enemies":"downfall:FleeingMerchant","floor":31,"turns":4},{"damage":0,"enemies":"Shelled Parasite and Fungi","floor":32,"turns":3},{"damage":9,"enemies":"WA_ARCHETYPE_CALM","floor":33,"turns":5},{"damage":0,"enemies":"3 Darklings","floor":36,"turns":4},{"damage":0,"enemies":"Orb Walker","floor":39,"turns":2},{"damage":0,"enemies":"Reptomancer","floor":42,"turns":3},{"damage":0,"enemies":"Jaw Worm Horde","floor":45,"turns":4},{"damage":3,"enemies":"Orin","floor":47,"turns":5},{"damage":0,"enemies":"Spire Growth","floor":48,"turns":3},{"damage":3,"enemies":"Transient","floor":49,"turns":5},{"damage":0,"enemies":"IC_BLOCK_ARCHETYPE","floor":50,"turns":8}],"seed_played":"-9164316226468392174","potions_obtained":[{"floor":4,"key":"AttackPotion"},{"floor":5,"key":"champ:CounterPotion"},{"floor":12,"key":"Block Potion"},{"floor":16,"key":"Strength Potion"},{"floor":19,"key":"Dexterity Potion"},{"floor":25,"key":"Dexterity Potion"},{"floor":27,"key":"hexamod:SoulburnPotion"},{"floor":27,"key":"Slimebound:ThreeZeroPotion"},{"floor":27,"key":"SneckoOil"},{"floor":30,"key":"PowerPotion"},{"floor":42,"key":"Guardian:StasisDiscoveryPotion"},{"floor":47,"key":"FearPotion"},{"floor":49,"key":"BlessingOfTheForge"}],"is_trial":false,"path_per_floor":["R","M","?","M","M","E","T","?","?","R","E","?","E","$","M","B",null,"R","M","M","$","?","?","T","M","?","?","R","M","M","$","M","B",null,"R","M","?","$","M","$","T","E","?","R","M","R","?","M","M","B",null],"character_chosen":"GUARDIAN","items_purchased":["Guardian:Gem_Blue","Guardian:PrimingBeam","DistilledChaos","Guardian:Gem_Green","Guardian:FloatingOrbs","Strawberry","Mercury Hourglass","Guardian:TimeCapacitor","Guardian:Gem_Fragmented","Guardian:Gem_Cyan","Guardian:Emergency"],"campfire_rested":0,"item_purchase_floors":[14,14,14,21,21,31,31,31,31,31,38],"current_hp_per_floor":[88,88,88,81,80,60,60,57,57,57,44,30,14,14,14,8,88,88,88,85,85,69,69,69,54,49,46,46,46,25,24,24,15,95,95,95,95,95,95,95,95,95,95,105,105,105,102,102,99,99],"gold":101,"neow_bonus":"TEN_PERCENT_HP_BONUS","is_daily":false,"chose_seed":false,"campfire_upgraded":6,"win_rate":0.0,"timestamp":1611598485,"path_taken":["R","M","?","M","M","E","T","?","?","R","E","?","E","$","M","BOSS","R","M","M","?","?","?","T","?","?","?","R","?","M","$","M","BOSS","R","M","?","$","M","$","T","E","?","R","?","R","?","M","M","BOSS"],"items_purchased_type":["Card","Card","Potion","Card","Card","Relic","Relic","Card","Card","Card","Card"],"build_version":"2020-12-22","purchased_purges":4,"victory":true,"max_hp_per_floor":[88,88,88,88,88,88,88,88,88,88,88,88,88,88,88,88,88,88,88,88,88,88,88,88,88,88,88,88,88,88,95,95,95,95,95,95,95,95,95,95,95,95,95,105,105,105,105,105,105,105],"card_choices":[{"not_picked":["Guardian:Reroute","Guardian:TimeBomb"],"picked":"Guardian:RefractedBeam","floor":2},{"not_picked":["Guardian:RollAttack","Guardian:Gem_White"],"picked":"Guardian:Incinerate","floor":4},{"not_picked":["Guardian:Gem_Lightblue","Guardian:Repulse"],"picked":"Guardian:ChargeCore","floor":5},{"not_picked":["Guardian:VentSteam","Guardian:Gem_Crimson"],"picked":"Guardian:ShieldCharger","floor":6},{"not_picked":["Guardian:Gem_Fragmented","Guardian:AncientConstruct"],"picked":"Guardian:Reroute","floor":11},{"not_picked":["Guardian:GuardianWhirl","Guardian:TimeBomb"],"picked":"Guardian:BodySlam","floor":13},{"not_picked":["Guardian:Recover","Guardian:TemporalStrike"],"picked":"Guardian:BronzeOrb","floor":14},{"not_picked":["Guardian:ShieldCharger","Guardian:Preprogram"],"picked":"Guardian:Reroute","floor":15},{"not_picked":["Guardian:HyperBeam_Guardian","Guardian:RevengeProtocol"],"picked":"Guardian:Gem_Orange","floor":16},{"not_picked":["Guardian:Suspension","Guardian:Reroute","Guardian:VentSteam"],"picked":"SKIP","floor":19},{"not_picked":["Guardian:CrystalBeam","Guardian:Gem_Yellow"],"picked":"Guardian:PiercingHide+1","floor":20},{"not_picked":["Guardian:DonusPower","Guardian:VentSteam"],"picked":"Guardian:Gem_Red","floor":21},{"not_picked":["Guardian:Planning","Guardian:WalkerClaw"],"picked":"Guardian:ExploitGems","floor":25},{"not_picked":[],"picked":"J.A.X.","floor":26},{"not_picked":["Guardian:CrystalBeam","Guardian:BronzeOrb"],"picked":"Guardian:SentryBeam+1","floor":26},{"not_picked":["Guardian:ShieldSpikes","Guardian:PrimingBeam"],"picked":"Guardian:Gem_Green","floor":27},{"not_picked":["Guardian:Recover","Guardian:Gem_Cyan"],"picked":"Guardian:BaubleBeam","floor":29},{"not_picked":["Guardian:ShieldSpikes","Guardian:Recover"],"picked":"Guardian:Gem_Yellow","floor":30},{"not_picked":["Guardian:CrystalBeam","Guardian:RollAttack","Guardian:PiercingHide"],"picked":"SKIP","floor":31},{"not_picked":["Guardian:RefractedBeam","Guardian:PiercingHide"],"picked":"Guardian:Gem_Yellow","floor":32},{"not_picked":["Guardian:TimeSifter","Guardian:AncientConstruct"],"picked":"Guardian:ConstructionForm","floor":33},{"not_picked":["Guardian:Repulse+1","Guardian:PolyBeam"],"picked":"Guardian:Gem_Purple","floor":36},{"not_picked":["Guardian:Gem_Green","Guardian:VentSteam+1"],"picked":"Guardian:SpikerProtocol+1","floor":39},{"not_picked":["Guardian:Gem_Lightblue","Guardian:StasisField","Guardian:PiercingHide+1"],"picked":"SKIP","floor":42},{"not_picked":["Guardian:Planning+1","Guardian:RollAttack","Guardian:WalkerClaw"],"picked":"SKIP","floor":45},{"not_picked":["Guardian:Gem_White","Guardian:Suspension+1"],"picked":"Guardian:Gem_Blue","floor":47},{"not_picked":["Guardian:BronzeArmor+1","Guardian:Incinerate"],"picked":"Guardian:CrystalBeam+1","floor":48},{"not_picked":["Guardian:Suspension","Guardian:GuardianWhirl+1"],"picked":"Guardian:BodySlam","floor":49}],"player_experience":163505,"relics_obtained":[{"floor":6,"key":"Art of War"},{"floor":7,"key":"Bronze Scales"},{"floor":11,"key":"Anchor"},{"floor":12,"key":"downfall:GremlinWheel"},{"floor":13,"key":"Lantern"},{"floor":18,"key":"PreservedInsect"},{"floor":23,"key":"Bag of Marbles"},{"floor":23,"key":"HollowMod:LifeEnderRelic"},{"floor":23,"key":"Calipers"},{"floor":24,"key":"MealTicket"},{"floor":26,"key":"MutagenicStrength"},{"floor":27,"key":"White Beast Statue"},{"floor":41,"key":"Smiling Mask"},{"floor":42,"key":"Ornamental Fan"},{"floor":47,"key":"CatCart"}],"event_choices":[{"damage_healed":0,"gold_gain":0,"player_choice":"Success","damage_taken":3,"relics_obtained":["Kunai"],"max_hp_gain":0,"max_hp_loss":0,"event_name":"Scrap Ooze","floor":8,"gold_loss":0},{"damage_healed":0,"gold_gain":0,"player_choice":"Relic","damage_taken":0,"max_hp_gain":0,"max_hp_loss":0,"event_name":"Wheel of Change","floor":18,"gold_loss":0},{"damage_healed":0,"gold_gain":0,"player_choice":"Fight","damage_taken":0,"max_hp_gain":0,"max_hp_loss":0,"event_name":"OrinTheCat","floor":47,"gold_loss":0}],"is_beta":false,"boss_relics":[{"not_picked":["SlaversCollar","bronze:MakeshiftBattery"],"picked":"Guardian:StasisSlotReductionRelic"},{"not_picked":["Fusion Hammer","SacredBark"],"picked":"Guardian:ModeShifterPlus"}],"items_purged_floors":[14,21,31,38],"is_endless":false,"potions_floor_spawned":[4,5,12,16,19,25,27,29,30,31,32,33,36,39,42,45,47,48,49],"ascension_level":0}}