{"host":"vyiqbz5w606ur92t","time":1611570510,"event":{"mods":["BaseMod","Downfall","Minty Spire (QoL Compilation)","StSLib"],"gold_per_floor":[99,114,124,124,137,165,165,222,254,8,8,22,22,35,47,147,147,147,160,160,176,176,176,176,76,61,88,99,111,131,156,178,289,301,113,141,171,183,195,207,219,263,47,63,63,92,92,109,119,119,119,149,81,81,81,81,81,81],"floor_reached":56,"language":"ENG","playtime":6979,"items_purged":["Slimebound:Strike_Slimebound","downfall:Haunted"],"score":839,"play_id":"f5f2b184-fe68-409c-beb2-5006ab0e1d93","local_time":"20210125102830","is_ascension_mode":false,"campfire_choices":[{"data":"Slimebound:Split","floor":1,"key":"SMITH"},{"data":"Slimebound:LeadByExample","floor":13,"key":"SMITH"},{"data":"Slimebound:Replication","floor":18,"key":"SMITH"},{"floor":23,"key":"RECALL"},{"data":"Slimebound:GrowthPunch","floor":25,"key":"SMITH"},{"floor":35,"key":"REST"},{"floor":40,"key":"REST"},{"floor":47,"key":"REST"},{"floor":54,"key":"REST"}],"circlet_count":0,"master_deck":["Slimebound:Tackle","Slimebound:Defend_Slimebound","Slimebound:Split+1","Slimebound:CorrosiveSpit","Slimebound:MegaLick","Slimebound:LeadByExample+1","Slimebound:FlameTackle","Slimebound:SlimeTap","Parasite","Slimebound:GrowthPunch+1","Slimebound:GoopSpray","Slimebound:GoopTackle+1","Slimebound:RollThrough+1","Slimebound:ItLooksTasty+1","Slimebound:Schlurp","Slimebound:ComboTackle+1","Slimebound:Nibble+1","Slimebound:Replication+1","Slimebound:Teamwork","Slimebound:LeechingTouch+1","Slimebound:SplitMire","Slimebound:SplitAcid+1","Slimebound:Repurpose","Slimebound:SplitLeeching+1","Slimebound:LeechEnergy+1","Slimebound:LevelUp","Slimebound:Gluttony","Slimebound:MassRepurpose","Slimebound:OozeBath","Clumsy","Doubt","Slimebound:BestDefense+1","Slimebound:SamplingLick+1","Slimebound:WasteNot","Slimebound:GoopTackle+1","Slimebound:Replication","Slimebound:LeechEnergy+1","Parasite","Slimebound:RejuvenatingLick+1","Slimebound:MassRepurpose","Slimebound:LevelUp"],"relics":["Slimebound:AbsorbEndCombat","Molten Egg 2","Question Card","Slimebound:MaxSlimesRelic","Shuriken","Medical Kit","Kunai","Sozu","downfall:HeartBlessingRed","Du-Vu Doll","MawBank","Fusion Hammer","downfall:HeartBlessingBlue","downfall:HeartBlessingGreen","downfall:ExtraCursedKey","Letter Opener","Akabeko","Slimebound:SelfDamagePreventRelic","Ornamental Fan","Happy Flower","Thread and Needle"],"acts_visited":["Exordium","TheCity","TheBeyond","TheEnding"],"potions_floor_usage":[8,16,16,27,56],"damage_taken":[{"damage":0,"enemies":"2 Louse","floor":2,"turns":3},{"damage":3,"enemies":"Cultist","floor":3,"turns":3},{"damage":6,"enemies":"Jaw Worm","floor":5,"turns":4},{"damage":3,"enemies":"3 Sentries","floor":6,"turns":6},{"damage":15,"enemies":"Lagavulin Event","floor":8,"turns":5},{"damage":17,"enemies":"Gremlin Nob","floor":9,"turns":3},{"damage":8,"enemies":"downfall:FleeingMerchant","floor":10,"turns":4},{"damage":0,"enemies":"Blue Slaver","floor":12,"turns":2},{"damage":0,"enemies":"Exordium Wildlife","floor":14,"turns":4},{"damage":11,"enemies":"2 Fungi Beasts","floor":15,"turns":3},{"damage":3,"enemies":"SI_SHIV_ARCHETYPE","floor":16,"turns":5},{"damage":0,"enemies":"Shell Parasite","floor":19,"turns":3},{"damage":3,"enemies":"Chosen","floor":21,"turns":2},{"damage":3,"enemies":"downfall:FleeingMerchant","floor":26,"turns":4},{"damage":13,"enemies":"Slavers","floor":27,"turns":4},{"damage":10,"enemies":"Snecko","floor":28,"turns":4},{"damage":5,"enemies":"Snake Plant","floor":29,"turns":4},{"damage":0,"enemies":"Centurion and Healer","floor":30,"turns":3},{"damage":0,"enemies":"3 Cultists","floor":32,"turns":2},{"damage":35,"enemies":"DF_ARCHETYPE_CLAW","floor":33,"turns":7},{"damage":0,"enemies":"3 Shapes","floor":36,"turns":3},{"damage":7,"enemies":"Orb Walker","floor":37,"turns":3},{"damage":2,"enemies":"Giant Head","floor":42,"turns":6},{"damage":0,"enemies":"downfall:FleeingMerchant","floor":43,"turns":2},{"damage":5,"enemies":"Maw","floor":44,"turns":4},{"damage":0,"enemies":"Nemesis","floor":46,"turns":5},{"damage":0,"enemies":"Jaw Worm Horde","floor":48,"turns":3},{"damage":3,"enemies":"Writhing Mass","floor":49,"turns":3},{"damage":55,"enemies":"IC_BLOCK_ARCHETYPE","floor":50,"turns":6},{"damage":19,"enemies":"downfall:CharBossMerchant","floor":52,"turns":5},{"damage":24,"enemies":"downfall:NeowBoss","floor":55,"turns":10},{"damage":65,"enemies":"downfall:NeowBossFinal","floor":56,"turns":5}],"seed_played":"7583265108373765141","potions_obtained":[{"floor":2,"key":"Guardian:BlockOnCardUsePotion"},{"floor":12,"key":"Strength Potion"},{"floor":14,"key":"FearPotion"},{"floor":15,"key":"Slimebound:SlimedPotion"},{"floor":16,"key":"BlessingOfTheForge"}],"is_trial":false,"path_per_floor":["R","M","M","?","M","E","T","?","E","$","?","M","R","M","M","B",null,"R","M","?","M","?","R","T","R","$","E","M","M","M","T","M","B",null,"R","M","M","?","?","R","T","E","$","M","?","E","R","M","M","B",null,"E","$","R","B","B"],"character_chosen":"SLIMEBOUND","items_purchased":["Medical Kit","Slimebound:SelfDamagePreventRelic","Slimebound:WasteNot","Ornamental Fan","Slimebound:LevelUp"],"campfire_rested":4,"item_purchase_floors":[10,43,43,43,53],"current_hp_per_floor":[71,71,70,70,69,71,71,62,47,45,27,31,31,37,26,31,71,71,71,71,71,71,71,71,71,71,62,60,57,61,61,69,42,71,81,81,76,76,76,81,81,79,81,80,80,81,81,81,81,32,81,64,64,81,57,0,0,0],"gold":81,"neow_bonus":"TEN_PERCENT_HP_BONUS","is_daily":false,"chose_seed":false,"campfire_upgraded":4,"win_rate":0.0,"timestamp":1611570510,"path_taken":["R","M","M","?","?","E","T","?","E","$","?","M","R","M","M","BOSS","R","M","?","M","?","R","T","R","?","E","M","M","M","?","M","BOSS","R","M","M","?","?","R","T","E","$","M","?","E","R","M","M","BOSS","E","$","R","BOSS","BOSS"],"items_purchased_type":["Relic","Relic","Card","Relic","Card"],"build_version":"2020-12-22","purchased_purges":2,"victory":false,"max_hp_per_floor":[71,71,71,71,71,71,71,71,71,71,71,71,71,71,71,71,71,71,71,71,71,71,71,71,71,71,71,71,71,71,71,71,71,71,81,81,81,81,81,81,81,81,81,81,81,81,81,81,81,81,81,81,81,81,81,81,81,81],"card_choices":[{"not_picked":["Slimebound:SlimeBrawl","Slimebound:LivingWall"],"picked":"Slimebound:MegaLick","floor":2},{"not_picked":["Slimebound:HauntingLick","Slimebound:GoopSpray"],"picked":"Slimebound:LeadByExample","floor":3},{"not_picked":["Slimebound:LeadByExample","Slimebound:GrowthPunch"],"picked":"Slimebound:GoopSpray","floor":5},{"not_picked":["Slimebound:GrowthPunch+1","Slimebound:SplitBruiser"],"picked":"Slimebound:GoopTackle+1","floor":6},{"not_picked":["Slimebound:FinishingTackle+1","Slimebound:SamplingLick","Slimebound:Grow"],"picked":"Slimebound:RollThrough+1","floor":8},{"not_picked":["Slimebound:Chomp+1","Slimebound:FinishingTackle+1","Slimebound:LevelUp"],"picked":"Slimebound:ItLooksTasty+1","floor":9},{"not_picked":["Slimebound:PrepareCrush","Slimebound:PressTheAttack+1","Slimebound:RollThrough+1"],"picked":"Slimebound:Schlurp","floor":10},{"not_picked":["Slimebound:LeadByExample","Slimebound:SpikyOuterGoop","Slimebound:Prepare"],"picked":"Slimebound:ComboTackle+1","floor":12},{"not_picked":["Slimebound:Replication","Slimebound:FinishingTackle+1","Slimebound:SlimeTap"],"picked":"Slimebound:Nibble+1","floor":14},{"not_picked":["Slimebound:RainOfGoop","Slimebound:SpikyOuterGoop","Slimebound:GoopSpray"],"picked":"Slimebound:Replication","floor":15},{"not_picked":["Slimebound:FirmFortitude","Slimebound:DouseInSlime","Slimebound:SelfFormingGoo"],"picked":"Slimebound:Teamwork","floor":16},{"not_picked":["Slimebound:HauntingLick","Slimebound:SamplingLick","Slimebound:BestDefense"],"picked":"Slimebound:LeechingTouch+1","floor":19},{"not_picked":["Slimebound:SlimeTap+1","Slimebound:SlimeSpikes+1","Slimebound:Nibble+1"],"picked":"Slimebound:SplitMire","floor":21},{"not_picked":["Slimebound:SlimeSlap+1","Slimebound:OneTwoCombo+1","Slimebound:RejuvenatingLick"],"picked":"Slimebound:SplitAcid+1","floor":26},{"not_picked":["Slimebound:SplitBruiser","Slimebound:RollThrough+1","Slimebound:SamplingLick+1"],"picked":"Slimebound:Repurpose","floor":27},{"not_picked":["Slimebound:PressTheAttack+1","Slimebound:SlimeSpikes","Slimebound:ComboTackle+1"],"picked":"Slimebound:SplitLeeching+1","floor":28},{"not_picked":["Slimebound:Prepare","Slimebound:GoopTackle+1","Slimebound:Chomp+1"],"picked":"Slimebound:LeechEnergy+1","floor":29},{"not_picked":["Slimebound:SlimeTap","Slimebound:BestDefense","Slimebound:DisruptingSlam+1"],"picked":"Slimebound:LevelUp","floor":30},{"not_picked":["Slimebound:PressTheAttack+1","Slimebound:HauntingLick","Slimebound:LivingWall"],"picked":"Slimebound:Gluttony","floor":32},{"not_picked":["Slimebound:RallyTheTroops+1","Slimebound:SelfFormingGoo","Slimebound:Overexert"],"picked":"Slimebound:MassRepurpose","floor":33},{"not_picked":["Slimebound:DisruptingSlam+1","Slimebound:RainOfGoop","Slimebound:FormOfPuddle+1","Slimebound:LeechingTouch+1"],"picked":"SKIP","floor":36},{"not_picked":["Slimebound:ForwardTackle+1","Slimebound:RollThrough+1","Slimebound:FlameTackle+1","Slimebound:PressTheAttack+1"],"picked":"SKIP","floor":37},{"not_picked":["Slimebound:SlimeBrawl","Slimebound:GoopSpray+1","Slimebound:SplitLeeching"],"picked":"Slimebound:BestDefense+1","floor":42},{"not_picked":["Slimebound:SplitAcid","Slimebound:LevelUp","Slimebound:AcidTongue"],"picked":"Slimebound:SamplingLick+1","floor":43},{"not_picked":["Slimebound:GoopSpray","Slimebound:SlimeSpikes","Slimebound:LeechLife+1"],"picked":"Slimebound:GoopTackle+1","floor":44},{"not_picked":["Slimebound:FlameTackle+1","Slimebound:ViciousTackle+1","Slimebound:Nibble+1"],"picked":"Slimebound:Replication","floor":46},{"not_picked":["Slimebound:FinishingTackle+1","Slimebound:SplitAcid+1","Slimebound:GrowthPunch+1"],"picked":"Slimebound:LeechEnergy+1","floor":48},{"not_picked":["Slimebound:SplitMire+1","Slimebound:LivingWall","Slimebound:LeechEnergy+1"],"picked":"Slimebound:RejuvenatingLick+1","floor":49},{"not_picked":["Slimebound:GoopTackle+1","Slimebound:FinishingTackle+1","Slimebound:RejuvenatingLick"],"picked":"Slimebound:MassRepurpose","floor":52}],"player_experience":1027850,"relics_obtained":[{"floor":6,"key":"Molten Egg 2"},{"floor":7,"key":"Question Card"},{"floor":8,"key":"Slimebound:MaxSlimesRelic"},{"floor":9,"key":"Shuriken"},{"floor":27,"key":"Du-Vu Doll"},{"floor":31,"key":"MawBank"},{"floor":41,"key":"Letter Opener"},{"floor":42,"key":"Akabeko"},{"floor":46,"key":"Happy Flower"},{"floor":52,"key":"Thread and Needle"}],"event_choices":[{"damage_healed":0,"gold_gain":0,"player_choice":"Success","damage_taken":18,"relics_obtained":["Kunai"],"max_hp_gain":0,"max_hp_loss":0,"event_name":"Scrap Ooze","floor":11,"gold_loss":0},{"cards_removed":["Slimebound:Defend_Slimebound"],"damage_healed":0,"gold_gain":0,"player_choice":"Removed Skill","damage_taken":0,"max_hp_gain":0,"max_hp_loss":0,"event_name":"Falling","floor":39,"gold_loss":0}],"is_beta":false,"boss_relics":[{"not_picked":["SacredBark","Empty Cage"],"picked":"Sozu"},{"not_picked":["Astrolabe","Tiny House"],"picked":"Fusion Hammer"}],"items_purged_floors":[10,43],"is_endless":false,"potions_floor_spawned":[2,12,14,15,16,21,28,32,42,44,46,48,49],"killed_by":"downfall:NeowBossFinal","ascension_level":0}}