{"host":"yzlg3mitc00v31o1","time":1611590486,"event":{"mods":["AchievementEnabler","BaseMod","BetterRewards","DeckTracker","Gold Saver","KOR Keyword Fix","Minty Spire (QoL Compilation)","Remove Card Discount Mod","Spicy Shops","StSLib","SuperFastMode"],"gold_per_floor":[978,993,1008,1008,1027,1060,1060,1091,1116,1116,1133,1208,1219,498,498,601,601,619,619,619,237,251,264,293,313,313,332,332,176,189,205,205,309,309,323,323,323,0,0,34,49,66,117,134,134,180,180,196,196,196],"floor_reached":51,"language":"KOR","playtime":2696,"items_purged":["Strike_B","Strike_B","Strike_B","Defend_B","Defend_B","Pain","Defend_B","Strike_B","Genetic Algorithm+1"],"score":1086,"play_id":"af12a111-9461-4578-a9e3-d4bc06b6226a","local_time":"20210126010126","is_ascension_mode":false,"campfire_choices":[{"data":"Gash","floor":7,"key":"SMITH"},{"floor":15,"key":"REST"},{"data":"Gash","floor":28,"key":"SMITH"},{"floor":32,"key":"REST"},{"floor":45,"key":"REST"},{"floor":49,"key":"REST"}],"circlet_count":0,"master_deck":["Dualcast","Gash+1","Flash of Steel","BootSequence","Ball Lightning","Go for the Eyes","Redo+1","Rainbow","Cold Snap","Defragment","Electrodynamics","Redo","Genetic Algorithm+1","Melter","Metamorphosis","Sunder","Gash+1","Reboot","Ball Lightning","Gash+1","Compile Driver+1","Aggregate+1","BootSequence+1","Melter+1","Core Surge+1","Cold Snap+1","Enlightenment","Recycle","Cold Snap","Rebound","Gash","Turbo+1","Conserve Battery+1","Streamline+1"],"relics":["Cracked Core","FaceOfCleric","TungstenRod","Bronze Scales","Nunchaku","Oddly Smooth Stone","Membership Card","Prayer Wheel","Mummified Hand","StoneCalendar","SacredBark","WarpedTongs","Potion Belt","War Paint","Centennial Puzzle","FossilizedHelix","Boot","ClockworkSouvenir","Astrolabe","Orichalcum","Pen Nib","Singing Bowl","Anchor","Incense Burner","Kunai"],"acts_visited":["Exordium","TheCity","TheBeyond"],"potions_floor_usage":[6,16,16,33,33,33,33,41,48,50,50,50],"damage_taken":[{"damage":7,"enemies":"2 Louse","floor":1,"turns":3},{"damage":1,"enemies":"Cultist","floor":2,"turns":3},{"damage":0,"enemies":"Jaw Worm","floor":3,"turns":2},{"damage":3,"enemies":"Lots of Slimes","floor":5,"turns":3},{"damage":22,"enemies":"Gremlin Nob","floor":6,"turns":4},{"damage":22,"enemies":"3 Sentries","floor":8,"turns":5},{"damage":0,"enemies":"Large Slime","floor":11,"turns":4},{"damage":1,"enemies":"Exordium Wildlife","floor":13,"turns":3},{"damage":2,"enemies":"Hexaghost","floor":16,"turns":6},{"damage":0,"enemies":"3 Byrds","floor":18,"turns":2},{"damage":0,"enemies":"Shell Parasite","floor":22,"turns":3},{"damage":1,"enemies":"Chosen and Byrds","floor":23,"turns":4},{"damage":25,"enemies":"Book of Stabbing","floor":24,"turns":4},{"damage":6,"enemies":"Centurion and Healer","floor":25,"turns":3},{"damage":16,"enemies":"Snake Plant","floor":27,"turns":4},{"damage":0,"enemies":"Snecko","floor":30,"turns":3},{"damage":0,"enemies":"Chosen and Byrds","floor":31,"turns":3},{"damage":0,"enemies":"Champ","floor":33,"turns":5},{"damage":0,"enemies":"Orb Walker","floor":35,"turns":3},{"damage":50,"enemies":"Reptomancer","floor":40,"turns":6},{"damage":1,"enemies":"3 Darklings","floor":41,"turns":4},{"damage":21,"enemies":"Writhing Mass","floor":42,"turns":5},{"damage":0,"enemies":"Transient","floor":44,"turns":5},{"damage":17,"enemies":"2 Orb Walkers","floor":46,"turns":3},{"damage":6,"enemies":"Maw","floor":48,"turns":5},{"damage":57,"enemies":"Awakened One","floor":50,"turns":11}],"seed_played":"-5422628930909053541","potions_obtained":[{"floor":1,"key":"Fire Potion"},{"floor":3,"key":"FocusPotion"},{"floor":6,"key":"FocusPotion"},{"floor":16,"key":"FocusPotion"},{"floor":18,"key":"PowerPotion"},{"floor":24,"key":"SpeedPotion"},{"floor":30,"key":"Weak Potion"},{"floor":31,"key":"LiquidMemories"},{"floor":35,"key":"EssenceOfDarkness"},{"floor":40,"key":"Fire Potion"},{"floor":46,"key":"PowerPotion"},{"floor":48,"key":"Fire Potion"}],"is_trial":false,"path_per_floor":["M","M","M","?","M","E","R","E","T","?","M","?","M","$","R","B",null,"M","?","?","$","M","M","E","M","T","M","R","$","M","M","R","B",null,"M","?","?","$","?","E","M","M","T","M","R","?","T","M","R","B",null],"character_chosen":"DEFECT","items_purchased":["Gash","Flash of Steel","Oddly Smooth Stone","Membership Card","Prayer Wheel","Mummified Hand","StoneCalendar","Defragment","Genetic Algorithm","Melter","Metamorphosis","Potion Belt","War Paint","Boot","ClockworkSouvenir","Recycle","Cold Snap","Rebound","Orichalcum","Pen Nib"],"campfire_rested":4,"item_purchase_floors":[0,0,14,14,14,14,14,14,21,21,21,21,21,29,29,38,38,38,38,38],"current_hp_per_floor":[68,67,67,67,65,44,44,23,23,23,24,14,14,14,38,37,81,82,82,82,82,83,83,59,54,54,39,39,39,40,41,67,68,90,91,91,91,91,91,44,48,30,30,31,61,45,45,44,76,20],"gold":196,"neow_bonus":"","is_daily":false,"chose_seed":false,"campfire_upgraded":2,"win_rate":0.0,"timestamp":1611590486,"path_taken":["M","M","M","?","?","E","R","E","T","?","?","?","M","$","R","BOSS","M","?","?","$","M","M","E","M","T","M","R","$","?","M","R","BOSS","M","?","?","$","?","E","M","M","T","?","R","?","?","M","R","BOSS"],"items_purchased_type":["Card","Card","Relic","Relic","Relic","Relic","Relic","Card","Card","Card","Card","Relic","Relic","Relic","Relic","Card","Card","Card","Relic","Relic"],"build_version":"2020-12-22","purchased_purges":9,"victory":true,"max_hp_per_floor":[75,75,75,75,76,77,77,78,78,78,79,79,80,80,80,81,81,82,82,82,82,83,84,85,86,86,87,87,87,88,89,89,90,90,91,91,91,91,91,94,99,102,102,103,103,104,104,109,109,110],"card_choices":[{"not_picked":["Rebound","Beam Cell"],"picked":"BootSequence","floor":1},{"not_picked":["Defragment","Steam"],"picked":"Ball Lightning","floor":2},{"not_picked":["Barrage","Conserve Battery"],"picked":"Go for the Eyes","floor":3},{"not_picked":["Chaos","Compile Driver"],"picked":"Redo","floor":5},{"not_picked":["Steam","Leap"],"picked":"Ball Lightning","floor":6},{"not_picked":["Reprogram","Redo"],"picked":"Rainbow","floor":8},{"not_picked":["Force Field","Lockon"],"picked":"Melter","floor":11},{"not_picked":["Compile Driver","Sweeping Beam"],"picked":"Cold Snap","floor":13},{"not_picked":["Meteor Strike","Multi-Cast"],"picked":"Electrodynamics","floor":16},{"not_picked":["Glacier","Stack"],"picked":"Redo","floor":18},{"not_picked":["Skim","Stack","Recycle+1"],"picked":"SKIP","floor":18},{"not_picked":["Barrage","Recycle"],"picked":"Sunder","floor":22},{"not_picked":["Steam Power","Compile Driver","Go for the Eyes+1"],"picked":"SKIP","floor":22},{"not_picked":["Redo","Sweeping Beam"],"picked":"Gash","floor":23},{"not_picked":["Melter+1","Stack","Coolheaded+1"],"picked":"SKIP","floor":23},{"not_picked":["Glacier","Beam Cell"],"picked":"Reboot","floor":24},{"not_picked":["Chaos","Turbo"],"picked":"Genetic Algorithm+1","floor":25},{"not_picked":["Lockon","Loop"],"picked":"Ball Lightning","floor":25},{"not_picked":["Compile Driver","Streamline"],"picked":"Gash+1","floor":27},{"not_picked":["Chaos","Steam","Go for the Eyes+1"],"picked":"SKIP","floor":27},{"not_picked":["Turbo","Ball Lightning"],"picked":"Compile Driver+1","floor":30},{"not_picked":["Tempest","Machine Learning"],"picked":"Aggregate+1","floor":30},{"not_picked":["Go for the Eyes","Heatsinks","Redo"],"picked":"SKIP","floor":31},{"not_picked":["Lockon","Defragment","Redo"],"picked":"SKIP","floor":31},{"not_picked":["Go for the Eyes+1","Scrape+1"],"picked":"Cold Snap+1","floor":35},{"not_picked":["Heatsinks","Hologram","Static Discharge"],"picked":"SKIP","floor":35},{"not_picked":["Forethought","Blind"],"picked":"Enlightenment","floor":37},{"not_picked":["Turbo","Redo+1","Barrage+1"],"picked":"Singing Bowl","floor":40},{"not_picked":["Fission","Redo","Cold Snap+1"],"picked":"Singing Bowl","floor":41},{"not_picked":["Hologram+1","Streamline","Steam+1"],"picked":"Singing Bowl","floor":41},{"not_picked":["Sweeping Beam","Hologram+1"],"picked":"Gash","floor":42},{"not_picked":["Beam Cell","Fusion+1","Barrage"],"picked":"Singing Bowl","floor":42},{"not_picked":["Chaos+1","Streamline"],"picked":"Turbo+1","floor":44},{"not_picked":["Scrape","Compile Driver+1"],"picked":"Conserve Battery+1","floor":44},{"not_picked":["Steam+1","Genetic Algorithm+1"],"picked":"Streamline+1","floor":46},{"not_picked":["Fusion+1","Stack+1","Creative AI"],"picked":"Singing Bowl","floor":48},{"not_picked":["BootSequence+1","Redo","Rip and Tear+1"],"picked":"Singing Bowl","floor":48}],"player_experience":83514,"relics_obtained":[{"floor":6,"key":"TungstenRod"},{"floor":8,"key":"Bronze Scales"},{"floor":9,"key":"Nunchaku"},{"floor":24,"key":"Centennial Puzzle"},{"floor":26,"key":"FossilizedHelix"},{"floor":40,"key":"Singing Bowl"},{"floor":43,"key":"Anchor"},{"floor":46,"key":"Incense Burner"},{"floor":47,"key":"Kunai"}],"event_choices":[{"damage_healed":0,"gold_gain":0,"player_choice":"Trade","damage_taken":0,"relics_obtained":["FaceOfCleric"],"max_hp_gain":0,"max_hp_loss":0,"event_name":"FaceTrader","floor":4,"gold_loss":0},{"damage_healed":0,"gold_gain":0,"cards_transformed":["Zap"],"player_choice":"Transformed","damage_taken":0,"max_hp_gain":0,"max_hp_loss":0,"event_name":"Transmorgrifier","floor":10,"gold_loss":0,"cards_obtained":["Chaos"]},{"damage_healed":0,"gold_gain":75,"player_choice":"Gather Gold","damage_taken":11,"max_hp_gain":0,"max_hp_loss":0,"event_name":"World of Goop","floor":12,"gold_loss":0},{"damage_healed":0,"gold_gain":0,"player_choice":"Ignored","damage_taken":0,"max_hp_gain":0,"max_hp_loss":0,"event_name":"Vampires","floor":19,"gold_loss":0},{"damage_healed":0,"gold_gain":0,"player_choice":"Rummage","damage_taken":0,"relics_obtained":["WarpedTongs"],"max_hp_gain":0,"max_hp_loss":0,"event_name":"Accursed Blacksmith","floor":20,"gold_loss":0,"cards_obtained":["Pain"]},{"damage_healed":0,"gold_gain":0,"player_choice":"Ignored","damage_taken":0,"max_hp_gain":0,"max_hp_loss":0,"event_name":"Tomb of Lord Red Mask","floor":36,"gold_loss":0},{"damage_healed":0,"gold_gain":0,"player_choice":"Memory 1","damage_taken":0,"max_hp_gain":0,"max_hp_loss":0,"event_name":"SensoryStone","floor":37,"gold_loss":0},{"cards_removed":["Chaos"],"damage_healed":0,"gold_gain":0,"player_choice":"Purged","damage_taken":0,"max_hp_gain":0,"max_hp_loss":0,"event_name":"Purifier","floor":39,"gold_loss":0},{"damage_healed":0,"gold_gain":0,"player_choice":"Fight","damage_taken":0,"max_hp_gain":0,"max_hp_loss":0,"event_name":"Mysterious Sphere","floor":46,"gold_loss":0}],"is_beta":false,"boss_relics":[{"not_picked":["Ectoplasm","Snecko Eye"],"picked":"SacredBark"},{"not_picked":["Pandora\u0027s Box","Sozu"],"picked":"Astrolabe"}],"items_purged_floors":[14,14,14,14,14,21,21,21,29],"is_endless":false,"potions_floor_spawned":[1,3,6,16,18,24,30,31,35,40,46,48],"ascension_level":0}}