{"host":"8d3fefv2347kqkpz","time":1611593401,"event":{"mods":["AchievementEnabler","Act Like it!","Aspiration","BaseMod","Better Vampires","Colored Map","Colored Powertips","Conspire","GifTheSpireLib","Hermit","Highlight Path","Hubris","Marisa£®ÏF”Í°°ƒß¿Ì…≥£©","Mimic Mod","Minty Spire (QoL Compilation)","Quick Restart","Rare Cards Sparkle","Reimu£®≤©¿ˆ¡È√Œ£©","Relic Stats","Remilia£®¿Ÿ√◊¿Ú—«£©","Replay The Spire","Spicy Shops","StSLib","The Cursed","The Jungle","The Servant 0.9.4","Waifu the Spire","Youmu£®ªÍ∆«—˝√Œ£©"],"gold_per_floor":[110,110,125,137,147,147,159,123,123,140,140,67,67,67,67,168,168,182,216,216,216],"floor_reached":20,"language":"ZHS","playtime":558,"items_purged":[],"score":164,"play_id":"fbe8c9c6-0095-476d-b151-fe66a66717fe","local_time":"20210126005001","is_ascension_mode":false,"campfire_choices":[{"data":"hermit:Maintenance","floor":6,"key":"SMITH"},{"floor":11,"key":"REST"},{"floor":13,"key":"REST"},{"data":"hermit:Maintenance","floor":15,"key":"SMITH"}],"circlet_count":0,"master_deck":["hermit:Maintenance+1","hermit:Strike_Hermit","hermit:Strike_Hermit","hermit:Strike_Hermit","hermit:Strike_Hermit","hermit:Defend_Hermit","hermit:Defend_Hermit","hermit:Snapshot","hermit:Covet","hermit:Showdown","hermit:HighCaliber","hermit:HighCaliber","hermit:Maintenance+1","hermit:Showdown"],"relics":["hermit:Momento","hubris:Metronome","ReplayTheSpireMod:DimensionalGlitch","Red Mask"],"acts_visited":["Exordium","TheCity"],"potions_floor_usage":[],"damage_taken":[{"damage":8,"enemies":"2 Louse","floor":1,"turns":3},{"damage":7,"enemies":"Jaw Worm","floor":3,"turns":4},{"damage":0,"enemies":"Small Slimes","floor":4,"turns":3},{"damage":9,"enemies":"Exordium Wildlife","floor":5,"turns":3},{"damage":7,"enemies":"Blue Slaver","floor":7,"turns":3},{"damage":13,"enemies":"Lots of Slimes","floor":10,"turns":4},{"damage":45,"enemies":"Slime Boss","floor":16,"turns":5},{"damage":17,"enemies":"Shell Parasite","floor":18,"turns":4},{"damage":50,"enemies":"Masked Bandits","floor":19,"turns":5},{"damage":18,"enemies":"3 Byrds","floor":20,"turns":2}],"seed_played":"-813714128565672955","potions_obtained":[{"floor":1,"key":"Energy Potion"},{"floor":7,"key":"Languid Potion"},{"floor":19,"key":"Fire Potion"}],"is_trial":false,"path_per_floor":["M","?","M","M","M","R","M","$","T","M","R","$","R","?","R","B",null,"M","?","M"],"character_chosen":"HERMIT","items_purchased":["hermit:Maintenance","hermit:Showdown"],"campfire_rested":2,"item_purchase_floors":[8,12],"current_hp_per_floor":[67,67,60,60,51,51,44,44,44,31,53,53,75,80,80,35,80,63,13,0,0],"gold":216,"neow_bonus":"TRANSFORM_CARD","is_daily":false,"chose_seed":false,"campfire_upgraded":2,"win_rate":0.0,"timestamp":1611593401,"path_taken":["M","?","M","M","M","R","M","$","T","M","R","$","R","?","R","BOSS","M","?","M"],"items_purchased_type":["Card","Card"],"build_version":"2020-12-22","purchased_purges":0,"victory":false,"max_hp_per_floor":[75,75,75,75,75,75,75,75,75,75,75,75,75,80,80,80,80,80,80,80,80],"relic_stats":{"counters":[10,36],"obtain_stats":[{"hubris:Metronome":9,"Red Mask":19,"ReplayTheSpireMod:DimensionalGlitch":17,"hermit:Momento":0},{"hubris:Metronome":5,"Red Mask":9,"ReplayTheSpireMod:DimensionalGlitch":7,"hermit:Momento":0},{"hubris:Metronome":16,"Red Mask":34,"ReplayTheSpireMod:DimensionalGlitch":25,"hermit:Momento":0}]},"card_choices":[{"not_picked":["hermit:SprayPray","hermit:PistolWhip","hermit:HoleUp"],"picked":"SKIP","floor":1},{"not_picked":["hermit:LuckOfTheDraw","hermit:Manifest","hermit:TrackingShot"],"picked":"SKIP","floor":3},{"not_picked":["hermit:BodyArmor","hermit:Cheat"],"picked":"hermit:HighCaliber","floor":4},{"not_picked":["hermit:Brawl","hermit:Feint"],"picked":"hermit:HighCaliber","floor":5},{"not_picked":["hermit:Grudge","hermit:Desperado","hermit:LowProfile"],"picked":"SKIP","floor":7},{"not_picked":["hermit:ShadowCloak","hermit:Misfire","hermit:SprayPray"],"picked":"SKIP","floor":10},{"not_picked":["hermit:Grudge","hermit:Midnight+1","hermit:Vantage"],"picked":"SKIP","floor":18}],"player_experience":186875,"relics_obtained":[{"floor":9,"key":"hubris:Metronome"},{"floor":19,"key":"Red Mask"}],"event_choices":[{"cards_removed":["hermit:Defend_Hermit"],"damage_healed":0,"gold_gain":0,"player_choice":"Forget","damage_taken":0,"max_hp_gain":0,"max_hp_loss":0,"event_name":"Living Wall","floor":2,"gold_loss":0},{"damage_healed":0,"gold_gain":0,"player_choice":"Donut","damage_taken":0,"max_hp_gain":5,"max_hp_loss":0,"event_name":"Big Fish","floor":14,"gold_loss":0},{"damage_healed":0,"gold_gain":0,"player_choice":"Fought Bandits","damage_taken":0,"max_hp_gain":0,"max_hp_loss":0,"event_name":"Masked Bandits","floor":19,"gold_loss":0}],"is_beta":false,"boss_relics":[{"not_picked":["Replay:Fungal Core","Replay:Ancient Bell"],"picked":"ReplayTheSpireMod:DimensionalGlitch"}],"items_purged_floors":[],"is_endless":false,"potions_floor_spawned":[1,7,19],"killed_by":"3 Byrds","ascension_level":0}}