{"host":"wqapji1ctd7hhcnm","time":1611533052,"event":{"mods":["BaseMod","Beaked The Cultist","Conspire","Custom Start","Downfall","Energized Spire","Fiend Mod","GifTheSpireLib","Hubris","Infinite Spire","Mad Scientist","Minty Spire (QoL Compilation)","READ ME - Guardian Mod","Replay The Spire","SIMod","Shop Mod","Spikes Relics","StSLib","Stuff the Spire","The Construct","The Judge","The Jungle"],"gold_per_floor":[99,109,49,49,49,49,49,67,86,105,213,238,248,248,248,248],"floor_reached":14,"language":"ENG","playtime":523,"items_purged":[],"score":90,"play_id":"559a71b6-0753-4da6-aabe-6f5f0d15c0d4","local_time":"20210124180412","is_ascension_mode":false,"campfire_choices":[{"data":"champ:Taunt","floor":1,"key":"SMITH"},{"data":"champ:FanOfKnives","floor":6,"key":"SMITH"}],"circlet_count":0,"master_deck":["champ:Strike","champ:Strike+1","champ:Strike","champ:Strike","champ:Defend","champ:Defend","champ:Defend","champ:Defend","champ:Execute","champ:Taunt+1","champ:PreciseThrust","champ:FanOfKnives+1","champ:Shatter","champ:RecklessLeap","champ:GutPunch","champ:HeartStrike"],"relics":["champ:ChampionCrown","StuffTheSpire:TintedRock","HornCleat","hubris:DeckOfHolding","champ:GladiatorsBookOfMartialProwess"],"acts_visited":["Exordium"],"potions_floor_usage":[],"damage_taken":[{"damage":29,"enemies":"Cultist","floor":2,"turns":4},{"damage":10,"enemies":"downfall:FleeingMerchant","floor":3,"turns":4},{"damage":21,"enemies":"Jaw Worm","floor":8,"turns":2},{"damage":0,"enemies":"Small Slimes","floor":9,"turns":3},{"damage":10,"enemies":"Gremlin Gang","floor":10,"turns":3},{"damage":38,"enemies":"Gremlin Nob","floor":11,"turns":4},{"damage":17,"enemies":"Blue Slaver","floor":13,"turns":2},{"damage":0,"enemies":"Lagavulin","floor":14,"turns":1}],"seed_played":"-7441685544387321363","potions_obtained":[{"floor":9,"key":"EssenceOfSteel"},{"floor":10,"key":"Toxic Potion"},{"floor":11,"key":"Weak Potion"}],"is_trial":false,"path_per_floor":["R","M","$","?","?","R","T","M","M","M","E","?","M","E"],"character_chosen":"THE_CHAMP","items_purchased":["champ:Shatter"],"campfire_rested":0,"item_purchase_floors":[3],"current_hp_per_floor":[99,90,90,90,90,90,90,79,79,79,66,27,20,20,20,20],"gold":248,"neow_bonus":"TEN_PERCENT_HP_BONUS","is_daily":false,"chose_seed":false,"campfire_upgraded":2,"win_rate":0.0,"timestamp":1611533052,"path_taken":["R","M","?","?","?","R","T","M","M","?","E","?","M","E"],"items_purchased_type":["Card"],"build_version":"2020-12-22","purchased_purges":0,"victory":false,"max_hp_per_floor":[99,99,99,99,99,99,99,99,99,99,99,99,99,99,99,99],"card_choices":[{"not_picked":["champ:Lariat","champ:AdrenalArmor"],"picked":"champ:PreciseThrust","floor":2},{"not_picked":["champ:BladeFlurry","champ:PerfectedStrike"],"picked":"champ:FanOfKnives","floor":3},{"not_picked":["champ:BladeFlurry","champ:BringItOn","champ:FancyFootwork"],"picked":"SKIP","floor":8},{"not_picked":["champ:RisingSlash","champ:FalseCounter"],"picked":"champ:RecklessLeap","floor":9},{"not_picked":["champ:CrownThrow","champ:IronFortress","champ:Endure"],"picked":"SKIP","floor":10},{"not_picked":["champ:CrownThrow","champ:FalseCounter"],"picked":"champ:GutPunch","floor":11},{"not_picked":["champ:ShieldWall","champ:Shatter"],"picked":"champ:HeartStrike","floor":12},{"not_picked":["champ:AdrenalArmor","champ:FlashCut","champ:Shatter"],"picked":"SKIP","floor":13}],"player_experience":1457734,"relics_obtained":[{"floor":5,"key":"StuffTheSpire:TintedRock"},{"floor":7,"key":"HornCleat"},{"floor":11,"key":"hubris:DeckOfHolding"},{"floor":12,"key":"champ:GladiatorsBookOfMartialProwess"}],"event_choices":[{"damage_healed":0,"gold_gain":0,"player_choice":"Relic","damage_taken":0,"max_hp_gain":0,"max_hp_loss":0,"event_name":"Wheel of Change","floor":5,"gold_loss":0}],"is_beta":false,"boss_relics":[],"items_purged_floors":[],"is_endless":false,"potions_floor_spawned":[9,10,11],"killed_by":"Lagavulin","ascension_level":0}}