{"host":"rl3s470f8onwqc1s","time":1611562065,"event":{"mods":["ATMod(°¢èªMod)","BaseMod","Gold Saver","Minty Spire (QoL Compilation)","MostiFishMod","Shop Mod","Spicy Shops","StSLib","TestMod","[IsaacMod]ÒÔÈö¼âËþ"],"gold_per_floor":[6902,5228,5228,5228,3874,3939,3939,2051,2051,2160,2172,2260,2336,2421,2516,2528,2579,2716,2797,2809,2886,3198,3210,3276,3408,3463,3475,3558,3570,3714,3726,3804,3857,3944,4024,4161,4290,4367,4445,4457,4587,4684,4764,4776,5497,5509,5690,5702,5867,4357,4480,4578,4640,4993,5125,5125,5125,5195,4414,4414,3275,3212,3220,3340,3388,3388,3396,1182,1225,1249],"floor_reached":57,"language":"ZHS","playtime":3039,"items_purged":["Strike_G","Strike_G","Strike_G","Strike_G","Defend_G","Defend_G","Defend_G","Infinite Blades"],"score":4638,"play_id":"cab547c9-5b84-4b88-88cb-0896130ec424","local_time":"20210125160745","is_ascension_mode":true,"campfire_choices":[{"data":"Acrobatics","floor":7.0,"key":"SMITH"},{"data":"DoctorFetus","floor":11.0,"key":"SMITH"},{"floor":15.0,"key":"RECALL"},{"data":"AT_WindFlip","floor":6.0,"key":"SMITH"},{"data":"Neutralize","floor":13.0,"key":"SMITH"},{"data":"MostiFishMod:Dislodge","floor":15.0,"key":"SMITH"},{"data":"After Image","floor":32.0,"key":"SMITH"},{"data":"Footwork","floor":42,"key":"SMITH"},{"data":"Riddle With Holes","floor":46,"key":"SMITH"},{"floor":49,"key":"REST"},{"floor":53,"key":"REST"}],"circlet_count":0,"master_deck":["AscendersBane","Defend_G+1","Defend_G+1","Survivor+1","Neutralize+1","DoctorFetus+1","AT_BodySlamDance+1","Cloak And Dagger+1","AT_WindFlip+1","Riddle With Holes+1","Acrobatics+1","Footwork+1","Backflip+1","Reflex+1","MostiFishMod:Dislodge+1","After Image+1","Tactician+1","MostiFishMod:WinterMarkForm+1","PiercingWail+1","testmod-CardIndex+1","MostiFishMod:FrostNova+1","Cloak And Dagger+1","Quick Slash+1","Acrobatics+1","MostiFishMod:FrostNova+1","AT_ThistleTea+1","Tactician+1","Tactician+1","testmod-TemporaryDeletion+1","testmod-AutoReboundSystem+1","Storm of Steel+1","AT_KingSlayer+1"],"relics":["testmod-TestBox","DaveBox","AT_ATBox","HushsDoor","DeathBook","MetatronsCube","testmod-BatchProcessingSystem","SynthV:TestCard","Pantograph","AT_BellDemon","Strange Spoon","TheAbacus","ThornShield","Calipers","Golden Idol","AT_ImmortalShieldbow","AT_MibuBalloonWealth","Gremlin Horn","testmod-Antiphasic","Toolbox","Technique","testmod-LifeArmor","testmod-HeartOfDaVinci","Anchor","testmod-TurbochargingSystem","White Beast Statue","BirthdayGift-Icosahedron","Orichalcum","InkBottle","MawBank","testmod-Acrobat","testmod-Justice","Shuriken","Dream Catcher","Du-Vu Doll","SynthV:TestCard","AT_RedTearstoneRing","SalivaCoin","Ornamental Fan","Boot","Incense Burner","DaCapo","ImprovedEquipment","testmod-ArcanaOfDestiny","testmod-IntensifyImprint","Happy Flower","Ancient Tea Set","NightmareShop","Meat on the Bone","Darkstone Periapt","testmod-D¨¦j¨¤vu","Omamori","UnicornStump","Bottled Lightning","Blue Candle","Bronze Scales","Smiling Mask","Leech","Pen Nib","Akabeko","Sundial","Strawberry","HornCleat","testmod-CrystalShield","StrikeDummy","War Paint","Bag of Marbles","ShadowXiaoBlade","CeramicFish","testmod-Charity","AT_SilvercatRing","Toxic Egg 2","Question Card","Letter Opener","testmod-Muramasa","DoctorsRemote","testmod-AssaultLearning","BloodDonationMachine","AT_EbonyIvory","Oddly Smooth Stone","testmod-RainbowHikingShoes","Mummified Hand","HowToJump","D4","BookOfRevelations","Lee\u0027s Waffle","MostiFishMod:AdaptiveDefenses","Molten Egg 2","Regal Pillow","AT_SunfireAegis","Paper Crane","testmod-OneHitWonder","Vajra","TwistedFunnel","Orrery","testmod-ConstraintPeriapt","AT_ForceNature","DeadEye","Blood Vial","Kunai","Habit","Sling","testmod-Maize","Nunchaku"],"acts_visited":["Exordium","TheCity","TheBeyond","TheEnding"],"potions_floor_usage":[40,55,55],"damage_taken":[{"damage":4.0,"enemies":"Jaw Worm","floor":1.0,"turns":2.0},{"damage":0.0,"enemies":"Lagavulin","floor":6.0,"turns":2.0},{"damage":0.0,"enemies":"3 Sentries","floor":10.0,"turns":1.0},{"damage":0.0,"enemies":"Lagavulin","floor":12.0,"turns":1.0},{"damage":0.0,"enemies":"2 Louse","floor":13.0,"turns":1.0},{"damage":0.0,"enemies":"Small Slimes","floor":14.0,"turns":1.0},{"damage":0.0,"enemies":"Small Slimes","floor":1.0,"turns":1.0},{"damage":0.0,"enemies":"Cultist","floor":3.0,"turns":1.0},{"damage":0.0,"enemies":"2 Louse","floor":5.0,"turns":1.0},{"damage":0.0,"enemies":"Gremlin Nob","floor":7.0,"turns":1.0},{"damage":0.0,"enemies":"Large Slime","floor":10.0,"turns":1.0},{"damage":0.0,"enemies":"3 Sentries","floor":11.0,"turns":1.0},{"damage":0.0,"enemies":"Looter","floor":12.0,"turns":1.0},{"damage":0.0,"enemies":"Gremlin Nob","floor":14.0,"turns":1.0},{"damage":0.0,"enemies":"Hexaghost","floor":16.0,"turns":1.0},{"damage":0.0,"enemies":"2 Thieves","floor":18.0,"turns":1.0},{"damage":0.0,"enemies":"Chosen","floor":19.0,"turns":1.0},{"damage":0.0,"enemies":"Centurion and Healer","floor":20.0,"turns":1.0},{"damage":0.0,"enemies":"Chosen and Byrds","floor":21.0,"turns":1.0},{"damage":0.0,"enemies":"Slavers","floor":23.0,"turns":1.0},{"damage":0.0,"enemies":"Sentry and Sphere","floor":24.0,"turns":1.0},{"damage":0.0,"enemies":"Book of Stabbing","floor":25.0,"turns":2.0},{"damage":0.0,"enemies":"Gremlin Leader","floor":27.0,"turns":1.0},{"damage":0.0,"enemies":"Cultist and Chosen","floor":28.0,"turns":1.0},{"damage":0.0,"enemies":"Centurion and Healer","floor":29.0,"turns":1.0},{"damage":9.9999979E7,"enemies":"Book of Stabbing","floor":31.0,"turns":3.0},{"damage":0.0,"enemies":"Collector","floor":33.0,"turns":3.0},{"damage":0.0,"enemies":"3 Darklings","floor":35.0,"turns":1.0},{"damage":0.0,"enemies":"2 Orb Walkers","floor":37.0,"turns":1.0},{"damage":0.0,"enemies":"3 Shapes","floor":38.0,"turns":1.0},{"damage":0.0,"enemies":"Mind Bloom Boss Battle","floor":39.0,"turns":1.0},{"damage":0,"enemies":"Reptomancer","floor":40,"turns":1},{"damage":0,"enemies":"Nemesis","floor":44,"turns":1},{"damage":0,"enemies":"Awakened One","floor":50,"turns":2},{"damage":0,"enemies":"Donu and Deca","floor":51,"turns":1},{"damage":0,"enemies":"Shield and Spear","floor":55,"turns":1},{"damage":0,"enemies":"The Heart","floor":56,"turns":1}],"seed_played":"-2978645598592578198","potions_obtained":[{"floor":1.0,"key":"testmod-TimePotion"},{"floor":10.0,"key":"Ancient Potion"},{"floor":1.0,"key":"DuplicationPotion"},{"floor":12.0,"key":"testmod-SpacePotion"},{"floor":25.0,"key":"DistilledChaos"},{"floor":29.0,"key":"testmod-SpacePotion"},{"floor":31.0,"key":"AttackPotion"},{"floor":31.0,"key":"Fire Potion"},{"floor":39.0,"key":"Explosive Potion"},{"floor":40,"key":"EntropicBrew"},{"floor":44,"key":"testmod-EscapePotion"},{"floor":55,"key":"Swift Potion"}],"is_trial":false,"path_per_floor":["M","$","?","?","$","E","R","$","T","E","R","E","M","M","R","M","?","M","?","M","R","E","?","T","M","E","M","R","E","R","B",null,"M","M","M","M","?","E","M","E","T","E","M","M","?","E","R","B",null,"M","$","?","M","?","E","?","R","T","E","$","R","$","?","R","B","B",null,"R","$","E","B",null],"character_chosen":"THE_SILENT","items_purchased":["Pantograph","AT_BellDemon","Strange Spoon","TheAbacus","ThornShield","Calipers","AT_WindFlip","FairyPotion","AT_ImmortalShieldbow","AT_MibuBalloonWealth","Gremlin Horn","testmod-Antiphasic","Toolbox","Technique","Acrobatics","Anchor","testmod-TurbochargingSystem","White Beast Statue","BirthdayGift-Icosahedron","Footwork","Orichalcum","MostiFishMod:FullyArmed","testmod-Charity","AT_SilvercatRing","Toxic Egg 2","Question Card","Letter Opener","testmod-CardIndex+1","BookOfRevelations","Lee\u0027s Waffle","MostiFishMod:AdaptiveDefenses","Molten Egg 2","Regal Pillow","AT_SunfireAegis","Paper Crane","testmod-OneHitWonder","Vajra","TwistedFunnel","Orrery","AT_ForceNature","DeadEye","Blood Vial","Kunai","Habit","Sling","testmod-TemporaryDeletion","testmod-AutoReboundSystem","Infinite Blades","Storm of Steel+1","testmod-EscapePotion","GamblersBrew"],"campfire_rested":2,"item_purchase_floors":[2,2,2,2,2,2,2,2,5,5,5,5,5,5,5,8,8,8,8,8,8,34,36,36,36,36,36,36,45,45,45,45,45,47,47,47,47,47,47,54,54,54,54,54,54,54,54,54,54,54,54],"current_hp_per_floor":[55,55,32,32,32,32,32,32,32,33,33,34,35,36,60,45,54,54,55,55,56,56,56,57,58,59,59,60,60,71,71,71,71,71,71,71,71,71,71,71,71,71,71,71,88,88,88,84,84,85,89,95,104,132,134,134,134,141,176,176,178,178,187,202,208,208,209,213,215,228],"gold":1249,"neow_bonus":"BOSS_RELIC","is_daily":false,"chose_seed":false,"campfire_upgraded":8,"win_rate":0.0,"timestamp":1611562065,"path_taken":["M","$","?","?","?","E","R","$","T","E","R","E","M","M","R","M","?","?","?","M","R","E","?","T","M","E","M","R","E","R","BOSS","M","M","M","M","?","E","M","E","T","E","M","M","?","E","R","BOSS","M","$","?","M","?","E","?","R","T","E","$","R","$","?","R","BOSS","BOSS","R","$","E","BOSS"],"items_purchased_type":["Relic","Relic","Relic","Relic","Relic","Relic","Card","Potion","Relic","Relic","Relic","Relic","Relic","Relic","Card","Relic","Relic","Relic","Relic","Card","Relic","Card","Relic","Relic","Relic","Relic","Relic","Card","Relic","Relic","Relic","Relic","Relic","Relic","Relic","Relic","Relic","Relic","Relic","Relic","Relic","Relic","Relic","Relic","Relic","Card","Card","Card","Card","Potion","Potion"],"build_version":"2020-12-22","purchased_purges":8,"victory":true,"max_hp_per_floor":[66,66,66,66,66,66,66,66,66,66,66,66,66,66,66,71,71,71,71,71,71,71,71,71,71,71,71,71,71,71,71,71,71,71,71,71,71,71,71,71,71,71,71,71,88,88,88,84,84,85,89,95,104,153,155,155,155,161,184,184,186,186,187,202,208,208,209,213,215,228],"card_choices":[{"not_picked":[],"picked":"DoctorFetus","floor":0.0},{"not_picked":["Deadly Poison","Poisoned Stab"],"picked":"Cloak And Dagger","floor":1.0},{"not_picked":["Prepared","All Out Attack","AT_Desolate","Predator"],"picked":"MostiFishMod:FullyArmed","floor":6.0},{"not_picked":["Blade Dance","Masterful Stab","MostiFishMod:ThornCasing","Deflect","Flying Knee"],"picked":"SKIP","floor":10.0},{"not_picked":["Slice","Bomb","MostiFishMod:PoisonShield","Accuracy"],"picked":"Backflip","floor":12.0},{"not_picked":["Dagger Spray","MostiFishMod:PoisonShield","AT_TwilightShroud","Predator","Acrobatics"],"picked":"SKIP","floor":13.0},{"not_picked":["MostiFishMod:ShivMaster","Concentrate","MostiFishMod:InvigoratingSolution","Quick Slash","Prepared"],"picked":"SKIP","floor":14.0},{"not_picked":["Deadly Poison","AT_WindFlip","AT_WindRun","Backflip","Escape Plan"],"picked":"SKIP","floor":1.0},{"not_picked":["Deadly Poison","AT_WindFlip","AT_WindRun","Backflip","Escape Plan"],"picked":"SKIP","floor":1.0},{"not_picked":["AT_WomanClash","AT_WindFlip","Outmaneuver","AT_TinkerSharpsword","Flying Knee","MostiFishMod:AdrenalineArouse","Setup"],"picked":"SKIP","floor":3.0},{"not_picked":["Underhanded Strike","Prepared","Skewer","Deadly Poison","Dash","Dagger Throw","Dagger Spray"],"picked":"SKIP","floor":5.0},{"not_picked":["MostiFishMod:GrandStart","MostiFishMod:PerfectParry","Dagger Throw","AT_WindRun","All Out Attack","Outmaneuver","Infinite Blades"],"picked":"SKIP","floor":7.0},{"not_picked":["Blur","Slice","Poisoned Stab","AT_WindFlip","MostiFishMod:InvigoratingSolution","Cloak And Dagger"],"picked":"Reflex","floor":10.0},{"not_picked":["Bane","Underhanded Strike","Infinite Blades","Acrobatics","Outmaneuver","Noxious Fumes","Cloak And Dagger"],"picked":"SKIP","floor":11.0},{"not_picked":["Dodge and Roll","Deflect","Deadly Poison","Sucker Punch","Heel Hook","Bane","AT_KneejerkReflex"],"picked":"SKIP","floor":12.0},{"not_picked":["Dagger Spray","AT_WindFlip","Predator","Escape Plan","Endless Agony","Dagger Throw"],"picked":"MostiFishMod:Dislodge","floor":14.0},{"not_picked":["Venomology","Adrenaline","MostiFishMod:Neurotoxin","Die Die Die","AT_KingSlayer","MostiFishMod:WinterMarkForm"],"picked":"After Image","floor":16.0},{"not_picked":["Acrobatics","MostiFishMod:PerfectParry","AT_TinkerSharpsword","Dash","MostiFishMod:PoisonShield","Underhanded Strike","Expertise"],"picked":"SKIP","floor":18.0},{"not_picked":["Die Die Die","Quick Slash","Deflect+1","Sucker Punch+1","MostiFishMod:PerfectParry","Poisoned Stab","Leg Sweep"],"picked":"SKIP","floor":19.0},{"not_picked":["MostiFishMod:PerfectParry","Deflect","AT_Desolate","AT_WindFlip","Flying Knee","Terror","Bullet Time"],"picked":"SKIP","floor":20.0},{"not_picked":["Flying Knee","Slice","AT_ThistleTea","Dagger Throw+1","PiercingWail","Deadly Poison","Cloak And Dagger"],"picked":"SKIP","floor":21.0},{"not_picked":["Masterful Stab","MostiFishMod:PreservedThorns","Escape Plan","Slice","MostiFishMod:FullyArmed","MostiFishMod:ThornCasing","Blade Dance"],"picked":"SKIP","floor":23.0},{"not_picked":["Masterful Stab","MostiFishMod:PreservedThorns","Escape Plan","Slice","MostiFishMod:ThornCasing","Blade Dance"],"picked":"MostiFishMod:FullyArmed","floor":23.0},{"not_picked":["AT_ShadowStep","Dagger Spray","Blade Dance","MostiFishMod:InvigoratingSolution","Reflex+1","PiercingWail","Heel Hook"],"picked":"SKIP","floor":24.0},{"not_picked":["Acrobatics","Slice","Backflip","MostiFishMod:PerfectParry+1","MostiFishMod:Neurotoxin","PiercingWail","AT_Desolate"],"picked":"SKIP","floor":25.0},{"not_picked":["AT_WindFlip","AT_TwilightShroud","Noxious Fumes","MostiFishMod:ShivMaster","Slice","Endless Agony","Leg Sweep"],"picked":"SKIP","floor":27.0},{"not_picked":["MostiFishMod:PerfectParry","AT_TinkerSharpsword","Concentrate","Flying Knee","Bane","AT_TwilightShroud","Dodge and Roll"],"picked":"SKIP","floor":28.0},{"not_picked":["Eviscerate","Dagger Throw","Setup","Outmaneuver","Prepared","Infinite Blades","AT_TinkerSharpsword"],"picked":"SKIP","floor":29.0},{"not_picked":["Envenom","Deflect","Endless Agony","Accuracy","Leg Sweep","Underhanded Strike+1"],"picked":"Tactician","floor":31.0},{"not_picked":["Blade Dance","Glass Knife","Dagger Throw","Setup","Dagger Spray","AT_Desolate","AT_WomanClash"],"picked":"SKIP","floor":31.0},{"not_picked":["Storm of Steel","Phantasmal Killer","MostiFishMod:LethalBlade","Envenom","MostiFishMod:HiddenBlade","Tools of the Trade"],"picked":"MostiFishMod:WinterMarkForm","floor":33.0},{"not_picked":["Dagger Throw","MostiFishMod:InvigoratingSolution","Prepared","Acrobatics","Dagger Spray+1","Deadly Poison"],"picked":"PiercingWail","floor":35.0},{"not_picked":["AT_ThistleTea+1","Underhanded Strike+1","Crippling Poison+1","Expertise+1","Blur+1","Backstab","AT_ShadowStep+1"],"picked":"MostiFishMod:FrostNova+1","floor":37.0},{"not_picked":["PiercingWail+1","Cloak And Dagger+1","AT_WomanClash+1","Prepared+1","Dagger Spray+1","Underhanded Strike","Deadly Poison+1","Expertise+1"],"picked":"SKIP","floor":38.0},{"not_picked":["PiercingWail+1","AT_WomanClash+1","Prepared+1","Dagger Spray+1","Underhanded Strike","Deadly Poison+1","Expertise+1"],"picked":"Cloak And Dagger+1","floor":38.0},{"not_picked":["Flying Knee+1","Cloak And Dagger+1","Blur+1","AT_EssenceShift","Tactician+1","Dagger Spray","Deflect+1"],"picked":"Quick Slash+1","floor":39.0},{"not_picked":["MostiFishMod:ThornCasing","Dash","Choke","Outmaneuver+1","Acrobatics+1","Bouncing Flask+1","AT_WindFlip","Quick Slash"],"picked":"SKIP","floor":40},{"not_picked":["AT_WomanClash+1","Prepared+1","Setup+1","Deadly Poison+1","Accuracy","Tactician+1","Poisoned Stab+1"],"picked":"Acrobatics+1","floor":41},{"not_picked":["Flying Knee+1","PiercingWail+1","Finisher","Tactician+1","Storm of Steel+1","Backflip+1","Bullet Time+1"],"picked":"MostiFishMod:FrostNova+1","floor":44},{"not_picked":["Leg Sweep+1","AT_Desolate","Cloak And Dagger+1","Underhanded Strike+1","Backflip+1","Flying Knee+1","Dagger Spray+1"],"picked":"AT_ThistleTea+1","floor":47},{"not_picked":["Leg Sweep+1","Noxious Fumes+1","AT_TwilightShroud+1","MostiFishMod:PoisonShield+1","Caltrops","Backflip+1","MostiFishMod:ThornCasing+1"],"picked":"MostiFishMod:FullyArmed+1","floor":47},{"not_picked":["Caltrops","Slice+1","Deflect+1","MostiFishMod:PerfectParry+1","Bane+1","Sucker Punch+1","Dodge and Roll+1"],"picked":"Tactician+1","floor":49},{"not_picked":["Poisoned Stab+1","Predator+1","Sucker Punch+1","Finisher+1","Dash+1","Backflip+1","AT_WindFlip+1"],"picked":"Tactician+1","floor":53},{"not_picked":["PiercingWail+1","Outmaneuver+1","Malaise+1","AT_KneejerkReflex","Flying Knee+1","Tactician+1","Masterful Stab+1"],"picked":"AT_KingSlayer+1","floor":55}],"player_experience":1319015,"relics_obtained":[{"floor":1.0,"key":"SynthV:TestCard"},{"floor":6.0,"key":"testmod-LifeArmor"},{"floor":6.0,"key":"testmod-HeartOfDaVinci"},{"floor":9.0,"key":"InkBottle"},{"floor":10.0,"key":"MawBank"},{"floor":10.0,"key":"testmod-Acrobat"},{"floor":12.0,"key":"testmod-Justice"},{"floor":12.0,"key":"ForgetMeNow"},{"floor":13.0,"key":"Shuriken"},{"floor":14.0,"key":"Dream Catcher"},{"floor":1.0,"key":"Du-Vu Doll"},{"floor":1.0,"key":"SynthV:TestCard"},{"floor":3.0,"key":"AT_RedTearstoneRing"},{"floor":5.0,"key":"SalivaCoin"},{"floor":7.0,"key":"Ornamental Fan"},{"floor":7.0,"key":"Boot"},{"floor":9.0,"key":"Incense Burner"},{"floor":10.0,"key":"DaCapo"},{"floor":11.0,"key":"ImprovedEquipment"},{"floor":11.0,"key":"testmod-ArcanaOfDestiny"},{"floor":12.0,"key":"testmod-IntensifyImprint"},{"floor":14.0,"key":"Happy Flower"},{"floor":14.0,"key":"Ancient Tea Set"},{"floor":18.0,"key":"Meat on the Bone"},{"floor":19.0,"key":"Darkstone Periapt"},{"floor":20.0,"key":"testmod-D¨¦j¨¤vu"},{"floor":21.0,"key":"Omamori"},{"floor":23.0,"key":"UnicornStump"},{"floor":23.0,"key":"Bottled Lightning"},{"floor":24.0,"key":"Blue Candle"},{"floor":25.0,"key":"Bronze Scales"},{"floor":27.0,"key":"Smiling Mask"},{"floor":27.0,"key":"Leech"},{"floor":28.0,"key":"Pen Nib"},{"floor":29.0,"key":"Akabeko"},{"floor":31.0,"key":"Strawberry"},{"floor":31.0,"key":"HornCleat"},{"floor":31.0,"key":"testmod-CrystalShield"},{"floor":31.0,"key":"StrikeDummy"},{"floor":31.0,"key":"War Paint"},{"floor":33.0,"key":"Bag of Marbles"},{"floor":35.0,"key":"CeramicFish"},{"floor":37.0,"key":"testmod-Muramasa"},{"floor":37.0,"key":"DoctorsRemote"},{"floor":38.0,"key":"testmod-AssaultLearning"},{"floor":39.0,"key":"BloodDonationMachine"},{"floor":39.0,"key":"AT_EbonyIvory"},{"floor":40,"key":"Oddly Smooth Stone"},{"floor":40,"key":"testmod-RainbowHikingShoes"},{"floor":43,"key":"Mummified Hand"},{"floor":44,"key":"HowToJump"},{"floor":44,"key":"D4"},{"floor":55,"key":"testmod-Maize"},{"floor":55,"key":"Nunchaku"}],"event_choices":[{"damage_healed":0.0,"max_hp_gain":0.0,"max_hp_loss":0.0,"gold_gain":0.0,"event_name":"Golden Idol","player_choice":"Take Damage","floor":3.0,"gold_loss":0.0,"damage_taken":23.0,"relics_obtained":["Golden Idol"]},{"damage_healed":0.0,"max_hp_gain":0.0,"max_hp_loss":0.0,"gold_gain":0.0,"cards_transformed":["Strike_G"],"event_name":"Living Wall","player_choice":"Change","floor":4.0,"gold_loss":0.0,"damage_taken":0.0,"cards_obtained":["Riddle With Holes"]},{"damage_healed":0.0,"max_hp_gain":0.0,"max_hp_loss":0.0,"gold_gain":0.0,"event_name":"Shining Light","player_choice":"Entered Light","floor":2.0,"gold_loss":0.0,"damage_taken":20.0,"cards_upgraded":["Defend_G","Defend_G"]},{"damage_healed":0.0,"max_hp_gain":0.0,"max_hp_loss":0.0,"gold_gain":300.0,"event_name":"¶÷ÂåË¹µÄÅÌ×Ó","player_choice":"Sell","floor":8.0,"relics_lost":["testmod-Nyarlathotep"],"gold_loss":0.0,"damage_taken":0.0},{"damage_healed":0.0,"max_hp_gain":0.0,"max_hp_loss":0.0,"gold_gain":0.0,"event_name":"The Mausoleum","player_choice":"Opened","floor":30.0,"gold_loss":0.0,"damage_taken":0.0,"relics_obtained":["Sundial"],"cards_obtained":["Writhe"]},{"damage_healed":0.0,"max_hp_gain":0.0,"max_hp_loss":0.0,"gold_gain":0.0,"event_name":"Mysterious Sphere","player_choice":"Fight","floor":37.0,"gold_loss":0.0,"damage_taken":0.0},{"damage_healed":0.0,"max_hp_gain":0.0,"max_hp_loss":0.0,"gold_gain":0.0,"event_name":"MindBloom","player_choice":"Fight","floor":39.0,"gold_loss":0.0,"damage_taken":0.0},{"damage_healed":0,"gold_gain":0,"player_choice":"Paid Gold","damage_taken":0,"relics_obtained":["testmod-ConstraintPeriapt"],"max_hp_gain":0,"max_hp_loss":0,"event_name":"WeMeetAgain","floor":48,"gold_loss":63}],"is_beta":false,"boss_relics":[{"not_picked":["Sozu","ExusiaiGun"],"picked":"NightmareShop"},{"not_picked":[]},{"not_picked":["testmod-StringDisintegrator","Transparent"],"picked":"ShadowXiaoBlade"},{"not_picked":[]}],"items_purged_floors":[2,5,8,8,36,45,47,54],"is_endless":false,"potions_floor_spawned":[1,10,12,13,14,1,3,5,7,10,11,12,14,16,18,19,20,21,23,24,25,27,28,29,31,33,35,37,38,39,40,44,55],"ascension_level":20}}