{"host":"61y0z9o9vf3ujftj","time":1611558417,"event":{"mods":["BaseMod","Colored Map","Colored Powertips","GifTheSpireLib","HexUI Lib","Highlight Path","Minty Spire (QoL Compilation)","Relic Stats","StSLib","ojb\u0027s Info Mod"],"gold_per_floor":[369,385,396,414,432,432,460,460,460,122,140,140,140,168,168,270,270,281,181,195,195,41,75,75,104,104,132,132,232,248,173,173,272,272,286,196,250,267,1266,1294,1306,859,859,859,889,27,0,19,19,19],"floor_reached":51,"language":"ENG","playtime":3094,"items_purged":["Strike_R","Strike_R","Defend_R","Defend_R"],"score":1220,"play_id":"066f4203-aa5e-41e2-bb90-403fc86c9252","local_time":"20210125010657","is_ascension_mode":true,"campfire_choices":[{"data":"Immolate","floor":6.0,"key":"SMITH"},{"data":"Reaper","floor":8.0,"key":"SMITH"},{"data":"Bash","floor":13.0,"key":"SMITH"},{"data":"Flame Barrier","floor":15.0,"key":"SMITH"},{"data":"Demon Form","floor":28.0,"key":"SMITH"},{"data":"Bloodletting","floor":32.0,"key":"SMITH"},{"data":"Limit Break","floor":49,"key":"SMITH"}],"circlet_count":0,"master_deck":["Defend_R+1","Bash+1","Headbutt","Twin Strike","Pummel+1","Immolate+1","Reaper+1","Cleave","Shockwave","Flame Barrier+1","Demon Form+1","Sword Boomerang+1","Writhe","Ghostly Armor+1","Bloodletting+1","Pommel Strike+1","Limit Break+1","Shrug It Off+1","Flame Barrier+1","Limit Break","Flame Barrier"],"relics":["Burning Blood","Juzu Bracelet","StoneCalendar","Happy Flower","Thread and Needle","Velvet Choker","Toolbox","Bottled Flame","PreservedInsect","Omamori","MealTicket","Tiny Chest","Lizard Tail","Self Forming Clay","Snecko Eye","War Paint","Unceasing Top","Medical Kit","The Courier","Bronze Scales","Potion Belt","Pear","Mummified Hand","Red Mask"],"acts_visited":["Exordium","TheCity","TheBeyond"],"potions_floor_usage":[50,50,50,50],"damage_taken":[{"damage":4.0,"enemies":"2 Louse","floor":1.0,"turns":3.0},{"damage":6.0,"enemies":"Cultist","floor":2.0,"turns":3.0},{"damage":4.0,"enemies":"Jaw Worm","floor":3.0,"turns":3.0},{"damage":14.0,"enemies":"3 Louse","floor":4.0,"turns":5.0},{"damage":21.0,"enemies":"Lots of Slimes","floor":5.0,"turns":8.0},{"damage":8.0,"enemies":"Gremlin Nob","floor":7.0,"turns":3.0},{"damage":6.0,"enemies":"Red Slaver","floor":11.0,"turns":3.0},{"damage":32.0,"enemies":"3 Sentries","floor":14.0,"turns":5.0},{"damage":0.0,"enemies":"Slime Boss","floor":16.0,"turns":6.0},{"damage":20.0,"enemies":"Shell Parasite","floor":18.0,"turns":7.0},{"damage":0.0,"enemies":"3 Byrds","floor":20.0,"turns":3.0},{"damage":19.0,"enemies":"Gremlin Leader","floor":23.0,"turns":5.0},{"damage":0.0,"enemies":"Slavers","floor":25.0,"turns":2.0},{"damage":0.0,"enemies":"Gremlin Leader","floor":27.0,"turns":5.0},{"damage":10.0,"enemies":"Colosseum Slavers","floor":29.0,"turns":4.0},{"damage":0.0,"enemies":"Colosseum Nobs","floor":29.0,"turns":2.0},{"damage":3.0,"enemies":"3 Cultists","floor":30.0,"turns":3.0},{"damage":41.0,"enemies":"Collector","floor":33.0,"turns":10.0},{"damage":0.0,"enemies":"3 Shapes","floor":35.0,"turns":3.0},{"damage":0.0,"enemies":"3 Darklings","floor":38.0,"turns":4.0},{"damage":21.0,"enemies":"Nemesis","floor":40.0,"turns":5.0},{"damage":0.0,"enemies":"Jaw Worm Horde","floor":41.0,"turns":2.0},{"damage":3.0,"enemies":"Writhing Mass","floor":45.0,"turns":4.0},{"damage":6,"enemies":"Sphere and 2 Shapes","floor":48,"turns":4},{"damage":21,"enemies":"Awakened One","floor":50,"turns":6}],"seed_played":"3768801167350599656","potions_obtained":[{"floor":3.0,"key":"Regen Potion"},{"floor":4.0,"key":"DuplicationPotion"},{"floor":5.0,"key":"Dexterity Potion"},{"floor":14.0,"key":"SneckoOil"},{"floor":20.0,"key":"Fire Potion"},{"floor":23.0,"key":"Explosive Potion"},{"floor":33.0,"key":"Weak Potion"},{"floor":40.0,"key":"Fire Potion"}],"is_trial":false,"path_per_floor":["M","M","M","M","M","R","E","R","T","$","M","?","R","E","R","B",null,"M","$","M","?","$","E","?","E","T","E","R","?","M","?","R","B",null,"M","?","T","M","?","E","M","$","T","?","M","$","?","M","R","B",null],"character_chosen":"IRONCLAD","items_purchased":["Cleave","Shockwave","Happy Flower","Toolbox","Limit Break","Medical Kit","FairyPotion","Bronze Scales","Potion Belt","Strength Potion","LiquidMemories","Pear","Mummified Hand"],"campfire_rested":0,"item_purchase_floors":[10,10,10,22,42,42,42,46,46,46,46,46,46],"current_hp_per_floor":[53,53,55,47,47,47,45,45,45,45,52,52,52,36,36,52,73,68,68,80,80,80,67,67,80,80,80,80,80,80,80,80,60,75,80,80,80,80,80,80,80,80,80,76,76,86,86,86,86,71],"gold":19,"neow_bonus":"TWO_FIFTY_GOLD","is_daily":false,"chose_seed":false,"campfire_upgraded":7,"win_rate":0.0,"timestamp":1611558417,"path_taken":["M","M","M","M","M","R","E","R","T","$","M","?","R","E","R","BOSS","M","$","M","?","$","E","?","E","T","E","R","?","M","?","R","BOSS","M","?","?","M","?","E","M","$","T","?","M","$","?","M","R","BOSS"],"items_purchased_type":["Card","Card","Relic","Relic","Card","Relic","Potion","Relic","Relic","Potion","Potion","Relic","Relic"],"build_version":"2020-12-22","purchased_purges":4,"victory":true,"max_hp_per_floor":[80,80,80,80,80,80,80,80,80,80,80,80,80,80,80,80,80,80,80,80,80,80,80,80,80,80,80,80,80,80,80,80,80,80,80,80,80,80,80,80,80,80,80,76,76,86,86,86,86,86],"relic_stats":{"Happy Flower":[27],"counters":[25,108],"Self Forming Clay":[33],"StoneCalendar":[62],"PreservedInsect":177,"Juzu Bracelet":2,"War Paint":["Defend_R","Ghostly Armor"],"Medical Kit":[3],"Burning Blood":99,"Lizard Tail":0,"Mummified Hand":[4],"Bronze Scales":[21],"Snecko Eye":[44,55,34,49],"MealTicket":0,"Tiny Chest":1,"obtain_stats":[{"Potion Belt":46,"Pear":46,"Happy Flower":10,"Self Forming Clay":29,"Velvet Choker":17,"StoneCalendar":9,"Thread and Needle":14,"PreservedInsect":24,"The Courier":43,"Juzu Bracelet":7,"Omamori":25,"War Paint":37,"Medical Kit":42,"Burning Blood":0,"Bottled Flame":23,"Lizard Tail":29,"Mummified Hand":46,"Bronze Scales":46,"Toolbox":22,"Snecko Eye":34,"MealTicket":26,"Tiny Chest":27,"Red Mask":47,"Unceasing Top":40},{"Potion Belt":23,"Pear":23,"Happy Flower":6,"Self Forming Clay":16,"Velvet Choker":9,"StoneCalendar":6,"Thread and Needle":8,"PreservedInsect":12,"The Courier":22,"Juzu Bracelet":6,"Omamori":13,"War Paint":19,"Medical Kit":22,"Burning Blood":0,"Bottled Flame":12,"Lizard Tail":16,"Mummified Hand":23,"Bronze Scales":23,"Toolbox":11,"Snecko Eye":18,"MealTicket":13,"Tiny Chest":14,"Red Mask":23,"Unceasing Top":21},{"Potion Belt":98,"Pear":98,"Happy Flower":25,"Self Forming Clay":67,"Velvet Choker":39,"StoneCalendar":25,"Thread and Needle":33,"PreservedInsect":54,"The Courier":94,"Juzu Bracelet":25,"Omamori":56,"War Paint":83,"Medical Kit":94,"Burning Blood":0,"Bottled Flame":54,"Lizard Tail":67,"Mummified Hand":98,"Bronze Scales":98,"Toolbox":49,"Snecko Eye":80,"MealTicket":56,"Tiny Chest":61,"Red Mask":98,"Unceasing Top":92}],"Unceasing Top":[0]},"card_choices":[{"not_picked":["Heavy Blade","Seeing Red"],"picked":"Headbutt","floor":1.0},{"not_picked":["Iron Wave","Armaments"],"picked":"Twin Strike","floor":2.0},{"not_picked":["Infernal Blade","Twin Strike"],"picked":"Pummel","floor":3.0},{"not_picked":["Headbutt","Thunderclap","Anger"],"picked":"SKIP","floor":4.0},{"not_picked":["Carnage","True Grit"],"picked":"Immolate","floor":5.0},{"not_picked":["Anger","Reckless Charge"],"picked":"Reaper","floor":7.0},{"not_picked":["Blood for Blood","Dark Embrace","Sentinel"],"picked":"SKIP","floor":11.0},{"not_picked":["True Grit","Perfected Strike"],"picked":"Flame Barrier","floor":14.0},{"not_picked":["Immolate","Brutality"],"picked":"Demon Form","floor":16.0},{"not_picked":["Shockwave","Havoc+1","Searing Blow"],"picked":"SKIP","floor":18.0},{"not_picked":["Headbutt+1","Havoc","Warcry"],"picked":"SKIP","floor":20.0},{"not_picked":["Clothesline","Sever Soul+1"],"picked":"Sword Boomerang+1","floor":23.0},{"not_picked":["Cleave","Rampage","Body Slam"],"picked":"SKIP","floor":25.0},{"not_picked":["Body Slam+1","Thunderclap"],"picked":"Ghostly Armor","floor":27.0},{"not_picked":["Headbutt","Body Slam"],"picked":"Bloodletting","floor":29.0},{"not_picked":["Fiend Fire","Havoc+1"],"picked":"Pommel Strike+1","floor":30.0},{"not_picked":["Immolate","Fiend Fire"],"picked":"Limit Break","floor":33.0},{"not_picked":["Pommel Strike","Dropkick+1"],"picked":"Shrug It Off+1","floor":35.0},{"not_picked":["Headbutt+1","Sever Soul","Flex+1"],"picked":"SKIP","floor":38.0},{"not_picked":["Infernal Blade","Reckless Charge+1","Corruption"],"picked":"SKIP","floor":40.0},{"not_picked":["Heavy Blade+1","Headbutt+1"],"picked":"Flame Barrier+1","floor":41.0},{"not_picked":["Seeing Red+1","Pommel Strike"],"picked":"Flame Barrier","floor":45.0},{"not_picked":["Dropkick","Iron Wave+1","Infernal Blade+1"],"picked":"SKIP","floor":48}],"player_experience":404282,"relics_obtained":[{"floor":7.0,"key":"Juzu Bracelet"},{"floor":9.0,"key":"StoneCalendar"},{"floor":14.0,"key":"Thread and Needle"},{"floor":23.0,"key":"Bottled Flame"},{"floor":25.0,"key":"Omamori"},{"floor":26.0,"key":"MealTicket"},{"floor":27.0,"key":"Tiny Chest"},{"floor":29.0,"key":"Lizard Tail"},{"floor":29.0,"key":"Self Forming Clay"},{"floor":37.0,"key":"War Paint"},{"floor":40.0,"key":"Unceasing Top"},{"floor":43.0,"key":"The Courier"}],"event_choices":[{"cards_removed":["Strike_R"],"damage_healed":0.0,"max_hp_gain":0.0,"max_hp_loss":0.0,"gold_gain":0.0,"event_name":"Purifier","player_choice":"Purged","floor":12.0,"gold_loss":0.0,"damage_taken":0.0},{"cards_removed":["Strike_R"],"damage_healed":0.0,"max_hp_gain":0.0,"max_hp_loss":0.0,"gold_gain":0.0,"event_name":"Bonfire Elementals","player_choice":"Offered Basic","floor":21.0,"gold_loss":0.0,"damage_taken":0.0},{"damage_healed":0.0,"max_hp_gain":0.0,"max_hp_loss":0.0,"gold_gain":0.0,"event_name":"The Mausoleum","player_choice":"Opened","floor":24.0,"gold_loss":0.0,"damage_taken":0.0,"relics_obtained":["PreservedInsect"],"cards_obtained":["Writhe"]},{"damage_healed":0.0,"max_hp_gain":0.0,"max_hp_loss":0.0,"gold_gain":0.0,"event_name":"Colosseum","player_choice":"Fight","floor":29.0,"gold_loss":0.0,"damage_taken":0.0},{"damage_healed":0.0,"max_hp_gain":0.0,"max_hp_loss":0.0,"gold_gain":0.0,"event_name":"Colosseum","player_choice":"Fought Nobs","floor":29.0,"gold_loss":0.0,"damage_taken":0.0},{"cards_removed":["Strike_R"],"damage_healed":0.0,"max_hp_gain":0.0,"max_hp_loss":0.0,"gold_gain":0.0,"event_name":"Beggar","player_choice":"Gave Gold","floor":31.0,"gold_loss":75.0,"damage_taken":0.0},{"cards_removed":["Defend_R"],"damage_healed":0.0,"max_hp_gain":0.0,"max_hp_loss":0.0,"gold_gain":0.0,"event_name":"Designer","player_choice":"Upgrade and Remove","floor":36.0,"gold_loss":90.0,"damage_taken":0.0,"cards_upgraded":["Pummel"]},{"damage_healed":0.0,"max_hp_gain":0.0,"max_hp_loss":0.0,"gold_gain":999.0,"event_name":"MindBloom","player_choice":"Gold","floor":39.0,"gold_loss":0.0,"damage_taken":0.0,"cards_obtained":["Normality","Normality"]},{"damage_healed":0.0,"max_hp_gain":0.0,"max_hp_loss":4.0,"gold_gain":0.0,"event_name":"Winding Halls","player_choice":"Max HP","floor":44.0,"gold_loss":0.0,"damage_taken":0.0},{"damage_healed":0.0,"max_hp_gain":0.0,"max_hp_loss":0.0,"gold_gain":0.0,"event_name":"Tomb of Lord Red Mask","player_choice":"Paid","floor":47.0,"gold_loss":27.0,"damage_taken":0.0,"relics_obtained":["Red Mask"]}],"is_beta":false,"boss_relics":[{"not_picked":["Runic Cube","Runic Dome"],"picked":"Velvet Choker"},{"not_picked":["Philosopher\u0027s Stone","Sozu"],"picked":"Snecko Eye"}],"items_purged_floors":[10,19,42,46],"is_endless":false,"potions_floor_spawned":[3,4,5,14,20,23,29,33,40,48],"ascension_level":8}}