{"host":"70zhvo5nwrhp1mbg","time":1611605810,"event":{"mods":["BaseMod","Colored Map","Colored Powertips","Filter the Spire","Highlight Path","Minty Spire (QoL Compilation)","Rare Cards Sparkle","StSLib"],"gold_per_floor":[118,133,308,308,328,328,361,361,387,407,424,457,475,485,485,590,590,610,610,20,20,40,66,66,80,80,4,4,21,21,21,21,21,21],"floor_reached":33,"language":"ENG","playtime":2699,"items_purged":[],"score":399,"play_id":"616971c2-9e01-45e8-a662-9edd5d7e7e94","local_time":"20210125151650","is_ascension_mode":true,"campfire_choices":[{"data":"Armaments","floor":6.0,"key":"SMITH"},{"data":"Bash","floor":8.0,"key":"SMITH"},{"floor":15.0,"key":"REST"},{"floor":24.0,"key":"REST"},{"floor":28.0,"key":"REST"},{"data":"Demon Form","floor":32,"key":"SMITH"}],"circlet_count":0,"master_deck":["Strike_R","Strike_R","Strike_R","Strike_R","Strike_R","Defend_R","Defend_R","Defend_R","Defend_R","Bash+1","Inflame","Armaments+1","Clothesline","Pommel Strike","Flame Barrier","Feed","Sword Boomerang","Demon Form+1","CurseOfTheBell","Cleave","Iron Wave","Decay","Shrug It Off","Whirlwind+1","Armaments+1","Shrug It Off+1","Madness+1","Armaments+1"],"relics":["Burning Blood","Omamori","WarpedTongs","Vajra","Bag of Preparation","The Courier","Calling Bell","Boot","Blue Candle","Bird Faced Urn","MutagenicStrength","Blood Vial","Oddly Smooth Stone","Dream Catcher","Pear","Toxic Egg 2","Pen Nib"],"acts_visited":["Exordium","TheCity"],"potions_floor_usage":[29],"damage_taken":[{"damage":13.0,"enemies":"2 Louse","floor":1.0,"turns":3.0},{"damage":10.0,"enemies":"Small Slimes","floor":2.0,"turns":3.0},{"damage":1.0,"enemies":"Cultist","floor":5.0,"turns":3.0},{"damage":32.0,"enemies":"Lagavulin","floor":7.0,"turns":6.0},{"damage":7.0,"enemies":"Large Slime","floor":10.0,"turns":6.0},{"damage":2.0,"enemies":"Looter","floor":11.0,"turns":4.0},{"damage":20.0,"enemies":"3 Sentries","floor":12.0,"turns":7.0},{"damage":8.0,"enemies":"Exordium Wildlife","floor":13.0,"turns":4.0},{"damage":13.0,"enemies":"3 Louse","floor":14.0,"turns":5.0},{"damage":21.0,"enemies":"Hexaghost","floor":16.0,"turns":10.0},{"damage":9.0,"enemies":"Chosen","floor":18.0,"turns":6.0},{"damage":29.0,"enemies":"Shell Parasite","floor":22.0,"turns":5.0},{"damage":72.0,"enemies":"Gremlin Leader","floor":23.0,"turns":9.0},{"damage":35.0,"enemies":"Centurion and Healer","floor":25.0,"turns":9.0},{"damage":19,"enemies":"Snake Plant","floor":29,"turns":5},{"damage":89,"enemies":"Automaton","floor":33,"turns":6}],"seed_played":"-530010972371129684","potions_obtained":[{"floor":1.0,"key":"Strength Potion"},{"floor":10.0,"key":"EntropicBrew"},{"floor":11.0,"key":"Strength Potion"},{"floor":13.0,"key":"Swift Potion"},{"floor":14.0,"key":"Fire Potion"},{"floor":18.0,"key":"Explosive Potion"},{"floor":23.0,"key":"GamblersBrew"},{"floor":25.0,"key":"BlessingOfTheForge"}],"is_trial":false,"path_per_floor":["M","M","?","?","M","R","E","R","T","M","M","E","M","M","R","B",null,"M","?","$","?","M","E","R","M","T","$","R","M","$","?","R","B"],"character_chosen":"IRONCLAD","items_purchased":["Blood Vial","Oddly Smooth Stone","Dream Catcher","Pear","Iron Wave","Madness+1"],"campfire_rested":3,"item_purchase_floors":[20,20,20,20,20,27],"current_hp_per_floor":[65,61,61,61,66,66,40,40,40,39,43,29,30,27,53,42,79,78,78,88,88,69,7,37,16,16,16,47,38,38,73,73,0,0],"gold":21,"neow_bonus":"RANDOM_COMMON_RELIC","is_daily":false,"chose_seed":false,"campfire_upgraded":3,"win_rate":0.0,"timestamp":1611605810,"path_taken":["M","M","?","?","M","R","E","R","T","M","M","E","?","M","R","BOSS","M","?","$","?","M","E","R","M","T","?","R","M","$","?","R","BOSS"],"items_purchased_type":["Relic","Relic","Relic","Relic","Card","Card"],"build_version":"2020-12-22","purchased_purges":0,"victory":false,"max_hp_per_floor":[80,80,80,80,80,80,80,80,80,80,80,80,83,87,87,91,91,91,91,101,101,101,101,101,105,105,105,105,105,105,105,105,105,105],"card_choices":[{"not_picked":["True Grit","Whirlwind"],"picked":"Inflame","floor":1.0},{"not_picked":["Sword Boomerang","Pommel Strike"],"picked":"Armaments","floor":2.0},{"not_picked":["Bloodletting","Warcry"],"picked":"Clothesline","floor":5.0},{"not_picked":["Dropkick","Warcry","Inflame"],"picked":"SKIP","floor":7.0},{"not_picked":["Feel No Pain","Clothesline"],"picked":"Pommel Strike","floor":10.0},{"not_picked":["Heavy Blade","Perfected Strike"],"picked":"Flame Barrier","floor":11.0},{"not_picked":["Entrench","Reckless Charge"],"picked":"Feed","floor":12.0},{"not_picked":["Hemokinesis","Body Slam","Burning Pact"],"picked":"SKIP","floor":13.0},{"not_picked":["Pummel","Dual Wield"],"picked":"Sword Boomerang","floor":14.0},{"not_picked":["Bludgeon","Corruption"],"picked":"Demon Form","floor":16.0},{"not_picked":["Rupture","Heavy Blade"],"picked":"Cleave","floor":18.0},{"not_picked":["Body Slam","Twin Strike"],"picked":"Shrug It Off","floor":22.0},{"not_picked":["Brutality","Pummel"],"picked":"Whirlwind+1","floor":23.0},{"not_picked":["Havoc+1","Evolve"],"picked":"Armaments+1","floor":24.0},{"not_picked":["Warcry+1","Sword Boomerang"],"picked":"Shrug It Off+1","floor":25.0},{"not_picked":["Clash","Berserk"],"picked":"Armaments+1","floor":29}],"player_experience":476573,"relics_obtained":[{"floor":7.0,"key":"Vajra"},{"floor":9.0,"key":"Bag of Preparation"},{"floor":12.0,"key":"The Courier"},{"floor":17.0,"key":"Boot"},{"floor":17.0,"key":"Blue Candle"},{"floor":17.0,"key":"Bird Faced Urn"},{"floor":23.0,"key":"Toxic Egg 2"},{"floor":26.0,"key":"Pen Nib"}],"event_choices":[{"damage_healed":0.0,"max_hp_gain":0.0,"max_hp_loss":0.0,"gold_gain":175.0,"event_name":"Liars Game","player_choice":"AGREE","floor":3.0,"gold_loss":0.0,"damage_taken":0.0,"cards_obtained":["Doubt"]},{"damage_healed":0.0,"max_hp_gain":0.0,"max_hp_loss":0.0,"gold_gain":0.0,"event_name":"Accursed Blacksmith","player_choice":"Rummage","floor":4.0,"gold_loss":0.0,"damage_taken":0.0,"relics_obtained":["WarpedTongs"],"cards_obtained":["Pain"]},{"damage_healed":0.0,"max_hp_gain":0.0,"max_hp_loss":0.0,"gold_gain":0.0,"event_name":"Drug Dealer","player_choice":"Inject Mutagens","floor":19.0,"gold_loss":0.0,"damage_taken":0.0,"relics_obtained":["MutagenicStrength"]},{"damage_healed":0.0,"max_hp_gain":0.0,"max_hp_loss":0.0,"gold_gain":0.0,"event_name":"Forgotten Altar","player_choice":"Smashed Altar","floor":21.0,"gold_loss":0.0,"damage_taken":0.0,"cards_obtained":["Decay"]},{"damage_healed":35,"gold_gain":0,"player_choice":"Heal","damage_taken":0,"max_hp_gain":0,"max_hp_loss":0,"event_name":"The Library","floor":31,"gold_loss":0}],"is_beta":false,"boss_relics":[{"not_picked":["Astrolabe","Tiny House"],"picked":"Calling Bell"}],"items_purged_floors":[],"is_endless":false,"potions_floor_spawned":[1,10,11,13,14,18,23,25],"killed_by":"Automaton","ascension_level":7}}