{"host":"g907ck67u7c3hrs6","time":1611584186,"event":{"mods":["BaseMod","Colored Map","DeckTracker","Highlight Path","Keyboard Shortcuts","Minty Spire (QoL Compilation)","Permanent Neow","Say the Spire","SuperFastMode"],"gold_per_floor":[113,113,126,139,139,139,139,170,193,228,228,228,228],"floor_reached":12,"language":"KOR","playtime":261,"items_purged":[],"score":86,"play_id":"7d45a9dc-055e-4df3-9006-fbfc9a75e253","local_time":"20210125231626","daily_mods":["Heirloom","Flight","DeadlyEvents","Elite Swarm"],"is_ascension_mode":false,"campfire_choices":[{"data":"Zap","floor":6,"key":"SMITH"},{"data":"Consume","floor":7,"key":"SMITH"},{"floor":11,"key":"REST"}],"circlet_count":0,"master_deck":["Strike_B","Strike_B","Strike_B","Defend_B","Defend_B","Defend_B","Defend_B","Zap+1","Dualcast","Consume+1","BootSequence","Heatsinks","Creative AI","Echo Form"],"relics":["Cracked Core","TungstenRod","Golden Idol","Anchor","Happy Flower","Unceasing Top"],"acts_visited":["Exordium"],"potions_floor_usage":[],"damage_taken":[{"damage":1,"enemies":"Small Slimes","floor":1,"turns":3},{"damage":0,"enemies":"Jaw Worm","floor":3,"turns":4},{"damage":0,"enemies":"Cultist","floor":4,"turns":3},{"damage":18,"enemies":"Lagavulin","floor":8,"turns":7},{"damage":28,"enemies":"Gremlin Nob","floor":10,"turns":4},{"damage":29,"enemies":"3 Sentries","floor":12,"turns":6}],"seed_played":"844181667873243710","potions_obtained":[{"floor":3,"key":"GamblersBrew"},{"floor":4,"key":"Explosive Potion"},{"floor":10,"key":"Energy Potion"}],"is_trial":true,"path_per_floor":["M","?","M","M","?","R","R","E","T","E","R","E"],"character_chosen":"DEFECT","items_purchased":[],"campfire_rested":1,"item_purchase_floors":[],"current_hp_per_floor":[74,57,57,57,51,51,51,33,33,5,27,0,0],"gold":228,"neow_bonus":"","is_daily":false,"chose_seed":false,"campfire_upgraded":2,"win_rate":0.0,"timestamp":1611584186,"path_taken":["M","?","M","M","?","R","R","E","T","E","R","E"],"items_purchased_type":[],"build_version":"2020-12-22","purchased_purges":0,"victory":false,"max_hp_per_floor":[75,75,75,75,75,75,75,75,75,75,75,75,75],"card_choices":[{"not_picked":["Streamline","Compile Driver"],"picked":"Consume","floor":1},{"not_picked":["Go for the Eyes","Compile Driver"],"picked":"BootSequence","floor":3},{"not_picked":["Hello World","Reprogram"],"picked":"Heatsinks","floor":4},{"not_picked":["Fission","Reboot"],"picked":"Creative AI","floor":8},{"not_picked":["Rainbow","Fission"],"picked":"Echo Form","floor":10}],"player_experience":231159,"relics_obtained":[{"floor":8,"key":"Anchor"},{"floor":9,"key":"Happy Flower"},{"floor":10,"key":"Unceasing Top"}],"event_choices":[{"damage_healed":0,"gold_gain":0,"player_choice":"Take Damage","damage_taken":18,"relics_obtained":["Golden Idol"],"max_hp_gain":0,"max_hp_loss":0,"event_name":"Golden Idol","floor":2,"gold_loss":0},{"cards_removed":["Strike_B"],"damage_healed":0,"gold_gain":0,"player_choice":"Card Removal","damage_taken":7,"max_hp_gain":0,"max_hp_loss":0,"event_name":"Golden Wing","floor":5,"gold_loss":0}],"is_beta":false,"boss_relics":[],"items_purged_floors":[],"is_endless":false,"potions_floor_spawned":[3,4,10],"killed_by":"3 Sentries","ascension_level":0}}