{"host":"xervbyl8oukkrn1w","time":1611610613,"event":{"mods":["BaseMod","Downfall","Hubris","Infinite Spire","Mad Scientist","Minty Spire (QoL Compilation)","Quick Restart","READ ME - Guardian Mod","Reliquary","Replay The Spire","Shade Mod","StSLib","The Blackbeard","The Cursed","The Elementalist","The Jungle","The Necromancer","The Runesmith"],"gold_per_floor":[110,110,125,125,138,163,179,179,204,86,102,126,1,19,19,119,119,129,19,32,32,32,32,32,32,81,27,27,39,61,87,99,210,222,250,262,324,356,459,471,517,537,537],"floor_reached":42,"language":"ENG","playtime":5180,"items_purged":["Strike_W"],"score":474,"play_id":"b2e56083-f1a7-43f2-a0f7-76e64528fd88","local_time":"20210125213653","is_ascension_mode":false,"campfire_choices":[{"floor":8,"key":"REST"},{"data":"Summon_Vampire_Lady","floor":15,"key":"SMITH"},{"data":"Summon_Vampire_Lady","floor":23,"key":"SMITH"},{"data":"Summon_Undead","floor":29,"key":"SMITH"},{"data":"Requiem","floor":40,"key":"SMITH"}],"circlet_count":0,"master_deck":["Strike_W","Defend_W","Defend_W","Defend_W","Defend_W","Negative_Energy_Arrows","Bone_Wall","Summon_Undead+1","Blood_for_Blood","Whirlwind_of_Bones","Negative_Energy_Sphere","Finger_Of_Death","Finger_Of_Death","Summon_Vampire_Lady+1","Summon_Vampire_Lady+1","Requiem+1","Vampiric_Strike","Blood_Shield","Bone_Shift","Hellfire","Violent_Necrosis","Uncharnel","Spectral_Armor","Finger_Of_Death+1","Finger_Of_Death+1","infinitespire:Oblivion","Siphon_Strength+1","Skeleton_Dragon","Life_Tap+1","elementalist:Fire_Emblem","Consume_Illness+1","Spectral_Walk+1","Uncharnel","Flesh_Made_Foul+1"],"relics":["Vampire_Amulet","Omamori","Orichalcum","Boot","Replay:Fungal Core","hubris:Towel","reliquary:SharkskinSheath","Replay:Blank Codex","Bag of Marbles","MawBank","hubris:ScarierMask","reliquary:WritOfMandamus","Ring of Panic","Ring of Greed","infinitespire:Midas Blood","Membership Card","reliquary:Aerogel"],"acts_visited":["Exordium","TheCity","TheBeyond"],"potions_floor_usage":[14,16,33,41,41,41,41,41,41],"damage_taken":[{"damage":0,"enemies":"2 Louse","floor":1,"turns":3},{"damage":0,"enemies":"Cultist","floor":3,"turns":3},{"damage":4,"enemies":"Small Slimes","floor":5,"turns":3},{"damage":61,"enemies":"Gremlin Nob","floor":6,"turns":6},{"damage":18,"enemies":"Exordium Wildlife","floor":7,"turns":3},{"damage":9,"enemies":"Blue Slaver","floor":11,"turns":4},{"damage":2,"enemies":"3 Louse","floor":14,"turns":3},{"damage":20,"enemies":"The Guardian","floor":16,"turns":10},{"damage":13,"enemies":"Shell Parasite","floor":18,"turns":5},{"damage":39,"enemies":"3 Byrds","floor":20,"turns":5},{"damage":16,"enemies":"Snecko","floor":30,"turns":4},{"damage":0,"enemies":"Sentry and Sphere","floor":31,"turns":3},{"damage":66,"enemies":"Collector","floor":33,"turns":10},{"damage":13,"enemies":"3 Shapes","floor":35,"turns":4},{"damage":26,"enemies":"Orb Walker","floor":38,"turns":4},{"damage":67,"enemies":"R_Hoarder","floor":41,"turns":8},{"damage":27,"enemies":"Spire Growth","floor":42,"turns":2}],"seed_played":"6240907742188885091","potions_obtained":[{"floor":6,"key":"hexamod:SoulburnPotion"},{"floor":7,"key":"Adrenaline Potion"},{"floor":16,"key":"sneckomod:MuddlingPotion"},{"floor":20,"key":"SpeedPotion"},{"floor":33,"key":"sneckomod:MuddlingPotion"},{"floor":35,"key":"EntropicBrew"}],"is_trial":false,"path_per_floor":["M","?","M","?","M","E","M","R","T","$","M","T","$","M","R","B",null,"M","$","M","?","?","R","T","?","T","$","AVR","R","M","M","R","B",null,"M","?","?","M","?","R","E","M"],"character_chosen":"NECROMANCER","items_purchased":["Summon_Vampire_Lady","Vampiric_Strike","Blood_Shield","Uncharnel","Spectral_Armor","Finger_Of_Death"],"campfire_rested":1,"item_purchase_floors":[10,13,13,19,19,27],"current_hp_per_floor":[75,75,75,75,75,22,14,36,36,36,35,35,35,39,39,46,75,73,73,49,49,49,49,49,33,33,33,33,33,34,36,58,44,75,72,72,72,60,60,60,13,0,0],"gold":537,"neow_bonus":"RANDOM_EVENT","is_daily":false,"chose_seed":false,"campfire_upgraded":4,"win_rate":0.0,"timestamp":1611610613,"path_taken":["M","?","M","?","?","E","M","R","T","$","M","?","$","M","R","BOSS","M","$","?","?","?","R","?","?","T","?","AVR","R","M","?","R","BOSS","M","?","?","M","?","R","E","M"],"items_purchased_type":["Card","Card","Card","Card","Card","Card"],"build_version":"2020-12-22","purchased_purges":1,"victory":false,"max_hp_per_floor":[75,75,75,75,75,75,75,75,75,75,75,75,75,75,75,75,75,75,75,75,75,75,75,75,75,75,75,75,75,75,75,75,75,75,75,75,75,75,75,75,75,75,75],"card_choices":[{"not_picked":["Bone_Shift","Chill_Blood"],"picked":"Summon_Undead","floor":1},{"not_picked":["Negative_Energy_Mist","Life_Drain"],"picked":"Blood_for_Blood","floor":3},{"not_picked":["Consume_Illness","Finger_Of_Death"],"picked":"Negative_Energy_Sphere","floor":5},{"not_picked":["Negative_Energy_Mist","Bone_Spikes"],"picked":"Finger_Of_Death","floor":6},{"not_picked":["Negative_Energy_Shield","Bones_to_Steel"],"picked":"Finger_Of_Death","floor":7},{"not_picked":["Whirlwind_of_Bones","Bone_Bullets"],"picked":"Requiem","floor":11},{"not_picked":["Bone_Spikes","Bones_to_Steel"],"picked":"Bone_Shift","floor":14},{"not_picked":["Summon_Vampire_Lady","Detonate_Bones"],"picked":"Hellfire","floor":16},{"not_picked":["Blood_Whip","Bone_Spikes"],"picked":"Violent_Necrosis","floor":18},{"not_picked":["Bone_Shift","Negative_Energy_Shield+1"],"picked":"Finger_Of_Death+1","floor":20},{"not_picked":["Negative_Energy_Bomb","Negative_Energy_Mist+1","Bone_Shift"],"picked":"SKIP","floor":30},{"not_picked":["Consume_Illness","Shade_Step"],"picked":"Siphon_Strength+1","floor":31},{"not_picked":["Grasp_Heart","Summon_Vampire_Lady"],"picked":"Skeleton_Dragon","floor":33},{"not_picked":["Vampiric_Strike","Shade_Step"],"picked":"Life_Tap+1","floor":35},{"not_picked":["Negative_Energy_Sphere+1","Negative_Energy_Bomb","Negative_Energy_Shield+1"],"picked":"SKIP","floor":38},{"not_picked":["Shackles_Of_Pain+1","Negative_Energy_Sphere"],"picked":"Consume_Illness+1","floor":39},{"not_picked":["Consume_Illness","Exploit"],"picked":"Spectral_Walk+1","floor":39},{"not_picked":["Acid_Javelin+1","Necromantic_Selection+1"],"picked":"Uncharnel","floor":39},{"not_picked":["Consume_Illness","Bone_Shift"],"picked":"Flesh_Made_Foul+1","floor":41}],"player_experience":107568,"relics_obtained":[{"floor":6,"key":"Omamori"},{"floor":9,"key":"Orichalcum"},{"floor":12,"key":"Boot"},{"floor":24,"key":"reliquary:SharkskinSheath"},{"floor":25,"key":"Replay:Blank Codex"},{"floor":26,"key":"Bag of Marbles"},{"floor":37,"key":"Ring of Panic"},{"floor":37,"key":"Ring of Greed"},{"floor":37,"key":"infinitespire:Midas Blood"},{"floor":37,"key":"Membership Card"},{"floor":41,"key":"reliquary:Aerogel"}],"event_choices":[{"damage_healed":0,"gold_gain":0,"cards_transformed":["Strike_W"],"player_choice":"Transformed","damage_taken":0,"max_hp_gain":0,"max_hp_loss":0,"event_name":"Transmorgrifier","floor":4,"gold_loss":0,"cards_obtained":["Whirlwind_of_Bones"]},{"damage_healed":0,"gold_gain":0,"player_choice":"Ignored","damage_taken":0,"max_hp_gain":0,"max_hp_loss":0,"event_name":"Ghosts","floor":22,"gold_loss":0},{"damage_healed":0,"gold_gain":0,"player_choice":"Obtained Book","damage_taken":16,"max_hp_gain":0,"max_hp_loss":0,"event_name":"Cursed Tome","floor":25,"gold_loss":0}],"is_beta":false,"boss_relics":[{"not_picked":["Snecko Eye","SacredBark"],"picked":"Replay:Fungal Core"},{"not_picked":["hubris:TerracottaHorce","Cursed Key"],"picked":"reliquary:WritOfMandamus"}],"items_purged_floors":[28],"is_endless":false,"potions_floor_spawned":[6,7,16,20,33,35],"killed_by":"Spire Growth","ascension_level":0}}