{"host":"yv7ijgyl7mqt7c0r","time":1611535066,"event":{"mods":["100% Spire Juice","2.2 Compatiblity","Act Like it!","Aspiration","BaseMod","Bestiary","Better Note","Better Skull","CapriCore","Conspire","DeckTracker","Elementarium","Energized Spire","Friendly Minions","Gensokyo","GifTheSpireLib","Hallownest","KinomotoSakuraMod(????)","Mari Mod (Legacy)","Mari\u0027s V1 Patch","Marisa????????","Menagerie","Minty Spire (QoL Compilation)","Prisma Mod","Random Character Button","Reimu??????","Remilia_Scarlet Moed?????·?????3.3.5","StSLib","Stuff the Spire","The Alterego","The Bug Knight","The Jungle","The Senshi","The Servant 0.9.4","TheVelvet","Wandering Minibosses","Yakumo Yukari mod","Yuyuko"],"gold_per_floor":[112,127,137,137,212,243,260,260,313,313,74,74,88,120,120,218,218,218],"floor_reached":17,"language":"ENG","playtime":913,"items_purged":["Regret"],"score":165,"play_id":"2b046372-3145-426b-8aa9-898e9de87857","local_time":"20210124183746","daily_mods":["Heirloom","DeadlyEvents","Elite Swarm","Lethality"],"is_ascension_mode":false,"campfire_choices":[{"floor":8,"key":"REST"},{"data":"Moonlight","floor":10,"key":"SMITH"},{"data":"Apotheosis","floor":12,"key":"SMITH"},{"floor":15,"key":"REST"}],"circlet_count":0,"master_deck":["Strike_S","Strike_S","Strike_S","Strike_S","Defend_S","Defend_S","Defend_S","Defend_S","KidneyShot","Exchange","Defy","Ricochet","Contraction","Initiator","Moonlight+1","Apotheosis+1","Replace","Sunlight+1","FlawlessForm"],"relics":["Uniform","Gambling Chip","CrazyTorch:ReiMu","Dead Branch","StuffTheSpire:GrapeVine","Molten Egg 2","energizedSpire:NeverEndingSparkler"],"acts_visited":["Exordium","TheCity"],"potions_floor_usage":[],"damage_taken":[{"damage":0,"enemies":"Cultist","floor":1,"turns":3},{"damage":4,"enemies":"2 Louse","floor":2,"turns":2},{"damage":0,"enemies":"Small Slimes","floor":3,"turns":1},{"damage":17,"enemies":"Gremlin Nob","floor":6,"turns":4},{"damage":0,"enemies":"Looter","floor":7,"turns":2},{"damage":13,"enemies":"Lots of Slimes","floor":13,"turns":2},{"damage":6,"enemies":"3 Sentries","floor":14,"turns":5},{"damage":14,"enemies":"Slime Boss","floor":16,"turns":8}],"seed_played":"1694595907067515943","potions_obtained":[{"floor":2,"key":"SkillPotion"},{"floor":3,"key":"Weak Potion"},{"floor":16,"key":"Block Potion"}],"is_trial":true,"path_per_floor":["M","M","M","?","?","E","M","R","T","R","$","R","M","E","R","B",null],"character_chosen":"THE_SERVANT","items_purchased":["Apotheosis"],"campfire_rested":2,"item_purchase_floors":[11],"current_hp_per_floor":[65,61,61,61,50,33,33,52,52,52,52,52,39,33,52,38,65,65],"gold":218,"neow_bonus":"","is_daily":false,"chose_seed":false,"campfire_upgraded":2,"win_rate":0.0,"timestamp":1611535066,"path_taken":["M","M","M","?","?","E","M","R","T","R","?","R","?","E","R","BOSS"],"items_purchased_type":["Card"],"build_version":"2020-12-22","purchased_purges":1,"victory":false,"max_hp_per_floor":[65,65,65,65,65,65,65,65,65,65,65,65,65,65,65,65,65,65],"card_choices":[{"not_picked":["Alleviate","BottledTime"],"picked":"Defy","floor":1},{"not_picked":["BottledTime","StarChef"],"picked":"Ricochet","floor":2},{"not_picked":["Defy","Ricochet"],"picked":"Contraction","floor":3},{"not_picked":["PendulumOfEternity","FloweringNight"],"picked":"Initiator","floor":6},{"not_picked":["TimeWarp","Starlight"],"picked":"Moonlight","floor":7},{"not_picked":["BestPractice","ShatteredReality"],"picked":"Replace","floor":13},{"not_picked":["SilverMatrix","Deny"],"picked":"Sunlight+1","floor":14},{"not_picked":["Initiator+1","KillingDoll+1"],"picked":"FlawlessForm","floor":16}],"player_experience":581918,"relics_obtained":[{"floor":6,"key":"Dead Branch"},{"floor":9,"key":"StuffTheSpire:GrapeVine"},{"floor":14,"key":"Molten Egg 2"}],"event_choices":[{"damage_healed":0,"gold_gain":0,"player_choice":"Box","damage_taken":0,"relics_obtained":["CrazyTorch:ReiMu"],"max_hp_gain":0,"max_hp_loss":0,"event_name":"Big Fish","floor":4,"gold_loss":0,"cards_obtained":["Regret"]},{"damage_healed":0,"gold_gain":75,"player_choice":"Gather Gold","damage_taken":11,"max_hp_gain":0,"max_hp_loss":0,"event_name":"World of Goop","floor":5,"gold_loss":0}],"is_beta":false,"boss_relics":[{"not_picked":["SlaversCollar","Runic Dome"],"picked":"energizedSpire:NeverEndingSparkler"}],"items_purged_floors":[11],"is_endless":false,"potions_floor_spawned":[2,3,16],"ascension_level":0}}