{"host":"bxd97rc2ofc6op20","time":1611555730,"event":{"mods":["BaseMod","Colored Map","Colored Powertips","Googly Eyes","Highlight Path","Minty Spire (QoL Compilation)","Quick Restart","Rare Cards Sparkle"],"gold_per_floor":[111,111,124,136,13,13,41,62,62,62,62],"floor_reached":10,"language":"ENG","playtime":875,"items_purged":["Strike_G"],"score":76,"play_id":"f004cc8e-e738-4160-b2d5-c49d2f697f1c","local_time":"20210124222210","is_ascension_mode":true,"campfire_choices":[{"data":"Dash","floor":6,"key":"SMITH"}],"circlet_count":0,"master_deck":["Strike_G","Strike_G","Strike_G","Strike_G","Defend_G","Defend_G","Defend_G","Defend_G","Defend_G","Survivor","Neutralize","PiercingWail","Dash+1","Deflect","Dodge and Roll","Cloak And Dagger","Bullet Time"],"relics":["Ring of the Snake","Letter Opener","Snake Skull","Odd Mushroom","Toxic Egg 2"],"acts_visited":["Exordium"],"potions_floor_usage":[10,10,10],"damage_taken":[{"damage":0,"enemies":"2 Louse","floor":1,"turns":4},{"damage":0,"enemies":"Small Slimes","floor":3,"turns":4},{"damage":0,"enemies":"Jaw Worm","floor":4,"turns":4},{"damage":25,"enemies":"3 Sentries","floor":7,"turns":12},{"damage":13,"enemies":"The Mushroom Lair","floor":8,"turns":5},{"damage":36,"enemies":"Lagavulin","floor":10,"turns":12}],"seed_played":"1987256624169091908","potions_obtained":[{"floor":1,"key":"DuplicationPotion"},{"floor":4,"key":"GamblersBrew"},{"floor":8,"key":"LiquidBronze"}],"is_trial":false,"path_per_floor":["M","?","M","M","$","R","E","?","T","E"],"character_chosen":"THE_SILENT","items_purchased":["Dodge and Roll"],"campfire_rested":0,"item_purchase_floors":[5],"current_hp_per_floor":[77,70,70,70,70,70,45,32,32,0,0],"gold":62,"neow_bonus":"TEN_PERCENT_HP_BONUS","is_daily":false,"chose_seed":false,"campfire_upgraded":1,"win_rate":0.0,"timestamp":1611555730,"path_taken":["M","?","M","M","$","R","E","?","T","E"],"items_purchased_type":["Card"],"build_version":"2020-12-22","purchased_purges":1,"victory":false,"max_hp_per_floor":[77,77,77,77,77,77,77,77,77,77,77],"card_choices":[{"not_picked":["Finisher","Blade Dance"],"picked":"PiercingWail","floor":1},{"not_picked":["Tactician","Accuracy"],"picked":"Dash","floor":3},{"not_picked":["Quick Slash","Sucker Punch"],"picked":"Deflect","floor":4},{"not_picked":["Underhanded Strike","Riddle With Holes"],"picked":"Cloak And Dagger","floor":7},{"not_picked":["Sucker Punch","Underhanded Strike"],"picked":"Bullet Time","floor":8}],"player_experience":365284,"relics_obtained":[{"floor":7,"key":"Snake Skull"},{"floor":8,"key":"Odd Mushroom"},{"floor":9,"key":"Toxic Egg 2"}],"event_choices":[{"damage_healed":0,"gold_gain":0,"player_choice":"Success","damage_taken":7,"relics_obtained":["Letter Opener"],"max_hp_gain":0,"max_hp_loss":0,"event_name":"Scrap Ooze","floor":2,"gold_loss":0},{"damage_healed":0,"gold_gain":0,"player_choice":"Fought Mushrooms","damage_taken":0,"max_hp_gain":0,"max_hp_loss":0,"event_name":"Mushrooms","floor":8,"gold_loss":0}],"is_beta":false,"boss_relics":[],"items_purged_floors":[5],"is_endless":false,"potions_floor_spawned":[1,4,8],"killed_by":"Lagavulin","ascension_level":3}}