{"host":"aqfw1ojr5s8c7c6h","time":1611560402,"event":{"mods":["100% Spire Juice","A Magickal Journey","Arknights The Spire","Ascension Reborn","BaseMod","Conspire","Energized Spire","GungeonMod","Hermit","Infinite Spire","Minty Spire (QoL Compilation)","Prisma Mod","Relic Sorter","StSLib","The Bug Knight","The Hierophant","The Poker Player","The Wild Card","Useless Jewels Mod","WarShipGirlsR/??á´Ò³R mod"],"gold_per_floor":[111,130,130,149,164,199,199,226,226,126,78,78,78,106,106,208,158,177,196,215,49,63,90,90,124,124,136,154,154,154,167,167,267,267,287,287,287],"floor_reached":36,"language":"KOR","playtime":1838,"items_purged":[],"score":554,"play_id":"e6e4b406-7d4f-4b4b-a8f8-165dd72e457e","local_time":"20210125164002","is_ascension_mode":true,"campfire_choices":[{"data":"Heavy Blade","floor":7,"key":"SMITH"},{"floor":13,"key":"REST"},{"data":"Metallicize","floor":15,"key":"SMITH"},{"floor":29,"key":"RECALL"},{"floor":32,"key":"REST"}],"circlet_count":0,"master_deck":["Strike_R","Strike_R","Strike_R","Strike_R","Strike_R","Defend_R","Defend_R","Defend_R","Defend_R","Bash","Flex","Dual Wield","Clash","Shockwave","Heavy Blade+1","Metallicize+1","Ghostly","Limit Break","Strike_R","Headbutt","Pommel Strike","Thunderclap","DemoMod:Spice","Flex","Iron Wave","Heavy Blade","Inflame","DemoMod:Spice+1","Battle Trance","infinitespire:Punishment","Clash","Demon Form","Twin Strike+1"],"relics":["Burning Blood","DemoMod:Relodestone","HornCleat","Happy Flower","Strawberry","DemoMod:PinkGuonStone","Boot","DemoMod:WhiteGuonStone","energizedSpire:HugeHouse","Mercury Hourglass"],"acts_visited":["Exordium","TheCity","TheBeyond"],"potions_floor_usage":[6,8,16,16,19,31],"damage_taken":[{"damage":1,"enemies":"2 Louse","floor":1,"turns":4},{"damage":5,"enemies":"Cultist","floor":2,"turns":3},{"damage":14,"enemies":"conspire:RoseBush","floor":4,"turns":2},{"damage":24,"enemies":"Exordium Thugs","floor":5,"turns":4},{"damage":12,"enemies":"Lagavulin","floor":6,"turns":5},{"damage":25,"enemies":"Gremlin Nob","floor":8,"turns":4},{"damage":9,"enemies":"HollowMod:MossKnight","floor":14,"turns":6},{"damage":51,"enemies":"Hexaghost","floor":16,"turns":16},{"damage":0,"enemies":"Spheric Guardian","floor":18,"turns":5},{"damage":0,"enemies":"conspire:FuzzyDice","floor":19,"turns":5},{"damage":11,"enemies":"Centurion and Healer","floor":20,"turns":7},{"damage":9,"enemies":"Snecko","floor":22,"turns":6},{"damage":11,"enemies":"conspire:SneckoGhost","floor":23,"turns":8},{"damage":4,"enemies":"Book of Stabbing","floor":25,"turns":4},{"damage":36,"enemies":"Shelled Parasite and Fungi","floor":27,"turns":5},{"damage":0,"enemies":"conspire:HollyBat","floor":28,"turns":6},{"damage":0,"enemies":"Snake Plant","floor":31,"turns":1},{"damage":43,"enemies":"Champ","floor":33,"turns":6},{"damage":9,"enemies":"3 Darklings","floor":35,"turns":4},{"damage":31,"enemies":"3 Shapes","floor":36,"turns":4}],"seed_played":"7447906689158576478","potions_obtained":[{"floor":1,"key":"Block Potion"},{"floor":3,"key":"DuplicationPotion"},{"floor":3,"key":"Block Potion"},{"floor":6,"key":"GamblersBrew"},{"floor":16,"key":"DistilledChaos"},{"floor":20,"key":"SteroidPotion"},{"floor":27,"key":"infinitespire:BlackPotion"},{"floor":28,"key":"DuplicationPotion"},{"floor":31,"key":"BlessingOfTheForge"},{"floor":33,"key":"Energy Potion"}],"is_trial":false,"path_per_floor":["M","M","?","M","M","E","R","E","T","?","$","T","R","E","R","B",null,"M","M","M","$","M","E","?","E","T","M","M","R","?","M","R","B",null,"M","M"],"character_chosen":"IRONCLAD","items_purchased":["Flex","DemoMod:Spice","Flex","Iron Wave"],"campfire_rested":2,"item_purchase_floors":[11,21,21,21],"current_hp_per_floor":[77,78,78,70,52,53,53,34,41,41,41,41,69,66,66,21,72,78,84,79,79,76,71,71,73,73,43,49,49,30,36,59,22,62,59,34,34],"gold":287,"neow_bonus":"RANDOM_COMMON_RELIC","is_daily":false,"chose_seed":false,"campfire_upgraded":2,"win_rate":0.0,"timestamp":1611560402,"path_taken":["M","M","?","?","M","E","R","E","T","?","$","?","R","E","R","BOSS","M","M","M","$","M","E","?","E","T","M","M","R","?","M","R","BOSS","M","M"],"items_purchased_type":["Card","Card","Card","Card"],"build_version":"2020-12-22","purchased_purges":0,"victory":false,"max_hp_per_floor":[80,80,80,80,80,87,87,87,94,94,94,94,94,94,94,94,89,89,89,89,89,89,87,87,87,87,83,79,79,79,79,79,75,75,73,71,71],"card_choices":[{"not_picked":["Wild Strike","Sever Soul"],"picked":"Flex","floor":1},{"not_picked":["Seeing Red","Perfected Strike"],"picked":"Dual Wield","floor":2},{"not_picked":["True Grit","Havoc"],"picked":"Clash","floor":4},{"not_picked":["Clothesline","Entrench"],"picked":"Shockwave","floor":5},{"not_picked":["Pommel Strike","Flame Barrier"],"picked":"Heavy Blade","floor":6},{"not_picked":["Impervious","infinitespire:OneForAll"],"picked":"Metallicize","floor":8},{"not_picked":["Perfected Strike","Brutality","Combust"],"picked":"SKIP","floor":14},{"not_picked":["conspire:HitWhereItHurts","Offering"],"picked":"Limit Break","floor":16},{"not_picked":["Dark Embrace","Body Slam+1"],"picked":"Pommel Strike","floor":18},{"not_picked":["Pommel Strike","Battle Trance"],"picked":"Thunderclap","floor":19},{"not_picked":["True Grit","Berserk","Perfected Strike+1"],"picked":"SKIP","floor":20},{"not_picked":["Pommel Strike","Twin Strike+1"],"picked":"Heavy Blade","floor":22},{"not_picked":["Perfected Strike","Intimidate","Anger"],"picked":"SKIP","floor":23},{"not_picked":["Dual Wield+1","Thunderclap"],"picked":"DemoMod:Spice+1","floor":25},{"not_picked":["DemoMod:Spice","Combust"],"picked":"Battle Trance","floor":27},{"not_picked":["Reckless Charge+1","Sentinel+1","DemoMod:Spice"],"picked":"SKIP","floor":28},{"not_picked":["infinitespire:Gouge","infinitespire:TheBestDefense"],"picked":"infinitespire:Punishment","floor":30},{"not_picked":["DemoMod:Spice","Feel No Pain+1"],"picked":"Clash","floor":31},{"not_picked":["Juggernaut","DemoMod:Spice"],"picked":"Demon Form","floor":33},{"not_picked":["DemoMod:Spice","DemoMod:Spice+1"],"picked":"Twin Strike+1","floor":35}],"player_experience":118623,"relics_obtained":[{"floor":6,"key":"Strawberry"},{"floor":8,"key":"DemoMod:WeirdEgg"},{"floor":9,"key":"DemoMod:PinkGuonStone"},{"floor":12,"key":"Boot"},{"floor":14,"key":"DemoMod:WhiteGuonStone"},{"floor":23,"key":"Mercury Hourglass"},{"floor":25,"key":"DemoMod:Relodestone"}],"event_choices":[{"damage_healed":0,"gold_gain":0,"player_choice":"Got Potions","damage_taken":0,"max_hp_gain":0,"max_hp_loss":0,"event_name":"Lab","floor":3,"gold_loss":0},{"damage_healed":0,"gold_gain":0,"player_choice":"Argue","damage_taken":0,"max_hp_gain":0,"max_hp_loss":0,"event_name":"conspire:LoneGhost","floor":10,"gold_loss":0},{"damage_healed":0,"gold_gain":0,"player_choice":"Read","damage_taken":0,"max_hp_gain":0,"max_hp_loss":0,"event_name":"The Library","floor":24,"gold_loss":0,"cards_obtained":["Inflame"]}],"is_beta":false,"boss_relics":[{"not_picked":["Snecko Eye","conspire:RunicOctahedron"],"picked":"energizedSpire:HugeHouse"},{"not_picked":["energizedSpire:SpiderWeb","energizedSpire:RedRose","Busted Crown"]}],"items_purged_floors":[],"is_endless":false,"potions_floor_spawned":[1,6,16,20,27,28,31,33,36],"killed_by":"3 Shapes","ascension_level":6}}