{"host":"3498uni0c31c9bdm","time":1611560411,"event":{"mods":["BaseMod","Better Third Choice","Minty Spire (QoL Compilation)","Replay The Spire","StSLib"],"gold_per_floor":[361,372,372,383,105,105,105,118,145,145,157,183,194,214,214,319,319,330,330,330],"floor_reached":19,"language":"ENG","playtime":1153,"items_purged":[],"score":231,"play_id":"ba2d7028-01d5-4b12-b762-e5993a89b976","local_time":"20210125184011","is_ascension_mode":true,"campfire_choices":[{"floor":6,"key":"RECALL"},{"data":"ForeignInfluence","floor":10,"key":"SMITH"},{"floor":15,"key":"REST"}],"circlet_count":0,"master_deck":["Strike_P","Strike_P","Strike_P","Defend_P","Defend_P","Defend_P","Eruption","Vigilance","Survivor","Defend_R","Replay:Hum","EmptyFist","ForeignInfluence+1","Steam","Prostrate","Evaluate","Wireheading","SpiritShield","Prostrate","MentalFortress","MasterReality","PathToVictory+1"],"relics":["PureWater","Kunai","Replay:Rubber Ducky","Boot","Replay:Bronze Core"],"acts_visited":["Exordium","TheCity"],"potions_floor_usage":[12,13,13,16,16,19],"damage_taken":[{"damage":9,"enemies":"Small Slimes","floor":1,"turns":5},{"damage":12,"enemies":"Cultist","floor":2,"turns":6},{"damage":0,"enemies":"2 Louse","floor":4,"turns":3},{"damage":0,"enemies":"2 Fungi Beasts","floor":8,"turns":2},{"damage":12,"enemies":"3 Louse","floor":11,"turns":3},{"damage":66,"enemies":"3 Sentries","floor":12,"turns":17},{"damage":0,"enemies":"Exordium Wildlife","floor":13,"turns":5},{"damage":0,"enemies":"Large Slime","floor":14,"turns":6},{"damage":37,"enemies":"Fading Forest","floor":16,"turns":11},{"damage":35,"enemies":"3 Byrds","floor":18,"turns":9},{"damage":32,"enemies":"Masked Bandits","floor":19,"turns":3}],"seed_played":"3951656941269943254","potions_obtained":[{"floor":4,"key":"ColorlessPotion"},{"floor":8,"key":"BottledMiracle"},{"floor":12,"key":"GamblersBrew"},{"floor":13,"key":"Adrenaline Potion"},{"floor":14,"key":"BottledMiracle"},{"floor":18,"key":"BlessingOfTheForge"}],"is_trial":false,"path_per_floor":["M","M","?","M","$","R","?","M","T","R","M","E","M","M","R","B",null,"M","?"],"character_chosen":"WATCHER","items_purchased":["Kunai","Prostrate"],"campfire_rested":1,"item_purchase_floors":[5,5],"current_hp_per_floor":[56,44,44,44,44,44,82,82,82,82,70,4,4,4,28,13,65,30,0,0],"gold":330,"neow_bonus":"TWO_FIFTY_GOLD","is_daily":false,"chose_seed":false,"campfire_upgraded":1,"win_rate":0.0,"timestamp":1611560411,"path_taken":["M","M","?","M","$","R","?","M","T","R","M","E","?","?","R","BOSS","M","?"],"items_purchased_type":["Relic","Card"],"build_version":"2020-12-22","purchased_purges":0,"victory":false,"max_hp_per_floor":[72,72,72,72,72,72,82,82,82,82,82,82,82,82,82,82,82,82,82,82],"card_choices":[{"not_picked":["Protect","Replay:Cycle"],"picked":"Replay:Hum","floor":1},{"not_picked":["EmptyBody","Halt"],"picked":"EmptyFist","floor":2},{"not_picked":["Wallop","Vengeance"],"picked":"Wish","floor":4},{"not_picked":["Replay:AtTheReady","Crescendo"],"picked":"Evaluate","floor":8},{"not_picked":["Swivel","CarveReality"],"picked":"Wireheading","floor":11},{"not_picked":["DeceiveReality","InnerPeace"],"picked":"SpiritShield","floor":12},{"not_picked":["Tantrum","Meditate"],"picked":"Prostrate","floor":13},{"not_picked":["Evaluate","Pray"],"picked":"MentalFortress","floor":14},{"not_picked":["Scrawl","Wish"],"picked":"MasterReality","floor":16},{"not_picked":["Crescendo+1","CutThroughFate"],"picked":"PathToVictory+1","floor":18}],"player_experience":738358,"relics_obtained":[{"floor":9,"key":"Replay:Rubber Ducky"},{"floor":12,"key":"Boot"}],"event_choices":[{"cards_removed":["Wish"],"damage_healed":28,"gold_gain":0,"player_choice":"Offered Rare","damage_taken":0,"max_hp_gain":10,"max_hp_loss":0,"event_name":"Bonfire Elementals","floor":7,"gold_loss":0},{"damage_healed":0,"gold_gain":0,"player_choice":"Fought Bandits","damage_taken":0,"max_hp_gain":0,"max_hp_loss":0,"event_name":"Masked Bandits","floor":19,"gold_loss":0}],"is_beta":false,"boss_relics":[{"not_picked":["Sozu","Ring of Chaos"],"picked":"Replay:Bronze Core"}],"items_purged_floors":[],"is_endless":false,"potions_floor_spawned":[4,8,12,13,14,18],"killed_by":"Masked Bandits","ascension_level":7}}