{"host":"8rqsnaeml9gxb0kp","time":1611533627,"event":{"mods":["AchievementEnabler","BaseMod","Dark Map","Minty Spire (QoL Compilation)","StSLib"],"gold_per_floor":[116,135,148,164,183,183,217,217,243,270,280,280,280,294,294,294,294],"floor_reached":16,"language":"ENG","playtime":687,"items_purged":[],"score":171,"play_id":"1739f1c8-3866-4823-94f7-ef3449a24997","local_time":"20210124161347","is_ascension_mode":true,"campfire_choices":[{"data":"Uppercut","floor":6,"key":"SMITH"},{"floor":8,"key":"REST"},{"data":"Clothesline","floor":13,"key":"SMITH"},{"floor":15,"key":"REST"}],"circlet_count":0,"master_deck":["AscendersBane","Bash","Sword Boomerang","Inflame","Entrench","Twin Strike","Hemokinesis","Ghostly Armor","Cleave","Double Tap","Intimidate","Disarm","Seeing Red","Blood for Blood","Cleave","Uppercut+1","Clothesline+1","Clothesline","Immolate","Hemokinesis"],"relics":["Pandora\u0027s Box","Art of War","PreservedInsect","Anchor","Golden Idol"],"acts_visited":["Exordium"],"potions_floor_usage":[7,10],"damage_taken":[{"damage":0,"enemies":"2 Louse","floor":1,"turns":2},{"damage":2,"enemies":"Small Slimes","floor":2,"turns":3},{"damage":0,"enemies":"Cultist","floor":3,"turns":2},{"damage":5,"enemies":"Blue Slaver","floor":4,"turns":2},{"damage":2,"enemies":"Large Slime","floor":5,"turns":5},{"damage":30,"enemies":"3 Sentries","floor":7,"turns":5},{"damage":15,"enemies":"Lagavulin","floor":10,"turns":3},{"damage":7,"enemies":"Lots of Slimes","floor":11,"turns":3},{"damage":1,"enemies":"Looter","floor":14,"turns":2},{"damage":61,"enemies":"The Guardian","floor":16,"turns":7}],"seed_played":"3094048284813872746","potions_obtained":[{"floor":1,"key":"Ancient Potion"},{"floor":5,"key":"ElixirPotion"},{"floor":7,"key":"SneckoOil"}],"is_trial":false,"path_per_floor":["M","M","M","M","M","R","E","R","T","E","M","?","R","M","R","B"],"character_chosen":"IRONCLAD","items_purchased":[],"campfire_rested":2,"item_purchase_floors":[],"current_hp_per_floor":[72,70,70,65,63,63,33,57,57,42,35,35,35,34,56,0,0],"gold":294,"neow_bonus":"BOSS_RELIC","is_daily":false,"chose_seed":false,"campfire_upgraded":2,"win_rate":0.0,"timestamp":1611533627,"path_taken":["M","M","M","M","M","R","E","R","T","E","M","?","R","M","R","BOSS"],"items_purchased_type":[],"build_version":"2020-12-22","purchased_purges":0,"victory":false,"max_hp_per_floor":[80,80,80,80,80,80,80,80,80,80,80,74,74,74,74,74,74],"card_choices":[{"not_picked":["True Grit","Clash"],"picked":"Disarm","floor":1},{"not_picked":["Flex","Clash"],"picked":"Seeing Red","floor":2},{"not_picked":["Heavy Blade","Clash"],"picked":"Blood for Blood","floor":3},{"not_picked":["Hemokinesis","Armaments"],"picked":"Cleave","floor":4},{"not_picked":["Feel No Pain","Iron Wave"],"picked":"Uppercut","floor":5},{"not_picked":["Entrench","True Grit"],"picked":"Clothesline","floor":7},{"not_picked":["Wild Strike","Heavy Blade"],"picked":"Clothesline","floor":10},{"not_picked":["Hemokinesis","Armaments"],"picked":"Immolate","floor":11},{"not_picked":["Wild Strike","Reckless Charge"],"picked":"Hemokinesis","floor":14}],"player_experience":134879,"relics_obtained":[{"floor":7,"key":"Art of War"},{"floor":9,"key":"PreservedInsect"},{"floor":10,"key":"Anchor"}],"event_choices":[{"damage_healed":0,"gold_gain":0,"player_choice":"Lose Max HP","damage_taken":0,"relics_obtained":["Golden Idol"],"max_hp_gain":0,"max_hp_loss":6,"event_name":"Golden Idol","floor":12,"gold_loss":0}],"is_beta":false,"boss_relics":[],"items_purged_floors":[],"is_endless":false,"potions_floor_spawned":[1,5,7],"killed_by":"The Guardian","ascension_level":10}}