{"host":"mhr97lg0mj90r8b2","time":1611553614,"event":{"mods":["BaseMod","Lobotomy","Minty Spire (QoL Compilation)","Quick Restart","StSLib","The Servant 0.9.4"],"gold_per_floor":[111,127,77,77,88,88,88,88,88,88,107,177,192,210,210,336,336,349,349,105,105,121,121,121,121],"floor_reached":24,"language":"ZHS","playtime":1490,"items_purged":["FairyFestival"],"score":186,"play_id":"5963ebce-a641-43c3-ad2e-3bb6dbfc1804","local_time":"20210125134654","is_ascension_mode":false,"campfire_choices":[{"data":"Backflip","floor":6,"key":"SMITH"},{"data":"Neutralize","floor":8,"key":"SMITH"},{"floor":15,"key":"DIG"},{"floor":23,"key":"DIG"}],"circlet_count":0,"master_deck":["Strike_G","Strike_G","Strike_G","Defend_G","Defend_G","Defend_G","Survivor","Neutralize+1","OSAHOGD","Backflip+1","Leg Sweep","Flying Knee","Glass Knife","SingingMachine","NakedNest","Backstab","CrumblingArmor","Adrenaline","LittleHelper","Backstab","PiercingWail","Die Die Die","Dramatic Entrance","Scorched"],"relics":["Ring of the Snake","CogitoBucket","Pantograph","Ice Cream","Mango","Golden Idol","Shovel","Theresia","Orichalcum","Fusion Hammer","Bird Faced Urn"],"acts_visited":["Exordium","TheCity"],"potions_floor_usage":[12,24],"damage_taken":[{"damage":0,"enemies":"2 Louse","floor":1,"turns":4},{"damage":7,"enemies":"Jaw Worm","floor":2,"turns":6},{"damage":0,"enemies":"Cultist","floor":5,"turns":7},{"damage":0,"enemies":"Large Slime","floor":11,"turns":13},{"damage":13,"enemies":"Gremlin Nob","floor":12,"turns":7},{"damage":2,"enemies":"Exordium Wildlife","floor":13,"turns":4},{"damage":12,"enemies":"Lots of Slimes","floor":14,"turns":6},{"damage":49,"enemies":"Slime Boss","floor":16,"turns":21},{"damage":4,"enemies":"Spheric Guardian","floor":18,"turns":1},{"damage":4,"enemies":"3 Byrds","floor":22,"turns":4},{"damage":41,"enemies":"Sentry and Sphere","floor":24,"turns":5}],"seed_played":"3258846759759242993","potions_obtained":[{"floor":2,"key":"Poison Potion"},{"floor":13,"key":"FairyPotion"},{"floor":14,"key":"Strength Potion"},{"floor":22,"key":"ColorlessPotion"}],"is_trial":false,"path_per_floor":["M","M","?","?","M","R","T","R","T","?","M","?","M","M","R","B",null,"M","?","$","?","M","R","M"],"character_chosen":"THE_SILENT","items_purchased":["Die Die Die","Dramatic Entrance"],"campfire_rested":0,"item_purchase_floors":[20,20],"current_hp_per_floor":[70,63,63,60,60,60,60,60,74,74,74,63,61,56,56,29,78,74,74,74,78,74,74,0,0],"gold":121,"neow_bonus":"","is_daily":false,"chose_seed":false,"campfire_upgraded":2,"win_rate":0.0,"timestamp":1611553614,"path_taken":["M","M","?","?","M","R","?","R","T","?","M","?","M","?","R","BOSS","M","?","$","?","M","R","?"],"items_purchased_type":["Card","Card"],"build_version":"2020-12-22","purchased_purges":1,"victory":false,"max_hp_per_floor":[70,70,70,70,70,70,70,70,84,78,78,78,78,78,78,78,78,78,78,78,78,78,78,78,78],"card_choices":[{"not_picked":["ShyLook","Laetitia"],"picked":"OSAHOGD","floor":1},{"not_picked":["Cloak And Dagger","Bane"],"picked":"Backflip","floor":1},{"not_picked":["OldLady","MHz"],"picked":"Yin","floor":2},{"not_picked":["Quick Slash","Prepared"],"picked":"Leg Sweep","floor":2},{"not_picked":["Crippling Poison","Underhanded Strike","Quick Slash"],"picked":"SKIP","floor":5},{"not_picked":["Crippling Poison","Underhanded Strike","Quick Slash"],"picked":"SKIP","floor":5},{"not_picked":["ShyLook","BigBird","MHz"],"picked":"Singing Bowl","floor":11},{"not_picked":["DreamingCurrent","CrumblingArmor"],"picked":"FairyFestival","floor":11},{"not_picked":["Dodge and Roll","Backflip"],"picked":"Flying Knee","floor":11},{"not_picked":["Bloodbath","WallGazer"],"picked":"Mercenary","floor":12},{"not_picked":["Quick Slash","Caltrops"],"picked":"Glass Knife","floor":12},{"not_picked":["CherryBlossoms","VoidDream"],"picked":"SingingMachine","floor":13},{"not_picked":["Leg Sweep","Predator","Catalyst"],"picked":"SKIP","floor":13},{"not_picked":["RedShoes","CherryBlossoms"],"picked":"NakedNest","floor":14},{"not_picked":["Infinite Blades","Flying Knee"],"picked":"Backstab","floor":14},{"not_picked":["WhitesApple","Murderer"],"picked":"CrumblingArmor","floor":16},{"not_picked":["Wraith Form v2","After Image"],"picked":"Adrenaline","floor":16},{"not_picked":["WallGazer","UniverseFragment"],"picked":"LittleHelper","floor":18},{"not_picked":["Riddle With Holes","Acrobatics"],"picked":"Backstab","floor":18},{"not_picked":["FairyFestival","VoidDream"],"picked":"Scorched","floor":22},{"not_picked":["Sucker Punch","Slice","Flechettes+1"],"picked":"SKIP","floor":22}],"player_experience":105555,"relics_obtained":[{"floor":7,"key":"Ice Cream"},{"floor":9,"key":"Mango"},{"floor":12,"key":"Shovel"},{"floor":15,"key":"Orichalcum"},{"floor":23,"key":"Bird Faced Urn"}],"event_choices":[{"cards_removed":["Strike_G"],"damage_healed":0,"gold_gain":0,"player_choice":"Card Removal","damage_taken":0,"max_hp_gain":0,"max_hp_loss":0,"event_name":"The Cleric","floor":3,"gold_loss":50},{"damage_healed":0,"gold_gain":0,"player_choice":"Success","damage_taken":3,"relics_obtained":["Pantograph"],"max_hp_gain":0,"max_hp_loss":0,"event_name":"Scrap Ooze","floor":4,"gold_loss":0},{"damage_healed":0,"gold_gain":0,"player_choice":"Lose Max HP","damage_taken":0,"relics_obtained":["Golden Idol"],"max_hp_gain":0,"max_hp_loss":6,"event_name":"Golden Idol","floor":10,"gold_loss":0},{"damage_healed":0,"gold_gain":0,"player_choice":"Searched \u00271\u0027 times","damage_taken":0,"max_hp_gain":0,"max_hp_loss":0,"event_name":"Dead Adventurer","floor":12,"gold_loss":0},{"damage_healed":0,"gold_gain":0,"player_choice":"Read","damage_taken":0,"max_hp_gain":0,"max_hp_loss":0,"event_name":"The Library","floor":19,"gold_loss":0,"cards_obtained":["PiercingWail"]},{"cards_removed":["Mercenary"],"damage_healed":4,"gold_gain":0,"player_choice":"Offered Uncommon","damage_taken":0,"max_hp_gain":0,"max_hp_loss":0,"event_name":"Bonfire Elementals","floor":21,"gold_loss":0}],"is_beta":false,"boss_relics":[{"not_picked":["Black Star","Pandora\u0027s Box"],"picked":"Fusion Hammer"}],"items_purged_floors":[20],"is_endless":false,"potions_floor_spawned":[2,13,14,22],"killed_by":"Sentry and Sphere","ascension_level":0}}