{"host":"ecaj4hn004xnnrw9","time":1611532109,"event":{"mods":["AchievementEnabler","BaseMod","Better Third Choice","Card Forge","Hermit","Hubris","Infinite Spire","Jorbs\u0027s Wanderer Trilogy","Minty Spire (QoL Compilation)","Quick Restart","Relic Stats","Shop Mod","StSLib","The Construct","The Jungle","The Runesmith"],"gold_per_floor":[168,168,180,199,211,211,191,191,214,242,259,273,273,154,154,257,257,276,287,307,323,215,248,279,305,305,305,338,338,338,438,438,537,537,548,562,562,612,629,657,657,674,674,684,717,754,754,770,770,770,770,770,96,128,128],"floor_reached":56,"language":"ENG","playtime":1090,"items_purged":["Dagger Throw+1"],"score":2502,"play_id":"aaeec61e-e9e3-4759-95ae-22ddb2d9a4e4","local_time":"20210124234829","is_ascension_mode":true,"campfire_choices":[{"floor":6,"key":"REST"},{"floor":8,"key":"RECALL"},{"floor":15,"key":"REST"},{"floor":27,"key":"REST"},{"floor":32,"key":"REST"},{"data":"Dagger Throw","floor":47,"key":"SMITH"},{"floor":49,"key":"REST"},{"floor":52,"key":"REST"}],"circlet_count":0,"master_deck":["Burst+1","Corpse Explosion+1","Catalyst+1","Blur+1","Backflip+1","Burst+1","Catalyst+1","Blur+1","Backflip+1","Adrenaline+1","Adrenaline+1"],"relics":["Hammer of Thor","Seething Fire","Anvil of the Gods","Tiny House","Anchor","Centennial Puzzle","MerchantsRug","construct:WeddingRing","infinitespire:Beetle Shell","WingedGreaves","Potion Belt","construct:FoamFinger","Bag of Preparation","CeramicFish","hubris:Towel","hubris:Icosahedron","Runic Dome","The Specimen","Orichalcum","infinitespire:Eraser","Strawberry","Blood Vial","Pocketwatch","Sundial","infinitespire:BottledMercury"],"acts_visited":["Exordium","TheCity","TheBeyond","TheEnding"],"potions_floor_usage":[24],"damage_taken":[{"damage":0,"enemies":"2 Louse","floor":1,"turns":1},{"damage":14,"enemies":"Small Slimes","floor":3,"turns":2},{"damage":0,"enemies":"Cultist","floor":4,"turns":1},{"damage":0,"enemies":"Large Slime","floor":5,"turns":1},{"damage":0,"enemies":"Lagavulin","floor":10,"turns":1},{"damage":0,"enemies":"Exordium Wildlife","floor":11,"turns":1},{"damage":0,"enemies":"Exordium Thugs","floor":12,"turns":1},{"damage":0,"enemies":"Slime Boss","floor":16,"turns":1},{"damage":0,"enemies":"Shell Parasite","floor":18,"turns":1},{"damage":0,"enemies":"Chosen","floor":19,"turns":1},{"damage":0,"enemies":"Snecko","floor":20,"turns":1},{"damage":0,"enemies":"Cultist and Chosen","floor":21,"turns":1},{"damage":0,"enemies":"Gremlin Leader","floor":23,"turns":1},{"damage":0,"enemies":"Book of Stabbing","floor":24,"turns":2},{"damage":0,"enemies":"Gremlin Leader","floor":25,"turns":1},{"damage":0,"enemies":"Book of Stabbing","floor":28,"turns":1},{"damage":0,"enemies":"Collector","floor":33,"turns":1},{"damage":0,"enemies":"Orb Walker","floor":35,"turns":1},{"damage":0,"enemies":"3 Shapes","floor":36,"turns":1},{"damage":0,"enemies":"Mind Bloom Boss Battle","floor":38,"turns":1},{"damage":0,"enemies":"Transient","floor":39,"turns":1},{"damage":0,"enemies":"Giant Head","floor":40,"turns":1},{"damage":0,"enemies":"Jaw Worm Horde","floor":42,"turns":1},{"damage":0,"enemies":"Sphere and 2 Shapes","floor":44,"turns":1},{"damage":0,"enemies":"Reptomancer","floor":45,"turns":1},{"damage":0,"enemies":"Giant Head","floor":46,"turns":1},{"damage":0,"enemies":"4 Shapes","floor":48,"turns":1},{"damage":0,"enemies":"infinitespire:MassOfShapes","floor":50,"turns":1},{"damage":0,"enemies":"Shield and Spear","floor":54,"turns":1},{"damage":0,"enemies":"The Heart","floor":55,"turns":3}],"seed_played":"6689863084015990973","potions_obtained":[{"floor":0,"key":"CultistPotion"},{"floor":4,"key":"DistilledChaos"},{"floor":5,"key":"Block Potion"},{"floor":16,"key":"SteroidPotion"},{"floor":19,"key":"Energy Potion"},{"floor":23,"key":"Energy Potion"},{"floor":36,"key":"Dexterity Potion"},{"floor":42,"key":"DuplicationPotion"},{"floor":44,"key":"EssenceOfSteel"}],"is_trial":false,"path_per_floor":["M","?","M","M","M","R","?","R","T","E","M","M","?","$","R","B",null,"M","M","M","M","$","E","E","E","T","R","E","?","?","?","R","B",null,"M","M","?","?","M","E","?","M","T","M","E","E","R","M","R","B",null,"R","$","E","B",null],"character_chosen":"THE_SILENT","items_purchased":["MerchantsRug","infinitespire:Beetle Shell","Pocketwatch","Sundial","SkillPotion"],"campfire_rested":6,"item_purchase_floors":[14,22,53,53,53],"current_hp_per_floor":[68,68,54,54,54,75,75,75,75,75,75,75,68,68,75,75,75,75,75,75,75,75,75,75,75,75,75,75,75,75,75,75,75,75,75,75,75,75,75,75,75,75,75,75,82,82,82,82,82,82,82,82,82,82,82],"gold":128,"neow_bonus":"BOSS_RELIC","is_daily":false,"chose_seed":false,"campfire_upgraded":1,"win_rate":0.0,"timestamp":1611532109,"path_taken":["M","?","M","M","M","R","?","R","T","E","M","?","?","?","R","BOSS","M","?","M","M","$","E","E","E","T","R","E","?","?","?","R","BOSS","M","?","?","?","M","E","?","M","T","?","E","E","R","M","R","BOSS","R","$","E","BOSS"],"items_purchased_type":["Relic","Relic","Relic","Relic","Potion"],"build_version":"2020-12-22","purchased_purges":1,"victory":true,"max_hp_per_floor":[75,75,75,75,75,75,75,75,75,75,75,75,75,75,75,75,75,75,75,75,75,75,75,75,75,75,75,75,75,75,75,75,75,75,75,75,75,75,75,75,75,75,75,75,82,82,82,82,82,82,82,82,82,82,82],"relic_stats":{"Blood Vial":0,"Centennial Puzzle":[0],"counters":[30,34],"Sundial":[22],"CeramicFish":9,"Bag of Preparation":[30],"Orichalcum":[0],"obtain_stats":[{"infinitespire:BottledMercury":54,"Tiny House":0,"construct:FoamFinger":25,"CeramicFish":28,"Hammer of Thor":0,"Bag of Preparation":26,"Blood Vial":46,"Centennial Puzzle":13,"hubris:Icosahedron":30,"Sundial":53,"Strawberry":45,"WingedGreaves":23,"infinitespire:Eraser":43,"Ring of the Snake":0,"Potion Belt":24,"MerchantsRug":14,"construct:WeddingRing":17,"The Specimen":38,"infinitespire:Beetle Shell":22,"Seething Fire":0,"hubris:Towel":29,"Orichalcum":40,"Runic Dome":34,"Anchor":10,"Anvil of the Gods":0,"Pocketwatch":53},{"infinitespire:BottledMercury":29,"Tiny House":0,"construct:FoamFinger":15,"CeramicFish":16,"Hammer of Thor":0,"Bag of Preparation":15,"Blood Vial":26,"Centennial Puzzle":7,"hubris:Icosahedron":16,"Sundial":28,"Strawberry":25,"WingedGreaves":13,"infinitespire:Eraser":23,"Ring of the Snake":0,"Potion Belt":14,"MerchantsRug":7,"construct:WeddingRing":8,"The Specimen":20,"infinitespire:Beetle Shell":12,"Seething Fire":0,"hubris:Towel":16,"Orichalcum":22,"Runic Dome":17,"Anchor":5,"Anvil of the Gods":0,"Pocketwatch":28},{"infinitespire:BottledMercury":31,"Tiny House":0,"construct:FoamFinger":17,"CeramicFish":18,"Hammer of Thor":0,"Bag of Preparation":17,"Blood Vial":28,"Centennial Puzzle":8,"hubris:Icosahedron":18,"Sundial":30,"Strawberry":27,"WingedGreaves":14,"infinitespire:Eraser":25,"Ring of the Snake":0,"Potion Belt":16,"MerchantsRug":8,"construct:WeddingRing":9,"The Specimen":22,"infinitespire:Beetle Shell":13,"Seething Fire":0,"hubris:Towel":18,"Orichalcum":24,"Runic Dome":19,"Anchor":6,"Anvil of the Gods":0,"Pocketwatch":30}],"Pocketwatch":[3]},"card_choices":[{"not_picked":["Caltrops","Dodge and Roll","Predator"],"picked":"SKIP","floor":1},{"not_picked":["Leg Sweep","Dagger Spray","hubris:SlightOfHand"],"picked":"SKIP","floor":3},{"not_picked":["Leg Sweep","Caltrops","Quick Slash"],"picked":"SKIP","floor":4},{"not_picked":["Underhanded Strike","Deadly Poison","Prepared"],"picked":"SKIP","floor":5},{"not_picked":["hubris:Counter","Poisoned Stab","Sucker Punch"],"picked":"SKIP","floor":10},{"not_picked":["Bane","hubris:SlightOfHand","Noxious Fumes"],"picked":"SKIP","floor":11},{"not_picked":["Caltrops","Skewer","Eviscerate"],"picked":"SKIP","floor":12},{"not_picked":["Slice","Endless Agony","hubris:Sniper+1"],"picked":"SKIP","floor":18},{"not_picked":["Backstab","hubris:Sniper+1","Deadly Poison"],"picked":"SKIP","floor":19},{"not_picked":["Outmaneuver","Underhanded Strike+1","Quick Slash+1"],"picked":"SKIP","floor":20},{"not_picked":["Prepared","PiercingWail","Catalyst"],"picked":"SKIP","floor":21},{"not_picked":["PiercingWail","Infinite Blades+1","Skewer+1"],"picked":"SKIP","floor":23},{"not_picked":["A Thousand Cuts","Dodge and Roll","Outmaneuver"],"picked":"SKIP","floor":24},{"not_picked":["Distraction","Dagger Spray","Flying Knee"],"picked":"SKIP","floor":25},{"not_picked":["Slice","Outmaneuver","Heel Hook"],"picked":"SKIP","floor":28},{"not_picked":["Bane","Slice","Infinite Blades+1"],"picked":"SKIP","floor":35},{"not_picked":["Deadly Poison+1","Prepared","Riddle With Holes+1"],"picked":"SKIP","floor":36},{"not_picked":["Bouncing Flask+1","Dodge and Roll+1","Deflect"],"picked":"SKIP","floor":39},{"not_picked":["Choke","Quick Slash","Tactician"],"picked":"SKIP","floor":40},{"not_picked":["Dodge and Roll+1","Well Laid Plans+1","Cloak And Dagger"],"picked":"SKIP","floor":42},{"not_picked":["Backflip","Flying Knee","Dagger Spray+1"],"picked":"SKIP","floor":44},{"not_picked":["hubris:SlightOfHand+1","Infinite Blades+1","Grand Finale"],"picked":"SKIP","floor":45},{"not_picked":["Outmaneuver","Deadly Poison+1"],"picked":"Dagger Throw","floor":46},{"not_picked":["Bouncing Flask","hubris:SlightOfHand","Reflex"],"picked":"SKIP","floor":48},{"not_picked":["Burst","Poisoned Stab+1","Acrobatics+1"],"picked":"SKIP","floor":54}],"player_experience":413824,"relics_obtained":[{"floor":10,"key":"Anchor"},{"floor":23,"key":"WingedGreaves"},{"floor":24,"key":"Potion Belt"},{"floor":25,"key":"construct:FoamFinger"},{"floor":26,"key":"Bag of Preparation"},{"floor":28,"key":"CeramicFish"},{"floor":38,"key":"The Specimen"},{"floor":40,"key":"Orichalcum"},{"floor":43,"key":"infinitespire:Eraser"},{"floor":45,"key":"Strawberry"},{"floor":46,"key":"Blood Vial"},{"floor":54,"key":"infinitespire:BottledMercury"}],"event_choices":[{"cards_removed":["Crippling Poison"],"damage_healed":0,"gold_gain":0,"player_choice":"Forget","damage_taken":0,"max_hp_gain":0,"max_hp_loss":0,"event_name":"Living Wall","floor":2,"gold_loss":0},{"damage_healed":0,"gold_gain":0,"player_choice":"Bought 1 Potion","damage_taken":0,"max_hp_gain":0,"max_hp_loss":0,"event_name":"The Woman in Blue","floor":7,"gold_loss":0},{"damage_healed":0,"gold_gain":0,"player_choice":"Relic ","damage_taken":7,"max_hp_gain":0,"max_hp_loss":0,"event_name":"betterThird:BetterScrap","floor":13,"gold_loss":0,"cards_obtained":["Fire Breathing"]},{"damage_healed":0,"gold_gain":100,"player_choice":"Pray","damage_taken":0,"max_hp_gain":0,"max_hp_loss":0,"event_name":"Golden Shrine","floor":31,"gold_loss":0},{"damage_healed":0,"gold_gain":0,"player_choice":"Ignored","damage_taken":0,"max_hp_gain":0,"max_hp_loss":0,"event_name":"Tomb of Lord Red Mask","floor":37,"gold_loss":0},{"damage_healed":0,"gold_gain":0,"player_choice":"Fight","damage_taken":0,"max_hp_gain":0,"max_hp_loss":0,"event_name":"MindBloom","floor":38,"gold_loss":0},{"damage_healed":0,"gold_gain":0,"player_choice":"Ignored","damage_taken":0,"max_hp_gain":0,"max_hp_loss":0,"event_name":"Accursed Blacksmith","floor":41,"gold_loss":0}],"is_beta":false,"boss_relics":[{"not_picked":["WristBlade","Snecko Eye"],"picked":"construct:WeddingRing"},{"not_picked":["Philosopher\u0027s Stone","hubris:ScarierMask"],"picked":"Runic Dome"}],"items_purged_floors":[53],"is_endless":false,"potions_floor_spawned":[4,5,16,18,19,23,25,36,42,44,46],"ascension_level":9}}