{"host":"o3nki8hvugtioqst","time":1611600899,"event":{"mods":["AchievementEnabler","BaseMod","Colored Powertips","Downfall","Hubris","Infinite Spire","Minty Spire (QoL Compilation)","Quick Restart","Rare Cards Sparkle","Replay The Spire","StSLib","SuperFastMode"],"gold_per_floor":[112,157,82,99,149,180,193,210,259,259,259],"floor_reached":10,"language":"ENG","playtime":263,"items_purged":["Eruption"],"score":186,"play_id":"2d1cbb48-d6c7-47bc-87a8-6489edd30452","local_time":"20210125205459","is_ascension_mode":true,"campfire_choices":[],"circlet_count":0,"master_deck":["AscendersBane","Strike_P","Strike_P","Strike_P+1","Strike_P","Defend_P","Defend_P","Defend_P+1","Defend_P","Vigilance","PathToVictory","Evaluate","ThirdEye"],"relics":["PureWater","NeowsBlessing","TeardropLocket","infinitespire:BottledMercury","Simple Rune"],"acts_visited":["Exordium"],"potions_floor_usage":[10],"damage_taken":[{"damage":0,"enemies":"Cultist","floor":1,"turns":1},{"damage":0,"enemies":"Jaw Worm","floor":4,"turns":1},{"damage":0,"enemies":"3 Sentries","floor":6,"turns":3},{"damage":0,"enemies":"2 Louse","floor":7,"turns":4},{"damage":0,"enemies":"Blue Slaver","floor":8,"turns":6},{"damage":60,"enemies":"Gremlin Nob","floor":10,"turns":4}],"seed_played":"-92060582094540364","potions_obtained":[{"floor":1,"key":"SkillPotion"},{"floor":2,"key":"Regen Potion"}],"is_trial":false,"path_per_floor":["M","?","$","M","?","E","M","M","T","E"],"character_chosen":"WATCHER","items_purchased":[],"campfire_rested":0,"item_purchase_floors":[],"current_hp_per_floor":[61,34,34,34,34,34,34,34,34,0,0],"gold":259,"neow_bonus":"THREE_ENEMY_KILL","is_daily":false,"chose_seed":false,"campfire_upgraded":0,"win_rate":0.0,"timestamp":1611600899,"path_taken":["M","?","$","M","?","E","?","M","T","E"],"items_purchased_type":[],"build_version":"2020-12-22","purchased_purges":1,"victory":false,"max_hp_per_floor":[68,68,68,68,68,68,68,68,68,68,68],"card_choices":[{"not_picked":["ClearTheMind","BowlingBash"],"picked":"PathToVictory","floor":1},{"not_picked":["DeceiveReality","BowlingBash"],"picked":"Evaluate","floor":2},{"not_picked":["Crescendo","Vengeance","CrushJoints"],"picked":"SKIP","floor":4},{"not_picked":["MentalFortress","CutThroughFate"],"picked":"ThirdEye","floor":6},{"not_picked":["Halt","Prostrate","CutThroughFate"],"picked":"SKIP","floor":7},{"not_picked":["Worship","CrushJoints","Crescendo"],"picked":"SKIP","floor":8}],"player_experience":245947,"relics_obtained":[{"floor":2,"key":"TeardropLocket"},{"floor":6,"key":"infinitespire:BottledMercury"},{"floor":9,"key":"Simple Rune"}],"event_choices":[{"damage_healed":0,"gold_gain":50,"player_choice":"Pray","damage_taken":0,"max_hp_gain":0,"max_hp_loss":0,"event_name":"Golden Shrine","floor":5,"gold_loss":0}],"is_beta":false,"boss_relics":[],"items_purged_floors":[3],"is_endless":false,"potions_floor_spawned":[1,8],"killed_by":"Gremlin Nob","ascension_level":20}}