{"host":"syozzdlzcqop4jia","time":1611617947,"event":{"mods":["BaseMod","Colored Map","Colored Powertips","Minty Spire (QoL Compilation)","Quick Restart"],"gold_per_floor":[112,127,202,202,221,250,263,279,326,326,296,309,84,103,103,204,204,221,221,221,221,148,178,198,198,198,198,198,208,221,233,233,233,233],"floor_reached":33,"language":"ENG","playtime":1943,"items_purged":["Strike_R"],"score":376,"play_id":"a46052bd-ce5e-44e1-bdfd-3feea5f37f5c","local_time":"20210126003907","is_ascension_mode":true,"campfire_choices":[{"floor":10,"key":"REST"},{"data":"Dramatic Entrance","floor":15,"key":"SMITH"},{"floor":25,"key":"REST"},{"data":"Carnage","floor":27,"key":"SMITH"},{"floor":32,"key":"REST"}],"circlet_count":0,"master_deck":["Defend_R","Defend_R","Defend_R","Defend_R","Bash","Dramatic Entrance+1","Headbutt","Wild Strike","Cleave","Clothesline","Perfected Strike","Searing Blow","Carnage+1","Twin Strike","Double Tap","Dropkick","Carnage","Flex","Bite","Bite","Bite","Bite","Bite","Combust","Wild Strike+1","Shrug It Off+1","Battle Trance","Corruption","Twin Strike","Anger+1","Intimidate","Anger","Intimidate"],"relics":["Burning Blood","Smiling Mask","Dream Catcher","Mark of Pain","MutagenicStrength","Pear","Ornamental Fan"],"acts_visited":["Exordium","TheCity"],"potions_floor_usage":[11,14,14,23,30,31],"damage_taken":[{"damage":0,"enemies":"Small Slimes","floor":1,"turns":3},{"damage":0,"enemies":"2 Louse","floor":2,"turns":2},{"damage":6,"enemies":"Cultist","floor":5,"turns":3},{"damage":58,"enemies":"Lagavulin","floor":6,"turns":9},{"damage":4,"enemies":"Looter","floor":7,"turns":3},{"damage":22,"enemies":"Exordium Wildlife","floor":8,"turns":5},{"damage":0,"enemies":"Large Slime","floor":12,"turns":4},{"damage":8,"enemies":"3 Louse","floor":14,"turns":2},{"damage":0,"enemies":"Slime Boss","floor":16,"turns":6},{"damage":6,"enemies":"Spheric Guardian","floor":18,"turns":3},{"damage":41,"enemies":"Book of Stabbing","floor":23,"turns":4},{"damage":25,"enemies":"3 Byrds","floor":24,"turns":5},{"damage":16,"enemies":"Centurion and Healer","floor":29,"turns":3},{"damage":13,"enemies":"Shelled Parasite and Fungi","floor":30,"turns":2},{"damage":16,"enemies":"Snecko","floor":31,"turns":4},{"damage":73,"enemies":"Collector","floor":33,"turns":7}],"seed_played":"6705150928238063536","potions_obtained":[{"floor":2,"key":"Ancient Potion"},{"floor":5,"key":"Energy Potion"},{"floor":11,"key":"BloodPotion"},{"floor":11,"key":"PowerPotion"},{"floor":12,"key":"Regen Potion"},{"floor":14,"key":"SkillPotion"},{"floor":23,"key":"BloodPotion"},{"floor":30,"key":"SpeedPotion"}],"is_trial":false,"path_per_floor":["M","M","?","?","M","E","M","M","T","R","?","M","$","M","R","B",null,"M","?","?","?","$","E","M","R","T","R","?","M","M","M","R","B"],"character_chosen":"IRONCLAD","items_purchased":["Double Tap","Dropkick","Combust"],"campfire_rested":3,"item_purchase_floors":[13,13,22],"current_hp_per_floor":[80,80,69,74,74,22,24,8,8,33,50,56,56,59,59,65,85,85,59,59,59,59,53,40,60,60,60,60,50,43,35,55,0,0],"gold":233,"neow_bonus":"RANDOM_COLORLESS","is_daily":false,"chose_seed":false,"campfire_upgraded":2,"win_rate":0.0,"timestamp":1611617947,"path_taken":["M","M","?","?","M","E","M","M","T","R","?","?","$","M","R","BOSS","M","?","?","?","$","E","M","R","T","R","?","M","M","M","R","BOSS"],"items_purchased_type":["Card","Card","Card"],"build_version":"2020-12-22","purchased_purges":1,"victory":false,"max_hp_per_floor":[80,80,80,85,85,85,85,85,85,85,85,85,85,85,85,85,85,85,59,59,59,59,69,69,69,69,69,69,69,69,69,69,69,69],"card_choices":[{"not_picked":["Discovery","PanicButton"],"picked":"Dramatic Entrance","floor":0},{"not_picked":["Entrench","Fire Breathing"],"picked":"Headbutt","floor":1},{"not_picked":["Heavy Blade","True Grit"],"picked":"Wild Strike","floor":2},{"not_picked":["Combust","Body Slam"],"picked":"Cleave","floor":5},{"not_picked":["Whirlwind","Burning Pact"],"picked":"Clothesline","floor":6},{"not_picked":["Clothesline","Dual Wield"],"picked":"Perfected Strike","floor":7},{"not_picked":["Pommel Strike","Iron Wave"],"picked":"Searing Blow","floor":8},{"not_picked":["Perfected Strike","Blood for Blood"],"picked":"Carnage","floor":10},{"not_picked":["Thunderclap","Sword Boomerang"],"picked":"Twin Strike","floor":12},{"not_picked":["Spot Weakness","Pummel"],"picked":"Carnage","floor":14},{"not_picked":["Headbutt","Cleave"],"picked":"Flex","floor":18},{"not_picked":["Clothesline","Evolve"],"picked":"Wild Strike+1","floor":23},{"not_picked":["Body Slam","Heavy Blade"],"picked":"Shrug It Off+1","floor":24},{"not_picked":["Perfected Strike","Rage"],"picked":"Battle Trance","floor":25},{"not_picked":["Burning Pact+1","Iron Wave"],"picked":"Anger+1","floor":29},{"not_picked":["Iron Wave","Impervious"],"picked":"Intimidate","floor":30},{"not_picked":["Evolve","Battle Trance+1"],"picked":"Anger","floor":31},{"not_picked":["Clothesline","Warcry"],"picked":"Intimidate","floor":32}],"player_experience":384610,"relics_obtained":[{"floor":6,"key":"Smiling Mask"},{"floor":9,"key":"Dream Catcher"},{"floor":23,"key":"Pear"},{"floor":26,"key":"Ornamental Fan"}],"event_choices":[{"damage_healed":0,"gold_gain":75,"player_choice":"Gather Gold","damage_taken":11,"max_hp_gain":0,"max_hp_loss":0,"event_name":"World of Goop","floor":3,"gold_loss":0},{"damage_healed":0,"gold_gain":0,"player_choice":"Donut","damage_taken":0,"max_hp_gain":5,"max_hp_loss":0,"event_name":"Big Fish","floor":4,"gold_loss":0},{"damage_healed":0,"gold_gain":0,"player_choice":"Bought 2 Potions","damage_taken":0,"max_hp_gain":0,"max_hp_loss":0,"event_name":"The Woman in Blue","floor":11,"gold_loss":0},{"damage_healed":0,"gold_gain":0,"player_choice":"Became a vampire","damage_taken":0,"max_hp_gain":0,"max_hp_loss":26,"event_name":"Vampires","floor":19,"gold_loss":0,"cards_obtained":["Bite","Bite","Bite","Bite","Bite"]},{"damage_healed":0,"gold_gain":0,"player_choice":"Ignored","damage_taken":0,"max_hp_gain":0,"max_hp_loss":0,"event_name":"Ghosts","floor":20,"gold_loss":0},{"damage_healed":0,"gold_gain":0,"player_choice":"Inject Mutagens","damage_taken":0,"relics_obtained":["MutagenicStrength"],"max_hp_gain":0,"max_hp_loss":0,"event_name":"Drug Dealer","floor":21,"gold_loss":0},{"damage_healed":0,"gold_gain":0,"player_choice":"2 cards matched","damage_taken":0,"max_hp_gain":0,"max_hp_loss":0,"event_name":"Match and Keep!","floor":28,"gold_loss":0,"cards_obtained":["Corruption","Twin Strike"]}],"is_beta":false,"boss_relics":[{"not_picked":["Tiny House","SlaversCollar"],"picked":"Mark of Pain"}],"items_purged_floors":[13],"is_endless":false,"potions_floor_spawned":[2,5,12,14,23,30],"killed_by":"Collector","ascension_level":2}}