{"host":"gsjtu2nhjj0xfoom","time":1611607572,"event":{"mods":["BaseMod","Colored Map","Colored Powertips","Highlight Path","Minty Spire (QoL Compilation)","Permanent Neow","StSLib"],"gold_per_floor":[19,19,19,42,63,63,63,87,87,110,154,172,172,205,205,299,299,322,322,341,2,16,16,55,55,107,107,131,131,144,167,167,266,266,280,304,2,23,23,59,79,102,102,140,140,20,20,38,38,38],"floor_reached":51,"language":"ENG","playtime":3602,"items_purged":["BattleHymn"],"score":1346,"play_id":"26f8f32f-a1a8-42bf-ba21-f1ddf0483bb4","local_time":"20210125214612","is_ascension_mode":true,"campfire_choices":[{"data":"ReachHeaven","floor":6.0,"key":"SMITH"},{"floor":13.0,"key":"REST"},{"data":"Omniscience","floor":15.0,"key":"SMITH"},{"floor":23.0,"key":"REST"},{"data":"Study","floor":27.0,"key":"SMITH"},{"data":"Establishment","floor":29.0,"key":"SMITH"},{"floor":32.0,"key":"REST"},{"data":"DevaForm","floor":45,"key":"SMITH"},{"data":"Fasting2","floor":47,"key":"SMITH"},{"data":"Protect","floor":49,"key":"SMITH"}],"circlet_count":0,"master_deck":["AscendersBane","Eruption+1","Vigilance+1","ReachHeaven+1","Swivel+1","Protect+1","ClearTheMind+1","Wallop+1","Omniscience+1","LessonLearned+1","ReachHeaven+1","DeceiveReality+1","Evaluate+1","Study+1","Establishment+1","Wireheading+1","Devotion+1","Fasting2+1","Perseverance+1","Protect+1","DevaForm+1","ThirdEye","Protect+1"],"relics":["PureWater","Calipers","Golden Idol","Mummified Hand","FossilizedHelix","Art of War","Pandora\u0027s Box","Enchiridion","Yang","Bottled Tornado","Blood Vial","Sozu","CaptainsWheel","Blue Candle","Question Card","Whetstone","Orichalcum"],"acts_visited":["Exordium","TheCity","TheBeyond"],"potions_floor_usage":[],"damage_taken":[{"damage":1.0,"enemies":"Jaw Worm","floor":1.0,"turns":6.0},{"damage":0.0,"enemies":"2 Louse","floor":4.0,"turns":3.0},{"damage":4.0,"enemies":"Small Slimes","floor":5.0,"turns":3.0},{"damage":11.0,"enemies":"Exordium Thugs","floor":8.0,"turns":4.0},{"damage":3.0,"enemies":"2 Fungi Beasts","floor":10.0,"turns":4.0},{"damage":36.0,"enemies":"Gremlin Nob","floor":11.0,"turns":3.0},{"damage":6.0,"enemies":"Gremlin Gang","floor":12.0,"turns":7.0},{"damage":0.0,"enemies":"Lagavulin","floor":14.0,"turns":3.0},{"damage":23.0,"enemies":"Hexaghost","floor":16.0,"turns":9.0},{"damage":0.0,"enemies":"Spheric Guardian","floor":18.0,"turns":3.0},{"damage":4.0,"enemies":"Shell Parasite","floor":20.0,"turns":3.0},{"damage":0.0,"enemies":"3 Cultists","floor":22.0,"turns":5.0},{"damage":15.0,"enemies":"Gremlin Leader","floor":24.0,"turns":10.0},{"damage":0.0,"enemies":"Snecko","floor":28.0,"turns":2.0},{"damage":0.0,"enemies":"Chosen and Byrds","floor":30.0,"turns":4.0},{"damage":0.0,"enemies":"3 Cultists","floor":31.0,"turns":4.0},{"damage":0.0,"enemies":"Automaton","floor":33.0,"turns":8.0},{"damage":0.0,"enemies":"Orb Walker","floor":35.0,"turns":4.0},{"damage":1.0,"enemies":"3 Shapes","floor":36.0,"turns":6.0},{"damage":0.0,"enemies":"Maw","floor":38.0,"turns":6.0},{"damage":0.0,"enemies":"Nemesis","floor":40.0,"turns":5.0},{"damage":12.0,"enemies":"4 Shapes","floor":41.0,"turns":6.0},{"damage":0.0,"enemies":"Spire Growth","floor":42.0,"turns":5.0},{"damage":0,"enemies":"Giant Head","floor":44,"turns":6},{"damage":0,"enemies":"Maw","floor":48,"turns":6},{"damage":28,"enemies":"Time Eater","floor":50,"turns":14}],"seed_played":"-7609425003869683271","potions_obtained":[{"floor":1.0,"key":"Dexterity Potion"},{"floor":11.0,"key":"DuplicationPotion"},{"floor":24.0,"key":"FearPotion"},{"floor":25.0,"key":"Fire Potion"}],"is_trial":false,"path_per_floor":["M","?","?","M","M","R","?","M","T","M","E","M","R","E","R","B",null,"M","?","M","$","M","R","E","?","T","R","M","R","M","M","R","B",null,"M","M","$","M","T","E","M","M","T","E","R","$","R","M","R","B",null],"character_chosen":"WATCHER","items_purchased":["Yang","Fruit Juice","CaptainsWheel","ThirdEye"],"campfire_rested":3,"item_purchase_floors":[21,21,37,46],"current_hp_per_floor":[64,46,46,46,42,42,72,61,61,58,22,16,37,37,37,14,58,58,42,38,38,38,59,49,49,49,49,51,51,53,55,77,77,77,77,76,76,77,77,77,65,67,67,69,69,69,69,71,71,45],"gold":38,"neow_bonus":"ONE_RARE_RELIC","is_daily":false,"chose_seed":false,"campfire_upgraded":7,"win_rate":0.0,"timestamp":1611607572,"path_taken":["M","?","?","M","M","R","?","M","T","M","E","M","R","E","R","BOSS","M","?","M","$","M","R","E","?","T","R","M","R","?","?","R","BOSS","M","?","?","M","?","E","?","M","T","E","R","$","R","M","R","BOSS"],"items_purchased_type":["Relic","Potion","Relic","Card"],"build_version":"2020-12-22","purchased_purges":1,"victory":true,"max_hp_per_floor":[72,72,72,72,72,72,72,72,72,72,72,72,72,72,72,72,72,72,72,72,72,72,72,77,77,77,77,77,77,77,77,77,77,77,77,77,77,77,77,77,77,77,77,77,77,77,77,77,77,77],"card_choices":[{"not_picked":["Weave","Consecrate"],"picked":"ReachHeaven","floor":1.0},{"not_picked":["SandsOfTime","BowlingBash"],"picked":"TalkToTheHand","floor":4.0},{"not_picked":["FollowUp","JustLucky"],"picked":"Protect","floor":5.0},{"not_picked":["BowlingBash","JustLucky","CrushJoints"],"picked":"SKIP","floor":8.0},{"not_picked":["PathToVictory","JustLucky"],"picked":"ClearTheMind","floor":10.0},{"not_picked":["WindmillStrike","DeceiveReality"],"picked":"Wallop","floor":11.0},{"not_picked":["Vengeance","CutThroughFate"],"picked":"BattleHymn","floor":12.0},{"not_picked":["CrushJoints","SignatureMove"],"picked":"Omniscience","floor":14.0},{"not_picked":["Vault","Scrawl"],"picked":"LessonLearned","floor":16.0},{"not_picked":["BowlingBash","EmptyFist"],"picked":"ReachHeaven","floor":18.0},{"not_picked":["EmptyBody","JustLucky"],"picked":"DeceiveReality+1","floor":20.0},{"not_picked":["PathToVictory","ClearTheMind+1"],"picked":"Evaluate","floor":22.0},{"not_picked":["Evaluate","BattleHymn"],"picked":"Study","floor":24.0},{"not_picked":["EmptyMind","CrushJoints"],"picked":"Establishment","floor":28.0},{"not_picked":["WreathOfFlame","ForeignInfluence+1"],"picked":"Wireheading","floor":30.0},{"not_picked":["PathToVictory+1","SashWhip","EmptyFist"],"picked":"SKIP","floor":31.0},{"not_picked":["Ragnarok","DeusExMachina"],"picked":"Devotion","floor":33.0},{"not_picked":["Evaluate","Worship"],"picked":"Fasting2","floor":35.0},{"not_picked":["CarveReality","CrushJoints+1"],"picked":"Perseverance","floor":36.0},{"not_picked":["PathToVictory","Vengeance"],"picked":"Protect","floor":38.0},{"not_picked":["BattleHymn+1","CrushJoints+1","ThirdEye"],"picked":"SKIP","floor":40.0},{"not_picked":["InnerPeace","FollowUp","Study","ClearTheMind"],"picked":"SKIP","floor":41.0},{"not_picked":["Worship","BattleHymn","ReachHeaven","PathToVictory"],"picked":"SKIP","floor":42.0},{"not_picked":["Crescendo+1","CutThroughFate+1","Evaluate"],"picked":"DevaForm","floor":44},{"not_picked":["Prostrate+1","ClearTheMind","FollowUp+1"],"picked":"Protect","floor":48}],"player_experience":1374118,"relics_obtained":[{"floor":9.0,"key":"Mummified Hand"},{"floor":11.0,"key":"FossilizedHelix"},{"floor":14.0,"key":"Art of War"},{"floor":19.0,"key":"Enchiridion"},{"floor":24.0,"key":"Bottled Tornado"},{"floor":26.0,"key":"Blood Vial"},{"floor":39.0,"key":"Blue Candle"},{"floor":40.0,"key":"Question Card"},{"floor":43.0,"key":"Whetstone"},{"floor":44,"key":"Orichalcum"}],"event_choices":[{"damage_healed":0.0,"max_hp_gain":0.0,"max_hp_loss":0.0,"gold_gain":0.0,"event_name":"Golden Idol","player_choice":"Take Damage","floor":2.0,"gold_loss":0.0,"damage_taken":18.0,"relics_obtained":["Golden Idol"]},{"damage_healed":0.0,"max_hp_gain":0.0,"max_hp_loss":0.0,"gold_gain":0.0,"cards_transformed":["Strike_P"],"event_name":"Living Wall","player_choice":"Change","floor":3.0,"gold_loss":0.0,"damage_taken":0.0,"cards_obtained":["Swivel"]},{"cards_removed":["TalkToTheHand"],"damage_healed":30.0,"max_hp_gain":0.0,"max_hp_loss":0.0,"gold_gain":0.0,"event_name":"Bonfire Elementals","player_choice":"Offered Uncommon","floor":7.0,"gold_loss":0.0,"damage_taken":0.0},{"damage_healed":0.0,"max_hp_gain":0.0,"max_hp_loss":0.0,"gold_gain":0.0,"event_name":"Cursed Tome","player_choice":"Obtained Book","floor":19.0,"gold_loss":0.0,"damage_taken":16.0},{"damage_healed":0.0,"max_hp_gain":0.0,"max_hp_loss":0.0,"gold_gain":0.0,"event_name":"Lab","player_choice":"Got Potions","floor":25.0,"gold_loss":0.0,"damage_taken":0.0}],"is_beta":false,"boss_relics":[{"not_picked":["SacredBark","VioletLotus"],"picked":"Pandora\u0027s Box"},{"not_picked":["Calling Bell","Tiny House"],"picked":"Sozu"}],"items_purged_floors":[46],"is_endless":false,"potions_floor_spawned":[1,11,12,14,20,24,28,31,36,38,41],"ascension_level":13}}