{"host":"htqwg582tjjtn9p7","time":1611604108,"event":{"mods":["2.2 Compatiblity","AchievementEnabler","Act Like it!","Aspiration","BaseMod","Better Third Choice","Colored Map","Conspire","Curses Come First","Displayed Cursed Tome","Energized Spire","Force Act Four","Fox Events","GifTheSpireLib","Hermit","Highlight Path","JesterMod","Mad Scientist","Minty Spire (QoL Compilation)","Pale of the Ancients","Permanent Neow","Random Character Button","Relic Stats","Replay The Spire","Robot Space Explorer","Somnambulant","Spicy Shops","Spikes Relics","StSLib","Stuff the Spire","The Blue Laboratory","The Bug Knight","The Forsaken","The Gatherer","The Judge","The Jungle","The Marked","The Runesmith","The Servant 0.9.4","Uncapped"],"gold_per_floor":[117,117,117,42,42,42,60,86,139,139,165,185,185,204,204,282,282,298,392,392,406,1,29,29,62,111,125,141,141,141],"floor_reached":29,"language":"ENG","playtime":1067,"items_purged":["Regret","Pain"],"score":499,"play_id":"27e9c3d2-596c-469f-a1c2-790114e0c8b5","local_time":"20210125204828","is_ascension_mode":true,"campfire_choices":[{"data":"Bash","floor":6,"key":"SMITH"},{"data":"Inflame","floor":10,"key":"SMITH"},{"data":"Anger","floor":10,"key":"SMITH"},{"floor":13,"key":"REST"},{"floor":15,"key":"REST"},{"data":"conspire:Charge","floor":24,"key":"SMITH"},{"data":"True Grit","floor":24,"key":"SMITH"}],"circlet_count":0,"master_deck":["AscendersBane","Strike_R","Strike_R","Strike_R","Strike_R","Strike_R","Defend_R","Defend_R","Defend_R","Defend_R","Bash+1","ReplayTheSpireMod:Stacked","Anger+1","Inflame+1","Perfected Strike","True Grit","Abandon","Unload","True Grit","StuffTheSpire:Slingshot","Bash","Spot Weakness","conspire:Charge+1","True Grit+1","True Grit","Perfected Strike","Abandon+1","StuffTheSpire:Resist","ReplayTheSpireMod:Strike From Hell+1"],"relics":["Burning Blood","aspiration:Nostalgia","m_SnakeCloak","MiniBlackHole","StuffTheSpire:Barrel","Replay:Arrowhead","aspiration:HiddenCompartment","HollowMod:PaleOreRelic","Sozu","theForsaken:Lifeblossom","PreservedInsect","Toxic Egg 2","aspiration:ChemicalBlood","Runesmith:AutoHammer"],"acts_visited":["Exordium","TheCity"],"potions_floor_usage":[8,25,25],"damage_taken":[{"damage":1,"enemies":"conspire:RoseBush","floor":1,"turns":4},{"damage":8,"enemies":"2 Louse","floor":7,"turns":4},{"damage":20,"enemies":"HollowMod:MossKnight","floor":8,"turns":7},{"damage":30,"enemies":"Lagavulin","floor":11,"turns":5},{"damage":2,"enemies":"Small Slimes","floor":12,"turns":3},{"damage":22,"enemies":"Exordium Thugs","floor":14,"turns":5},{"damage":31,"enemies":"Slime Boss","floor":16,"turns":10},{"damage":12,"enemies":"2 Thieves","floor":18,"turns":4},{"damage":18,"enemies":"3 Byrds","floor":21,"turns":5},{"damage":23,"enemies":"Slavers","floor":23,"turns":5},{"damage":39,"enemies":"Gremlin Leader","floor":25,"turns":6},{"damage":26,"enemies":"3 Cultists","floor":27,"turns":5},{"damage":9,"enemies":"Centurion and Healer","floor":28,"turns":5},{"damage":42,"enemies":"Cultist and Chosen","floor":29,"turns":5}],"seed_played":"-955391877108976425","potions_obtained":[{"floor":1,"key":"blueLaboratory:SavagePotion"},{"floor":14,"key":"BloodPotion"},{"floor":16,"key":"blueLaboratory:FrostheartPotion"}],"is_trial":false,"path_per_floor":["M","?","?","$","?","R","M","E","T","R","E","M","R","M","R","B",null,"M","?","?","M","$","E","R","E","T","M","M","M"],"character_chosen":"IRONCLAD","items_purchased":["PreservedInsect","conspire:Charge","True Grit"],"campfire_rested":2,"item_purchase_floors":[22,22,22],"current_hp_per_floor":[73,62,62,62,58,58,64,50,50,50,26,30,52,36,58,33,65,59,59,59,53,53,50,50,46,46,32,35,0,0],"gold":141,"neow_bonus":"NOSTALGIA","is_daily":false,"chose_seed":false,"campfire_upgraded":5,"win_rate":0.0,"timestamp":1611604108,"path_taken":["M","?","?","$","?","R","M","E","T","R","E","M","R","M","R","BOSS","M","?","?","M","$","E","R","E","T","?","M","M"],"items_purchased_type":["Relic","Card","Card"],"build_version":"2020-12-22","purchased_purges":2,"victory":false,"max_hp_per_floor":[75,75,75,75,75,75,75,75,75,75,75,75,75,75,75,75,75,75,75,75,75,75,75,75,75,75,75,75,75,75],"relic_stats":{"Sozu":3,"counters":[14,73],"PreservedInsect":98,"obtain_stats":[{"m_SnakeCloak":0,"StuffTheSpire:Barrel":3,"aspiration:Nostalgia":0,"theForsaken:Lifeblossom":19,"PreservedInsect":22,"aspiration:HiddenCompartment":9,"Burning Blood":0,"Replay:Arrowhead":8,"Sozu":17,"MiniBlackHole":2,"HollowMod:PaleOreRelic":11,"Runesmith:AutoHammer":26,"Toxic Egg 2":23,"aspiration:ChemicalBlood":25},{"m_SnakeCloak":0,"StuffTheSpire:Barrel":1,"aspiration:Nostalgia":0,"theForsaken:Lifeblossom":8,"PreservedInsect":9,"aspiration:HiddenCompartment":3,"Burning Blood":0,"Replay:Arrowhead":3,"Sozu":7,"MiniBlackHole":1,"HollowMod:PaleOreRelic":4,"Runesmith:AutoHammer":11,"Toxic Egg 2":10,"aspiration:ChemicalBlood":11},{"m_SnakeCloak":0,"StuffTheSpire:Barrel":4,"aspiration:Nostalgia":0,"theForsaken:Lifeblossom":42,"PreservedInsect":47,"aspiration:HiddenCompartment":15,"Burning Blood":0,"Replay:Arrowhead":15,"Sozu":38,"MiniBlackHole":4,"HollowMod:PaleOreRelic":20,"Runesmith:AutoHammer":58,"Toxic Egg 2":52,"aspiration:ChemicalBlood":58}],"Burning Blood":78},"card_choices":[{"not_picked":["Dropkick","Rupture"],"picked":"ReplayTheSpireMod:Stacked","floor":1},{"not_picked":["StuffTheSpire:RockThrow","ReplayTheSpireMod:LeadingStrike"],"picked":"Anger","floor":7},{"not_picked":["ReplayReversal","Disarm"],"picked":"Inflame","floor":8},{"not_picked":["ReplayTheSpireMod:Strike From Hell","Second Wind"],"picked":"Perfected Strike","floor":11},{"not_picked":["Absolvement","Anger"],"picked":"True Grit","floor":12},{"not_picked":["Body Slam","ReplayTheSpireMod:Muscle Training"],"picked":"Abandon","floor":14},{"not_picked":["Barricade","conspire:HitWhereItHurts"],"picked":"Unload","floor":16},{"not_picked":["Pommel Strike","Iron Wave","Combust"],"picked":"SKIP","floor":18},{"not_picked":["Headbutt","Clothesline"],"picked":"True Grit","floor":19},{"not_picked":["Shrug It Off","conspire:HitWhereItHurts"],"picked":"StuffTheSpire:Slingshot","floor":19},{"not_picked":["Absolvement","Thunderclap"],"picked":"Spot Weakness","floor":21},{"not_picked":["Havoc+1","Wild Strike"],"picked":"Perfected Strike","floor":23},{"not_picked":["ReplayReversal+1","Second Wind+1"],"picked":"Abandon+1","floor":25},{"not_picked":["Shockwave+1","Run Through+1"],"picked":"StuffTheSpire:Resist","floor":27},{"not_picked":["Fire Breathing","ReplayReversal+1"],"picked":"ReplayTheSpireMod:Strike From Hell+1","floor":28}],"player_experience":1958856,"relics_obtained":[{"floor":8,"key":"Replay:Arrowhead"},{"floor":9,"key":"aspiration:HiddenCompartment"},{"floor":11,"key":"HollowMod:PaleOreRelic"},{"floor":19,"key":"theForsaken:Lifeblossom"},{"floor":23,"key":"Toxic Egg 2"},{"floor":25,"key":"aspiration:ChemicalBlood"},{"floor":26,"key":"Runesmith:AutoHammer"}],"event_choices":[{"damage_healed":0,"gold_gain":1,"player_choice":"Relic ","damage_taken":11,"max_hp_gain":0,"max_hp_loss":0,"event_name":"betterThird:BetterScrap","floor":2,"gold_loss":0,"cards_obtained":["All For One"]},{"damage_healed":0,"gold_gain":0,"player_choice":"Box","damage_taken":0,"relics_obtained":["StuffTheSpire:Barrel"],"max_hp_gain":0,"max_hp_loss":0,"event_name":"Big Fish","floor":3,"gold_loss":0,"cards_obtained":["Regret"]},{"damage_healed":0,"gold_gain":0,"player_choice":"Leave","damage_taken":0,"max_hp_gain":0,"max_hp_loss":0,"event_name":"conspire:Investor","floor":5,"gold_loss":0},{"damage_healed":0,"gold_gain":0,"player_choice":"1 cards matched","damage_taken":0,"max_hp_gain":0,"max_hp_loss":0,"event_name":"Match and Keep!","floor":20,"gold_loss":0,"cards_obtained":["Bash"]}],"is_beta":false,"boss_relics":[{"not_picked":["Ectoplasm","Kintsugi"],"picked":"Sozu"}],"items_purged_floors":[4,22],"is_endless":false,"potions_floor_spawned":[1,14,16,18,21,28],"killed_by":"Cultist and Chosen","ascension_level":15}}