{"host":"640uue19m79c7wbt","time":1611545117,"event":{"mods":["BaseMod","Colored Map","Googly Eyes","Highlight Path","Minty Spire (QoL Compilation)","Quick Restart","StSLib"],"gold_per_floor":[112,131,131,52,52,91,91,110,110,125,125,275,43,74,74,163,163,187,187,212,212,212,212],"floor_reached":22,"language":"ENG","playtime":570,"items_purged":[],"score":401,"play_id":"efd71ec2-d008-4e73-a616-c59daa549717","local_time":"20210124222517","is_ascension_mode":true,"campfire_choices":[{"data":"Tactician","floor":7.0,"key":"SMITH"},{"floor":11.0,"key":"REST"},{"data":"Apotheosis","floor":15.0,"key":"SMITH"}],"circlet_count":0,"master_deck":["AscendersBane","Strike_G","Strike_G","Strike_G","Strike_G","Defend_G","Defend_G","Defend_G","Defend_G","Defend_G","Survivor","Neutralize","Prepared","Infinite Blades","Accuracy","Tactician+1","Dagger Throw","Cloak And Dagger","Dagger Spray","Doubt","Accuracy","Apotheosis+1","Glass Knife","Die Die Die","Writhe"],"relics":["Ring of the Snake","NeowsBlessing","Golden Idol","Pantograph","Paper Crane","MealTicket","WristBlade","MutagenicStrength","Oddly Smooth Stone"],"acts_visited":["Exordium","TheCity"],"potions_floor_usage":[],"damage_taken":[{"damage":0.0,"enemies":"Small Slimes","floor":1.0,"turns":1.0},{"damage":0.0,"enemies":"2 Louse","floor":2.0,"turns":1.0},{"damage":0.0,"enemies":"3 Sentries","floor":6.0,"turns":1.0},{"damage":0.0,"enemies":"Cultist","floor":8.0,"turns":3.0},{"damage":4.0,"enemies":"2 Fungi Beasts","floor":10.0,"turns":4.0},{"damage":5.0,"enemies":"Lagavulin","floor":14.0,"turns":5.0},{"damage":24.0,"enemies":"Hexaghost","floor":16.0,"turns":9.0},{"damage":22.0,"enemies":"Shell Parasite","floor":18.0,"turns":4.0},{"damage":0.0,"enemies":"Spheric Guardian","floor":20.0,"turns":3.0},{"damage":0,"enemies":"Snecko","floor":22,"turns":1}],"seed_played":"-5014891369082813773","potions_obtained":[{"floor":2.0,"key":"Energy Potion"},{"floor":6.0,"key":"ColorlessPotion"},{"floor":10.0,"key":"Strength Potion"},{"floor":18.0,"key":"Explosive Potion"}],"is_trial":false,"path_per_floor":["M","M","?","$","?","E","R","M","T","M","R","?","$","E","R","B",null,"M","?","M","?","M"],"character_chosen":"THE_SILENT","items_purchased":["Accuracy","Accuracy","Apotheosis"],"campfire_rested":1,"item_purchase_floors":[4,13,13],"current_hp_per_floor":[59,59,36,36,36,36,36,36,36,32,51,51,51,46,46,42,60,38,38,38,38,38,38],"gold":212,"neow_bonus":"THREE_ENEMY_KILL","is_daily":false,"chose_seed":false,"campfire_upgraded":2,"win_rate":0.0,"timestamp":1611545117,"path_taken":["M","M","?","$","?","E","R","?","T","M","R","?","?","E","R","BOSS","M","?","M","?","M"],"items_purchased_type":["Card","Card","Card"],"build_version":"2020-12-22","purchased_purges":0,"victory":false,"max_hp_per_floor":[66,66,66,66,66,66,66,66,66,66,66,66,66,66,66,66,66,66,66,66,66,66,66],"card_choices":[{"not_picked":["Outmaneuver","Deflect"],"picked":"Prepared","floor":1.0},{"not_picked":["Flying Knee","Deadly Poison"],"picked":"Infinite Blades","floor":2.0},{"not_picked":["Prepared","Doppelganger"],"picked":"Dagger Throw","floor":6.0},{"not_picked":["Outmaneuver","Dodge and Roll"],"picked":"Cloak And Dagger","floor":8.0},{"not_picked":["Sucker Punch","Concentrate"],"picked":"Dagger Spray","floor":10.0},{"not_picked":["Expertise","Sucker Punch"],"picked":"Glass Knife","floor":14.0},{"not_picked":["Malaise","Grand Finale"],"picked":"Die Die Die","floor":16.0},{"not_picked":["Quick Slash","Riddle With Holes","Masterful Stab"],"picked":"SKIP","floor":18.0},{"not_picked":["Dash","Backflip","Dagger Spray"],"picked":"SKIP","floor":20.0}],"player_experience":636109,"relics_obtained":[{"floor":6.0,"key":"Pantograph"},{"floor":9.0,"key":"Paper Crane"},{"floor":14.0,"key":"MealTicket"}],"event_choices":[{"damage_healed":0.0,"max_hp_gain":0.0,"max_hp_loss":0.0,"gold_gain":0.0,"event_name":"Golden Idol","player_choice":"Take Damage","floor":3.0,"gold_loss":0.0,"damage_taken":23.0,"relics_obtained":["Golden Idol"]},{"damage_healed":0.0,"max_hp_gain":0.0,"max_hp_loss":0.0,"gold_gain":0.0,"cards_transformed":["Strike_G"],"event_name":"Transmorgrifier","player_choice":"Transformed","floor":5.0,"gold_loss":0.0,"damage_taken":0.0,"cards_obtained":["Tactician"]},{"damage_healed":0.0,"max_hp_gain":0.0,"max_hp_loss":0.0,"gold_gain":150.0,"event_name":"Liars Game","player_choice":"AGREE","floor":12.0,"gold_loss":0.0,"damage_taken":0.0,"cards_obtained":["Doubt"]},{"damage_healed":0.0,"max_hp_gain":0.0,"max_hp_loss":0.0,"gold_gain":0.0,"event_name":"Drug Dealer","player_choice":"Inject Mutagens","floor":19.0,"gold_loss":0.0,"damage_taken":0.0,"relics_obtained":["MutagenicStrength"]},{"damage_healed":0.0,"max_hp_gain":0.0,"max_hp_loss":0.0,"gold_gain":0.0,"event_name":"The Mausoleum","player_choice":"Opened","floor":21.0,"gold_loss":0.0,"damage_taken":0.0,"relics_obtained":["Oddly Smooth Stone"],"cards_obtained":["Writhe"]}],"is_beta":false,"boss_relics":[{"not_picked":["Tiny House","Sozu"],"picked":"WristBlade"}],"items_purged_floors":[],"is_endless":false,"potions_floor_spawned":[2,6,10,18],"killed_by":"Snecko","ascension_level":17}}