{"host":"1tl36azeqm6yhdgj","time":1611576311,"event":{"mods":["AchievementEnabler","BaseMod","Minty Spire (QoL Compilation)","StSLib","The IronCluck","everything is the same but u backflip on backflip"],"gold_per_floor":[113,73,73,73,73,73,88,113,113,133,163,227,255,274,274,348,348,364,364,379,392,55,55,55,55],"floor_reached":24,"language":"ENG","playtime":731,"items_purged":["Writhe"],"score":478,"play_id":"07839119-8e6d-4676-96a1-f923f0181896","local_time":"20210125070511","is_ascension_mode":true,"campfire_choices":[{"data":"Thunderclap","floor":6.0,"key":"SMITH"},{"floor":15.0,"key":"REST"},{"floor":23,"key":"REST"}],"circlet_count":0,"master_deck":["AscendersBane","Strike_R","Strike_R","Strike_R","Strike_R","Defend_R","Defend_R","Defend_R","Defend_R","Bash","Thunderclap+1","Inflame","Metallicize","Carnage","Rage","Rampage","Cleave","Dropkick","Infernal Blade","Double Tap","Dropkick+1","Fire Breathing","Pummel"],"relics":["Black Blood","NeowsBlessing","Art of War","Dream Catcher","White Beast Statue","Lizard Tail","Nunchaku","Bag of Preparation","Question Card","Mummified Hand"],"acts_visited":["Exordium","TheCity"],"potions_floor_usage":[21,21,24],"damage_taken":[{"damage":0.0,"enemies":"Cultist","floor":1.0,"turns":1.0},{"damage":3.0,"enemies":"Small Slimes","floor":7.0,"turns":2.0},{"damage":0.0,"enemies":"3 Sentries","floor":8.0,"turns":2.0},{"damage":3.0,"enemies":"2 Louse","floor":10.0,"turns":3.0},{"damage":29.0,"enemies":"Gremlin Nob","floor":11.0,"turns":4.0},{"damage":31.0,"enemies":"Lagavulin Event","floor":12.0,"turns":4.0},{"damage":12.0,"enemies":"3 Sentries","floor":13.0,"turns":10.0},{"damage":9.0,"enemies":"Exordium Wildlife","floor":14.0,"turns":4.0},{"damage":40.0,"enemies":"Hexaghost","floor":16.0,"turns":9.0},{"damage":12.0,"enemies":"3 Byrds","floor":18.0,"turns":5.0},{"damage":45.0,"enemies":"Spheric Guardian","floor":20.0,"turns":6.0},{"damage":15,"enemies":"Snecko","floor":21,"turns":4},{"damage":56,"enemies":"Slavers","floor":24,"turns":3}],"seed_played":"-4238023145086199413","potions_obtained":[{"floor":8.0,"key":"LiquidBronze"},{"floor":10.0,"key":"Strength Potion"},{"floor":11.0,"key":"FearPotion"},{"floor":12.0,"key":"EssenceOfSteel"},{"floor":13.0,"key":"ElixirPotion"},{"floor":14.0,"key":"Fire Potion"},{"floor":16.0,"key":"AttackPotion"},{"floor":18.0,"key":"Ancient Potion"},{"floor":20.0,"key":"AttackPotion"},{"floor":21,"key":"LiquidBronze"}],"is_trial":false,"path_per_floor":["M","$","T","?","?","R","M","E","T","M","E","?","E","M","R","B",null,"M","?","M","M","$","R","E"],"character_chosen":"IRONCLAD","items_purchased":["Inflame","Mummified Hand"],"campfire_rested":2,"item_purchase_floors":[2,22],"current_hp_per_floor":[74,74,74,74,67,67,70,75,75,75,52,27,21,18,40,43,67,67,67,34,31,31,53,0,0],"gold":55,"neow_bonus":"THREE_ENEMY_KILL","is_daily":false,"chose_seed":false,"campfire_upgraded":1,"win_rate":0.0,"timestamp":1611576311,"path_taken":["M","$","?","?","?","R","M","E","T","M","E","?","E","?","R","BOSS","M","?","M","M","$","R","E"],"items_purchased_type":["Card","Relic"],"build_version":"2020-12-22","purchased_purges":1,"victory":false,"max_hp_per_floor":[75,75,75,75,75,75,75,75,75,75,75,75,75,75,75,75,75,75,75,75,75,75,75,75,75],"card_choices":[{"not_picked":["Headbutt","Pommel Strike"],"picked":"Thunderclap","floor":1.0},{"not_picked":["Clash","Sword Boomerang"],"picked":"Metallicize","floor":7.0},{"not_picked":["Metallicize","Havoc"],"picked":"Carnage","floor":8.0},{"not_picked":["Sword Boomerang","Warcry"],"picked":"Rage","floor":10.0},{"not_picked":["Armaments","Shockwave"],"picked":"Rampage","floor":11.0},{"not_picked":["Rage","Hemokinesis"],"picked":"Cleave","floor":13.0},{"not_picked":["Feel No Pain","Twin Strike"],"picked":"Dropkick","floor":14.0},{"not_picked":["Dual Wield","Wild Strike"],"picked":"Infernal Blade","floor":15.0},{"not_picked":["Fiend Fire","Impervious"],"picked":"Double Tap","floor":16.0},{"not_picked":["Inflame","Feel No Pain"],"picked":"Dropkick+1","floor":18.0},{"not_picked":["Metallicize","Flame Barrier","Bloodletting"],"picked":"Fire Breathing","floor":20.0},{"not_picked":["Perfected Strike","Iron Wave","Wild Strike","Pommel Strike"],"picked":"SKIP","floor":21},{"not_picked":["Entrench","Anger","Iron Wave"],"picked":"Pummel","floor":23}],"player_experience":2034545,"relics_obtained":[{"floor":3.0,"key":"Art of War"},{"floor":8.0,"key":"Dream Catcher"},{"floor":9.0,"key":"White Beast Statue"},{"floor":11.0,"key":"Lizard Tail"},{"floor":12.0,"key":"Nunchaku"},{"floor":13.0,"key":"Bag of Preparation"}],"event_choices":[{"damage_healed":0.0,"max_hp_gain":0.0,"max_hp_loss":0.0,"gold_gain":0.0,"event_name":"The Cleric","player_choice":"Leave","floor":4.0,"gold_loss":0.0,"damage_taken":0.0},{"cards_removed":["Strike_R"],"damage_healed":0.0,"max_hp_gain":0.0,"max_hp_loss":0.0,"gold_gain":0.0,"event_name":"Golden Wing","player_choice":"Card Removal","floor":5.0,"gold_loss":0.0,"damage_taken":7.0},{"damage_healed":0.0,"max_hp_gain":0.0,"max_hp_loss":0.0,"gold_gain":0.0,"event_name":"Dead Adventurer","player_choice":"Searched \u00271\u0027 times","floor":12.0,"gold_loss":0.0,"damage_taken":0.0},{"damage_healed":0.0,"max_hp_gain":0.0,"max_hp_loss":0.0,"gold_gain":0.0,"event_name":"The Mausoleum","player_choice":"Opened","floor":19.0,"gold_loss":0.0,"damage_taken":0.0,"relics_obtained":["Question Card"],"cards_obtained":["Writhe"]}],"is_beta":false,"boss_relics":[{"not_picked":["Pandora\u0027s Box","SlaversCollar"],"picked":"Black Blood"}],"items_purged_floors":[22],"is_endless":false,"potions_floor_spawned":[8,10,11,12,13,14,16,18,20,21],"killed_by":"Slavers","ascension_level":20}}