{"host":"minbhrtlkaoly5f0","time":1611557273,"event":{"mods":["Act Like it!","BaseMod","Colored Map","Lobotomy","LobotomyExtend","Minty Spire (QoL Compilation)","Quick Restart","StSLib"],"gold_per_floor":[15,34,34,34,34,34,54,54,54,64,64,65,65,82,82,181,181,195,195,213,93,93,119,119,104,128,139,39,54,54,44,44],"floor_reached":31,"language":"ZHS","playtime":1179,"items_purged":["SpecialBullet","GrinderMk4"],"score":265,"play_id":"18224cc3-5650-4430-a452-c2bb6b37c005","local_time":"20210125144753","is_ascension_mode":false,"campfire_choices":[{"floor":30,"key":"REST"}],"circlet_count":0,"master_deck":["SpecialBullet","SpecialBullet","SpecialBullet","InformationCode","TrainingCode","Freischutz","OSAHOGD","RedShoes","SolemnVow","Scorched","GreedKing","Pinks","Necronomicurse","FourthMatchFlame"],"relics":["CogitoBucket","TungstenRod","LetterFromLob","HornCleat","AspirationHeart","Empty Cage","Necronomicon","Bronze Scales","BackwardClock","Thread and Needle"],"acts_visited":["Exordium","TheCity"],"potions_floor_usage":[29,31],"damage_taken":[{"damage":5.0,"enemies":"Cultist","floor":1.0,"turns":3.0},{"damage":13.0,"enemies":"Small Slimes","floor":2.0,"turns":3.0},{"damage":10.0,"enemies":"Jaw Worm","floor":7.0,"turns":2.0},{"damage":11.0,"enemies":"Blue Slaver","floor":10.0,"turns":2.0},{"damage":8.0,"enemies":"Gremlin Gang","floor":12.0,"turns":2.0},{"damage":16.0,"enemies":"Lots of Slimes","floor":14.0,"turns":4.0},{"damage":34.0,"enemies":"The Guardian","floor":16.0,"turns":6.0},{"damage":18.0,"enemies":"2 Thieves","floor":18.0,"turns":2.0},{"damage":9.0,"enemies":"Shell Parasite","floor":20.0,"turns":3.0},{"damage":43.0,"enemies":"Slavers","floor":23.0,"turns":4.0},{"damage":2.0,"enemies":"Snecko","floor":25.0,"turns":3.0},{"damage":20.0,"enemies":"Shelled Parasite and Fungi","floor":27.0,"turns":3.0},{"damage":31,"enemies":"Book of Stabbing","floor":29,"turns":4},{"damage":17,"enemies":"3 Cultists","floor":31,"turns":3}],"seed_played":"6063663106703105016","potions_obtained":[{"floor":7.0,"key":"Explosive Potion"},{"floor":10.0,"key":"Fire Potion"},{"floor":12.0,"key":"Energy Potion"},{"floor":25.0,"key":"Swift Potion"},{"floor":29,"key":"GamblersBrew"}],"is_trial":false,"path_per_floor":["M","M","$","?","?","R","M","$","T","M","R","M","R","M","R","B",null,"M","?","M","$","M","E","?","M","T","M","$","E","R","M"],"character_chosen":"Angela","items_purchased":["Beak"],"campfire_rested":1,"item_purchase_floors":[21],"current_hp_per_floor":[70,65,65,65,65,65,63,63,63,60,60,60,60,62,62,36,80,70,58,61,61,61,30,54,52,52,32,32,1,25,8,8],"gold":44,"neow_bonus":"ONE_RARE_RELIC","is_daily":false,"chose_seed":false,"campfire_upgraded":0,"win_rate":0.0,"timestamp":1611557273,"path_taken":["M","?","$","?","?","R","M","?","T","M","R","?","R","?","R","BOSS","M","?","M","$","M","E","?","M","T","M","$","E","R","?"],"items_purchased_type":["Card"],"build_version":"2020-12-22","purchased_purges":2,"victory":false,"max_hp_per_floor":[70,70,70,70,70,70,70,70,70,70,70,70,70,80,80,80,80,80,80,80,80,80,80,80,80,80,80,80,80,80,80,80],"card_choices":[{"not_picked":["BeautyBeast","Porccubus"],"picked":"CrumblingArmor","floor":1.0},{"not_picked":["Regret_ego"],"picked":"FeatherOfHonor","floor":1.0},{"not_picked":["MagicBullet"],"picked":"GrinderMk4","floor":2.0},{"not_picked":["UniverseFragment","Wellcheers"],"picked":"Freischutz","floor":7.0},{"not_picked":["Christmas"],"picked":"BearPaw","floor":7.0},{"not_picked":["BeautyBeast","Mercenary"],"picked":"OSAHOGD","floor":10.0},{"not_picked":["FeatherOfHonor","Loneliness"],"picked":"SKIP","floor":10.0},{"not_picked":["CherryBlossoms","Alriune"],"picked":"RedShoes","floor":12.0},{"not_picked":["SomewhereSpear"],"picked":"SolemnVow","floor":12.0},{"not_picked":["Beak"],"picked":"Reverberation","floor":14.0},{"not_picked":["PunishingBird","SpiderBud"],"picked":"Scorched","floor":14.0},{"not_picked":["WhitesApple","ShyLook"],"picked":"GreedKing","floor":16.0},{"not_picked":["GoldRush"],"picked":"Pinks","floor":16.0},{"not_picked":["FieryBird","WallGazer"],"picked":"CrumblingArmor","floor":18.0},{"not_picked":["MagicBullet","Soda"],"picked":"SKIP","floor":18.0},{"not_picked":["MagicBullet","Soda"],"picked":"SKIP","floor":18.0},{"not_picked":["ScreamingWedge","Horn"],"picked":"SKIP","floor":20.0},{"not_picked":["Gaze","Tough+1"],"picked":"SKIP","floor":23.0},{"not_picked":["Beak+1","GrinderMk4"],"picked":"SKIP","floor":25.0},{"not_picked":["TodaysExpression","WristCuter"],"picked":"SKIP","floor":27.0},{"not_picked":["Loneliness"],"picked":"FourthMatchFlame","floor":29}],"player_experience":62263,"relics_obtained":[{"floor":1.0,"key":"LetterFromLob"},{"floor":9.0,"key":"HornCleat"},{"floor":19.0,"key":"Necronomicon"},{"floor":23.0,"key":"Bronze Scales"},{"floor":29,"key":"Thread and Needle"}],"event_choices":[{"damage_healed":0.0,"max_hp_gain":0.0,"max_hp_loss":0.0,"gold_gain":0.0,"event_name":"Liars Game","player_choice":"Ignored","floor":5.0,"gold_loss":0.0,"damage_taken":0.0},{"damage_healed":0.0,"max_hp_gain":0.0,"max_hp_loss":0.0,"gold_gain":0.0,"event_name":"Cursed Tome","player_choice":"Obtained Book","floor":19.0,"gold_loss":0.0,"damage_taken":16.0}],"is_beta":false,"boss_relics":[{"not_picked":["Ectoplasm","Coffee Dripper"],"picked":"Empty Cage"}],"items_purged_floors":[21,28],"is_endless":false,"potions_floor_spawned":[7,10,12,25,27,29],"killed_by":"3 Cultists","ascension_level":0}}