{"host":"6eo4thp7fob519hm","time":1611599728,"event":{"mods":["BaseMod","Block Reminder","Colored Map","Colored Powertips","DeckTracker","Googly Eyes","Highlight Path","Minty Spire (QoL Compilation)","Quick Restart"],"gold_per_floor":[117,134,134,134,134,163,180,180,251,283,283,208,220,230,230,327,327,347,347,262,275,275,309,71,88,88,107,134,154,173,191,191,191,191],"floor_reached":33,"language":"ENG","playtime":1167,"items_purged":["Strike_R"],"score":324,"play_id":"3b3dd538-8893-4446-8fff-d5146edf6960","local_time":"20210126000528","is_ascension_mode":false,"campfire_choices":[{"data":"Armaments","floor":8,"key":"SMITH"},{"data":"Shrug It Off","floor":11,"key":"SMITH"},{"data":"Bash","floor":15,"key":"SMITH"},{"data":"Offering","floor":32,"key":"SMITH"}],"circlet_count":0,"master_deck":["Strike_R","Strike_R+1","Strike_R","Defend_R+1","Defend_R","Defend_R","Defend_R","Bash+1","Shrug It Off+1","Armaments+1","Iron Wave","Cleave","Flex","Pommel Strike","Flex","Offering+1","RitualDagger","Havoc+1","Infernal Blade+1","Havoc+1","Infernal Blade+1","Shrug It Off+1"],"relics":["Burning Blood","NeowsBlessing","Bronze Scales","Happy Flower","Sundial","Calipers","Sozu","Toxic Egg 2","Paper Frog","StoneCalendar","Bottled Flame","Champion Belt","Singing Bowl"],"acts_visited":["Exordium","TheCity"],"potions_floor_usage":[16,27],"damage_taken":[{"damage":0,"enemies":"Jaw Worm","floor":1,"turns":1},{"damage":0,"enemies":"2 Louse","floor":2,"turns":1},{"damage":0,"enemies":"Gremlin Nob","floor":6,"turns":1},{"damage":0,"enemies":"Small Slimes","floor":7,"turns":3},{"damage":15,"enemies":"Lagavulin","floor":10,"turns":7},{"damage":5,"enemies":"Gremlin Gang","floor":13,"turns":4},{"damage":13,"enemies":"Exordium Thugs","floor":14,"turns":3},{"damage":11,"enemies":"The Guardian","floor":16,"turns":8},{"damage":6,"enemies":"2 Thieves","floor":18,"turns":3},{"damage":8,"enemies":"3 Byrds","floor":21,"turns":3},{"damage":20,"enemies":"Slavers","floor":23,"turns":4},{"damage":7,"enemies":"Shelled Parasite and Fungi","floor":25,"turns":3},{"damage":16,"enemies":"Centurion and Healer","floor":27,"turns":3},{"damage":27,"enemies":"Book of Stabbing","floor":28,"turns":4},{"damage":11,"enemies":"Chosen and Byrds","floor":29,"turns":6},{"damage":6,"enemies":"Shelled Parasite and Fungi","floor":30,"turns":2},{"damage":6,"enemies":"Cultist and Chosen","floor":31,"turns":5},{"damage":42,"enemies":"Collector","floor":33,"turns":6}],"seed_played":"8332484858175931910","potions_obtained":[{"floor":7,"key":"SneckoOil"},{"floor":10,"key":"LiquidBronze"},{"floor":13,"key":"EssenceOfSteel"},{"floor":14,"key":"PowerPotion"}],"is_trial":false,"path_per_floor":["M","M","?","?","?","E","M","R","T","E","R","$","M","M","R","B",null,"M","?","?","M","?","E","$","M","T","M","E","M","M","M","R","B"],"character_chosen":"IRONCLAD","items_purchased":["Bottled Flame"],"campfire_rested":0,"item_purchase_floors":[24],"current_hp_per_floor":[80,80,77,61,61,67,73,73,73,64,64,64,65,58,58,53,80,80,74,74,72,72,58,58,57,57,47,28,25,25,27,27,0,0],"gold":191,"neow_bonus":"THREE_ENEMY_KILL","is_daily":false,"chose_seed":false,"campfire_upgraded":4,"win_rate":0.0,"timestamp":1611599728,"path_taken":["M","M","?","?","?","E","?","R","T","E","R","?","M","?","R","BOSS","M","?","?","M","?","E","?","M","T","M","E","M","M","M","R","BOSS"],"items_purchased_type":["Relic"],"build_version":"2020-12-22","purchased_purges":1,"victory":false,"max_hp_per_floor":[80,80,80,80,80,80,80,80,80,80,80,80,80,80,80,80,80,80,80,80,80,80,80,80,80,80,80,82,84,84,86,86,86,86],"card_choices":[{"not_picked":["Heavy Blade","Twin Strike"],"picked":"Shrug It Off","floor":1},{"not_picked":["Perfected Strike","Flex"],"picked":"Armaments","floor":2},{"not_picked":["Feel No Pain","Berserk","Iron Wave"],"picked":"SKIP","floor":6},{"not_picked":["Perfected Strike","Flame Barrier"],"picked":"Cleave","floor":7},{"not_picked":["Bloodletting","Hemokinesis"],"picked":"Flex","floor":10},{"not_picked":["Sentinel","Clash"],"picked":"Pommel Strike","floor":13},{"not_picked":["True Grit","Anger"],"picked":"Flex","floor":14},{"not_picked":["Demon Form","Bludgeon"],"picked":"Offering","floor":16},{"not_picked":["Dark Embrace+1","Iron Wave","Metallicize"],"picked":"SKIP","floor":18},{"not_picked":["Burning Pact+1","Entrench+1"],"picked":"Havoc+1","floor":21},{"not_picked":["Rupture+1","Hemokinesis+1"],"picked":"Infernal Blade+1","floor":23},{"not_picked":["Body Slam","Warcry+1"],"picked":"Havoc+1","floor":25},{"not_picked":["Armaments+1","True Grit+1"],"picked":"Infernal Blade+1","floor":27},{"not_picked":["Thunderclap","Searing Blow","Warcry+1"],"picked":"Singing Bowl","floor":28},{"not_picked":["Sever Soul","Iron Wave+1","Barricade"],"picked":"Singing Bowl","floor":29},{"not_picked":["Iron Wave","Searing Blow+1"],"picked":"Shrug It Off+1","floor":30},{"not_picked":["Ghostly Armor+1","Cleave","Wild Strike"],"picked":"Singing Bowl","floor":31}],"player_experience":590555,"relics_obtained":[{"floor":6,"key":"Happy Flower"},{"floor":9,"key":"Sundial"},{"floor":10,"key":"Calipers"},{"floor":23,"key":"StoneCalendar"},{"floor":26,"key":"Champion Belt"},{"floor":28,"key":"Singing Bowl"}],"event_choices":[{"damage_healed":0,"gold_gain":0,"player_choice":"Success","damage_taken":3,"relics_obtained":["Bronze Scales"],"max_hp_gain":0,"max_hp_loss":0,"event_name":"Scrap Ooze","floor":3,"gold_loss":0},{"damage_healed":0,"gold_gain":0,"player_choice":"Entered Light","damage_taken":16,"max_hp_gain":0,"max_hp_loss":0,"event_name":"Shining Light","floor":4,"gold_loss":0,"cards_upgraded":["Strike_R","Defend_R"]},{"damage_healed":0,"gold_gain":0,"cards_transformed":["Strike_R"],"player_choice":"Transformed","damage_taken":0,"max_hp_gain":0,"max_hp_loss":0,"event_name":"Transmorgrifier","floor":5,"gold_loss":0,"cards_obtained":["Iron Wave"]},{"damage_healed":0,"gold_gain":0,"player_choice":"Joined the Cult","damage_taken":6,"max_hp_gain":0,"max_hp_loss":0,"event_name":"Nest","floor":19,"gold_loss":0,"cards_obtained":["RitualDagger"]},{"damage_healed":0,"gold_gain":0,"player_choice":"Obtained Relic","damage_taken":0,"relics_obtained":["Toxic Egg 2"],"max_hp_gain":0,"max_hp_loss":0,"event_name":"Addict","floor":20,"gold_loss":85},{"damage_healed":0,"gold_gain":0,"player_choice":"Opened","damage_taken":0,"relics_obtained":["Paper Frog"],"max_hp_gain":0,"max_hp_loss":0,"event_name":"The Mausoleum","floor":22,"gold_loss":0}],"is_beta":false,"boss_relics":[{"not_picked":["Ectoplasm","Runic Dome"],"picked":"Sozu"}],"items_purged_floors":[12],"is_endless":false,"potions_floor_spawned":[7,10,13,14,18,21,25,31],"killed_by":"Collector","ascension_level":0}}