{"host":"6p0attdrtjqaih7v","time":1611544240,"event":{"mods":["2.2 Compatiblity","AchievementEnabler","Bard","BaseMod","Better Skull","Better Third Choice","Colored Powertips","Hermit","Highlight Path","Jorbs\u0027s Wanderer Trilogy","Key Reminder","Minty Spire (QoL Compilation)","Permanent Neow","Quick Restart","Random Character Button","Relic Stats","Replay The Spire","Robot Space Explorer","StSLib"],"gold_per_floor":[10,10,60,3,3,30,30,56,56,88,104,104,131,146,146,220,320,334,346,346,365,381,381,408,408,408,423,423,438,438,452,452,525,525,545,545,556,574,238,238,238,266,266,266,279,298,312,312,312,312,312],"floor_reached":52,"language":"ENG","playtime":2920,"items_purged":[],"score":1769,"play_id":"0726ed19-4817-46f8-8b8c-f5aa7c09f894","local_time":"20210124221040","is_ascension_mode":true,"campfire_choices":[{"data":"Neutralize","floor":7,"key":"SMITH"},{"data":"Noxious Fumes","floor":12,"key":"SMITH"},{"data":"Dagger Spray","floor":15,"key":"SMITH"},{"data":"Bouncing Flask","floor":23,"key":"SMITH"},{"data":"Wraith Form v2","floor":25,"key":"SMITH"},{"data":"Leg Sweep","floor":28,"key":"SMITH"},{"data":"Poison Darts","floor":30,"key":"SMITH"},{"data":"Poisoned Stab","floor":32,"key":"SMITH"},{"data":"Malaise","floor":40,"key":"SMITH"},{"data":"Crippling Poison","floor":44,"key":"SMITH"},{"data":"Master of Strategy","floor":49,"key":"SMITH"}],"circlet_count":0,"master_deck":["AscendersBane","Strike_G","Strike_G","Strike_G","Defend_G+1","Defend_G","Defend_G","Defend_G","Survivor+1","Neutralize+1","Unload+1","Poison Darts+1","Leg Sweep+1","Noxious Fumes+1","Quick Slash","Dagger Spray+1","Poisoned Stab+1","Poison Darts+1","Bouncing Flask+1","Wraith Form v2+1","Cloak And Dagger+1","Malaise+1","Flash of Steel","Flash of Steel","Crippling Poison+1","Master of Strategy+1"],"relics":["Ring of the Snake","Vajra","Shuriken","Vampiric Spirits","Pantograph","keyreminder:keyreminder","Replay:Bottled Snecko","War Paint","Replay:Wanted Poster","ReplayTheSpireMod:TigerMarble","Akabeko","Snecko Scales","Tough Bandages","Mirror","FossilizedHelix"],"acts_visited":["Exordium","TheCity","TheBeyond"],"potions_floor_usage":[6,10,16,24,24,51,51],"damage_taken":[{"damage":2,"enemies":"Jaw Worm","floor":1,"turns":5},{"damage":3,"enemies":"3 Sentries","floor":6,"turns":12},{"damage":13,"enemies":"Gremlin Nob","floor":8,"turns":4},{"damage":14,"enemies":"Lagavulin","floor":10,"turns":6},{"damage":0,"enemies":"Small Slimes","floor":11,"turns":3},{"damage":0,"enemies":"2 Louse","floor":14,"turns":2},{"damage":17,"enemies":"Slime Boss","floor":16,"turns":6},{"damage":25,"enemies":"2 Thieves","floor":18,"turns":4},{"damage":0,"enemies":"Chosen","floor":19,"turns":3},{"damage":1,"enemies":"Centurion and Healer","floor":21,"turns":5},{"damage":17,"enemies":"Snecko","floor":22,"turns":4},{"damage":20,"enemies":"Book of Stabbing","floor":24,"turns":5},{"damage":0,"enemies":"Chosen and Byrds","floor":27,"turns":3},{"damage":0,"enemies":"Centurion and Healer","floor":29,"turns":4},{"damage":3,"enemies":"Snake Plant","floor":31,"turns":3},{"damage":18,"enemies":"Collector","floor":33,"turns":7},{"damage":4,"enemies":"3 Darklings","floor":35,"turns":4},{"damage":9,"enemies":"Orb Walker","floor":37,"turns":4},{"damage":3,"enemies":"3 Darklings","floor":38,"turns":4},{"damage":3,"enemies":"Reptomancer","floor":42,"turns":5},{"damage":0,"enemies":"4 Shapes","floor":45,"turns":4},{"damage":0,"enemies":"Transient","floor":46,"turns":6},{"damage":0,"enemies":"Sphere and 2 Shapes","floor":47,"turns":6},{"damage":9,"enemies":"Awakened One","floor":50,"turns":13},{"damage":10,"enemies":"Donu and Deca","floor":51,"turns":10}],"seed_played":"14224564366954091","potions_obtained":[{"floor":1,"key":"Milkshake"},{"floor":6,"key":"Elixir"},{"floor":10,"key":"Regen Potion"},{"floor":22,"key":"SpeedPotion"},{"floor":24,"key":"DistilledChaos"},{"floor":27,"key":"CunningPotion"},{"floor":45,"key":"Adrenaline Potion"}],"is_trial":false,"path_per_floor":["M","?","T","$","?","E","R","E","T","E","M","R","T","M","R","B",null,"M","M","?","M","M","R","E","R","T","M","R","M","R","M","R","B",null,"M","?","M","M","$","R","?","E","T","R","M","M","M","?","R","B","B",null],"character_chosen":"THE_SILENT","items_purchased":["Dexterity Potion","Tough Bandages"],"campfire_rested":0,"item_purchase_floors":[4,39],"current_hp_per_floor":[57,57,57,57,50,47,47,34,34,20,23,23,23,28,28,43,60,38,43,43,46,32,32,27,27,27,35,35,35,35,35,35,48,62,62,52,50,50,50,50,50,65,65,65,66,66,66,56,56,57,56],"gold":312,"neow_bonus":"TRANSFORM_TWO_CARDS","is_daily":false,"chose_seed":false,"campfire_upgraded":11,"win_rate":0.0,"timestamp":1611544240,"path_taken":["M","?","?","$","?","E","R","E","T","E","M","R","?","M","R","BOSS","M","M","?","M","M","R","E","R","T","M","R","M","R","M","R","BOSS","M","?","M","M","$","R","?","E","T","R","?","M","M","?","R","BOSS","BOSS"],"items_purchased_type":["Potion","Relic"],"build_version":"2020-12-22","purchased_purges":0,"victory":true,"max_hp_per_floor":[66,66,66,66,66,66,66,66,66,66,66,66,66,66,66,66,66,66,66,66,66,66,66,66,66,66,66,66,66,66,66,66,66,66,66,66,66,66,66,66,66,66,66,66,66,66,66,66,66,66,66],"relic_stats":{"Tough Bandages":[324],"counters":[25,132],"Shuriken":[41],"Pantograph":69,"War Paint":["Poison Darts","Survivor"],"obtain_stats":[{"Vampiric Spirits":8,"Vajra":3,"War Paint":13,"Akabeko":26,"keyreminder:keyreminder":10,"Replay:Wanted Poster":17,"Tough Bandages":39,"Snecko Scales":34,"Shuriken":6,"Pantograph":9,"ReplayTheSpireMod:TigerMarble":24,"Replay:Bottled Snecko":10,"Mirror":42,"FossilizedHelix":43,"Ring of the Snake":0},{"Vampiric Spirits":3,"Vajra":1,"War Paint":5,"Akabeko":12,"keyreminder:keyreminder":4,"Replay:Wanted Poster":7,"Tough Bandages":19,"Snecko Scales":16,"Shuriken":2,"Pantograph":3,"ReplayTheSpireMod:TigerMarble":12,"Replay:Bottled Snecko":4,"Mirror":20,"FossilizedHelix":20,"Ring of the Snake":0},{"Vampiric Spirits":21,"Vajra":5,"War Paint":30,"Akabeko":59,"keyreminder:keyreminder":27,"Replay:Wanted Poster":38,"Tough Bandages":88,"Snecko Scales":76,"Shuriken":17,"Pantograph":21,"ReplayTheSpireMod:TigerMarble":59,"Replay:Bottled Snecko":27,"Mirror":93,"FossilizedHelix":93,"Ring of the Snake":0}],"Ring of the Snake":[50]},"card_choices":[{"not_picked":["Tactician","Blade Dance"],"picked":"Leg Sweep","floor":1},{"not_picked":["ReplayTheSpireMod:Speed Training","Draining Mist"],"picked":"Noxious Fumes","floor":6},{"not_picked":["Malaise","Bullet Time"],"picked":"Quick Slash","floor":8},{"not_picked":["Deflect","Expertise","Choke"],"picked":"SKIP","floor":10},{"not_picked":["Deflect","Expertise","Choke"],"picked":"SKIP","floor":10},{"not_picked":["Backstab","Blade Dance"],"picked":"Dagger Spray","floor":11},{"not_picked":["Endless Agony","Escape Plan"],"picked":"Poisoned Stab","floor":14},{"not_picked":["Bullet Time","Burst"],"picked":"Poison Darts","floor":16},{"not_picked":["Prepared","Predator"],"picked":"Bouncing Flask","floor":18},{"not_picked":["Finisher","Slice","Accuracy"],"picked":"SKIP","floor":19},{"not_picked":["Quick Slash+1","Skewer","Sucker Punch"],"picked":"SKIP","floor":21},{"not_picked":["Predator","Deflect","Slice+1"],"picked":"SKIP","floor":22},{"not_picked":["Backflip","Noxious Fumes"],"picked":"Wraith Form v2","floor":24},{"not_picked":["Quick Slash+1","Flying Knee+1","Prepared"],"picked":"SKIP","floor":27},{"not_picked":["Outmaneuver","Slice","Underhanded Strike"],"picked":"SKIP","floor":29},{"not_picked":["Slice","Poisoned Stab"],"picked":"Cloak And Dagger+1","floor":31},{"not_picked":["Replay:Bag of Tricks","After Image"],"picked":"Malaise","floor":33},{"not_picked":["Acrobatics","Terror+1","Escape Plan"],"picked":"SKIP","floor":35},{"not_picked":["Blind","Forethought"],"picked":"Flash of Steel","floor":36},{"not_picked":["Replay:Bootleg Shield Generator","Dramatic Entrance"],"picked":"Flash of Steel","floor":36},{"not_picked":["Quick Slash","Backstab","Well Laid Plans"],"picked":"SKIP","floor":37},{"not_picked":["Dagger Spray","Underhanded Strike+1","Sucker Punch"],"picked":"SKIP","floor":38},{"not_picked":["Dodge and Roll","Eviscerate"],"picked":"Crippling Poison","floor":42},{"not_picked":["Deadly Poison","Doppelganger","Eviscerate+1"],"picked":"SKIP","floor":45},{"not_picked":["Heel Hook","Dagger Spray","Quick Slash"],"picked":"SKIP","floor":46},{"not_picked":["Backstab","Sucker Punch+1","Blade Dance"],"picked":"SKIP","floor":47},{"not_picked":["HandOfGreed","Specialist"],"picked":"Master of Strategy","floor":48}],"player_experience":941838,"relics_obtained":[{"floor":3,"key":"Vajra"},{"floor":6,"key":"Shuriken"},{"floor":8,"key":"Vampiric Spirits"},{"floor":9,"key":"Pantograph"},{"floor":10,"key":"Replay:Bottled Snecko"},{"floor":13,"key":"War Paint"},{"floor":24,"key":"ReplayTheSpireMod:TigerMarble"},{"floor":26,"key":"Akabeko"},{"floor":42,"key":"Mirror"},{"floor":43,"key":"FossilizedHelix"}],"event_choices":[{"cards_removed":["Defend_G"],"damage_healed":0,"gold_gain":0,"player_choice":"Card Removal","damage_taken":7,"max_hp_gain":0,"max_hp_loss":0,"event_name":"Golden Wing","floor":5,"gold_loss":0},{"damage_healed":0,"gold_gain":0,"player_choice":"Ignored","damage_taken":0,"max_hp_gain":0,"max_hp_loss":0,"event_name":"Vampires","floor":20,"gold_loss":0},{"damage_healed":0,"gold_gain":0,"player_choice":"Memory 3","damage_taken":10,"max_hp_gain":0,"max_hp_loss":0,"event_name":"SensoryStone","floor":36,"gold_loss":0},{"damage_healed":0,"gold_gain":0,"player_choice":"Upgraded","damage_taken":0,"max_hp_gain":0,"max_hp_loss":0,"event_name":"Upgrade Shrine","floor":41,"gold_loss":0,"cards_upgraded":["Unload"]},{"damage_healed":0,"gold_gain":0,"player_choice":"Random: Blue","damage_taken":0,"max_hp_gain":0,"max_hp_loss":0,"event_name":"betterThird:BetterPortal","floor":48,"gold_loss":0},{"damage_healed":0,"gold_gain":0,"player_choice":"Memory 3","damage_taken":10,"max_hp_gain":0,"max_hp_loss":0,"event_name":"SensoryStone","floor":48,"gold_loss":0}],"is_beta":false,"boss_relics":[{"not_picked":["Replay:Ancient Bell","Calling Bell"],"picked":"Replay:Wanted Poster"},{"not_picked":["Replay:Grab Bag","Philosopher\u0027s Stone"],"picked":"Snecko Scales"}],"items_purged_floors":[],"is_endless":false,"potions_floor_spawned":[1,6,10,22,24,27,29,33,42,45,47],"ascension_level":20}}