{"host":"9tdk3zzhmpo6o3dg","time":1611578488,"event":{"mods":["AchievementEnabler","Act Like it!","BaseMod","Downfall","Gensokyo","Hermit","Koishi","Marisa（F雨　魔理沙）","Minty Spire (QoL Compilation)","Remilia（蕾米莉亚）","SOS（斯巴达之子）","Shop Mod","StSLib","The Alterego","The Cursed","The Hierophant","The Marked","The Senshi","The Servant 0.9.4","WarShipGirlsR/战舰少女R mod"],"gold_per_floor":[20,71,21,52,52,52,105,193,193,5,19,35,35,86,86,207,207,223,74,74,86,86,86],"floor_reached":22,"language":"ZHS","playtime":828,"items_purged":["LessonLearned"],"score":323,"play_id":"29ef560e-21b6-49d7-8e51-54900cf47011","local_time":"20210125204128","is_ascension_mode":true,"campfire_choices":[{"data":"HandOfGreed","floor":6.0,"key":"SMITH"},{"floor":13,"key":"REST"},{"data":"Eruption","floor":15,"key":"SMITH"}],"circlet_count":0,"master_deck":["Defend_P","Defend_P","Defend_P","Defend_P","Eruption+1","Vigilance","HandOfGreed+1","ForeignInfluence","CutThroughFate","JustLucky","Devotion","EmptyMind","EmptyBody","Ragnarok","DevaForm","WreathOfFlame","EmptyMind+1","EmptyFist+1","Vengeance+1","Necronomicurse"],"relics":["PureWater","AntiCross","Shovel","Sundial","Membership Card","Centennial Puzzle","Empty Cage","Art of War","Orrery","Necronomicon"],"acts_visited":["Exordium","TheCity"],"potions_floor_usage":[18,21],"damage_taken":[{"damage":7.0,"enemies":"Jaw Worm","floor":1.0,"turns":3.0},{"damage":0.0,"enemies":"Small Slimes","floor":2.0,"turns":3.0},{"damage":0.0,"enemies":"2 Louse","floor":4.0,"turns":1.0},{"damage":0.0,"enemies":"Lagavulin","floor":7.0,"turns":3.0},{"damage":20.0,"enemies":"Lagavulin Event","floor":8.0,"turns":3.0},{"damage":14,"enemies":"Exordium Thugs","floor":11,"turns":2},{"damage":13,"enemies":"3 Louse","floor":12,"turns":2},{"damage":13,"enemies":"3 Sentries","floor":14,"turns":4},{"damage":2,"enemies":"Slime Boss","floor":16,"turns":3},{"damage":14,"enemies":"3 Byrds","floor":18,"turns":4},{"damage":14,"enemies":"2 Thieves","floor":21,"turns":2},{"damage":29,"enemies":"Snake Plant","floor":22,"turns":2}],"seed_played":"-8680542122563717468","potions_obtained":[{"floor":1.0,"key":"Block Potion"},{"floor":7.0,"key":"ColorlessPotion"},{"floor":14,"key":"ColorlessPotion"},{"floor":16,"key":"Fire Potion"},{"floor":18,"key":"SkillPotion"}],"is_trial":false,"path_per_floor":["M","M","?","M","?","R","E","?","T","$","M","M","R","E","R","B",null,"M","$","?","M","M"],"character_chosen":"WATCHER","items_purchased":["Membership Card","Art of War","Orrery"],"campfire_rested":1,"item_purchase_floors":[10,19,19],"current_hp_per_floor":[65,65,65,65,58,58,58,38,38,38,24,11,32,19,19,17,72,58,58,42,28,0,0],"gold":86,"neow_bonus":"RANDOM_COLORLESS_2","is_daily":false,"chose_seed":false,"campfire_upgraded":2,"win_rate":0.0,"timestamp":1611578488,"path_taken":["M","M","?","M","?","R","E","?","T","$","M","?","R","E","R","BOSS","M","$","?","M","M"],"items_purchased_type":["Relic","Relic","Relic"],"build_version":"2020-12-22","purchased_purges":1,"victory":false,"max_hp_per_floor":[72,72,72,72,72,72,72,72,72,72,72,72,72,72,72,72,72,72,72,72,72,72,72],"card_choices":[{"not_picked":["Apotheosis","Secret Weapon"],"picked":"HandOfGreed","floor":0.0},{"not_picked":["SignatureMove","EmptyFist"],"picked":"ForeignInfluence","floor":1.0},{"not_picked":["CrushJoints","Evaluate"],"picked":"CutThroughFate","floor":2.0},{"not_picked":["FollowUp","Sanctity"],"picked":"JustLucky","floor":4.0},{"not_picked":["Weave","ClearTheMind"],"picked":"LessonLearned","floor":7.0},{"not_picked":["EmptyBody","Conclude"],"picked":"Devotion","floor":11},{"not_picked":["Halt","EmptyBody"],"picked":"EmptyMind","floor":12},{"not_picked":["Crescendo","MentalFortress"],"picked":"EmptyBody","floor":14},{"not_picked":["Judgement","Brilliance"],"picked":"Ragnarok","floor":16},{"not_picked":["WaveOfTheHand","CrushJoints","Study+1"],"picked":"SKIP","floor":18},{"not_picked":["Crescendo","CrushJoints"],"picked":"DevaForm","floor":19},{"not_picked":["Evaluate+1","ThirdEye"],"picked":"WreathOfFlame","floor":19},{"not_picked":["Nirvana+1","CutThroughFate+1"],"picked":"EmptyMind+1","floor":19},{"not_picked":["Vengeance","Wireheading"],"picked":"EmptyFist+1","floor":19},{"not_picked":["JustLucky","MasterReality"],"picked":"Vengeance+1","floor":19},{"not_picked":["Crescendo","SashWhip","CutThroughFate+1"],"picked":"SKIP","floor":21}],"player_experience":221817,"relics_obtained":[{"floor":7.0,"key":"AntiCross"},{"floor":8.0,"key":"Shovel"},{"floor":9.0,"key":"Sundial"},{"floor":14,"key":"Centennial Puzzle"},{"floor":20,"key":"Necronomicon"}],"event_choices":[{"cards_removed":["Strike_P"],"damage_healed":0.0,"max_hp_gain":0.0,"max_hp_loss":0.0,"gold_gain":0.0,"event_name":"The Cleric","player_choice":"Card Removal","floor":3.0,"gold_loss":50.0,"damage_taken":0.0},{"cards_removed":["Strike_P"],"damage_healed":0.0,"max_hp_gain":0.0,"max_hp_loss":0.0,"gold_gain":0.0,"event_name":"Golden Wing","player_choice":"Card Removal","floor":5.0,"gold_loss":0.0,"damage_taken":7.0},{"damage_healed":0.0,"max_hp_gain":0.0,"max_hp_loss":0.0,"gold_gain":0.0,"event_name":"Dead Adventurer","player_choice":"Searched \u00271\u0027 times","floor":8.0,"gold_loss":0.0,"damage_taken":0.0},{"damage_healed":0,"gold_gain":0,"player_choice":"Obtained Book","damage_taken":16,"max_hp_gain":0,"max_hp_loss":0,"event_name":"Cursed Tome","floor":20,"gold_loss":0}],"is_beta":false,"boss_relics":[{"not_picked":["Velvet Choker","Runic Dome"],"picked":"Empty Cage"}],"items_purged_floors":[10],"is_endless":false,"potions_floor_spawned":[1,7,14,16,18],"killed_by":"Snake Plant","ascension_level":4}}