{"host":"8g198xe1n7br41jb","time":1611594544,"event":{"mods":["BaseMod","Downfall","Minty Spire (QoL Compilation)","StSLib","SuperFastMode"],"gold_per_floor":[99,113,113,132,132,132,156,176,176,215,45,45,80,92,118,225,225,225,239,80,105,105,105,105,129,129,129,129,141,158,198,215,215,215],"floor_reached":33,"language":"ENG","playtime":2019,"items_purged":["champ:Strike"],"score":291,"play_id":"1e1b32e4-8788-4e73-96d4-d0f75b3af6dc","local_time":"20210125180904","is_ascension_mode":true,"campfire_choices":[{"floor":1.0,"key":"DIG"},{"floor":6.0,"key":"DIG"},{"floor":9.0,"key":"DIG"},{"floor":12.0,"key":"DIG"},{"floor":18,"key":"DIG"},{"floor":23,"key":"DIG"},{"floor":26,"key":"DIG"},{"floor":28,"key":"DIG"}],"circlet_count":0,"master_deck":["champ:Strike","champ:Strike","champ:Strike","champ:Defend+1","champ:Defend","champ:Defend+1","champ:Execute+1","champ:Taunt","champ:BerserkerStyle","champ:ShieldSigil","champ:Shatter","champ:FanOfKnives","champ:FaceSlap","expansioncontent:StudyTheSpire","champ:Encircle","champ:ViciousMockery","champ:SwordThrow","champ:IronFortress","champ:BringItOn","champ:FanOfKnives","champ:AdrenalArmor"],"relics":["champ:ChampionCrown","Shovel","Eternal Feather","Centennial Puzzle","CeramicFish","War Paint","Regal Pillow","Shuriken","Unceasing Top","Busted Crown","Mercury Hourglass","champ:DefensiveTrainingManual","Oddly Smooth Stone","Kunai","Nilry\u0027s Codex","Dead Branch","Blood Vial"],"acts_visited":["Exordium","TheCity"],"potions_floor_usage":[16,21,25,31,33,33],"damage_taken":[{"damage":10.0,"enemies":"2 Louse","floor":2.0,"turns":3.0},{"damage":20.0,"enemies":"Jaw Worm","floor":4.0,"turns":5.0},{"damage":11.0,"enemies":"Cultist","floor":8.0,"turns":3.0},{"damage":87.0,"enemies":"3 Sentries","floor":10.0,"turns":7.0},{"damage":46.0,"enemies":"downfall:FleeingMerchant","floor":11.0,"turns":4.0},{"damage":16.0,"enemies":"Gremlin Nob","floor":13.0,"turns":3.0},{"damage":21.0,"enemies":"Large Slime","floor":14.0,"turns":4.0},{"damage":25.0,"enemies":"Blue Slaver","floor":15.0,"turns":2.0},{"damage":55,"enemies":"WA_ARCHETYPE_RETAIN","floor":16,"turns":7},{"damage":0,"enemies":"3 Byrds","floor":19,"turns":3},{"damage":17,"enemies":"downfall:FleeingMerchant","floor":20,"turns":4},{"damage":43,"enemies":"3 Cultists","floor":21,"turns":3},{"damage":10,"enemies":"Sentry and Sphere","floor":25,"turns":2},{"damage":24,"enemies":"Centurion and Healer","floor":29,"turns":4},{"damage":10,"enemies":"Cultist and Chosen","floor":30,"turns":4},{"damage":26,"enemies":"Book of Stabbing","floor":31,"turns":4},{"damage":24,"enemies":"Snecko","floor":32,"turns":4},{"damage":85,"enemies":"DF_ARCHETYPE_CLAW","floor":33,"turns":5}],"seed_played":"6957610905643372033","potions_obtained":[{"floor":2.0,"key":"LiquidMemories"},{"floor":4.0,"key":"sneckomod:MuddlingPotion"},{"floor":14.0,"key":"Explosive Potion"},{"floor":21,"key":"Explosive Potion"},{"floor":30,"key":"Regen Potion"},{"floor":31,"key":"champ:TechniquePotion"},{"floor":32,"key":"Weak Potion"}],"is_trial":false,"path_per_floor":["R","M","?","M","?","R","T","M","R","E","$","R","E","M","M","B",null,"R","M","$","M","?","R","T","M","R","?","R","M","M","E","M","B"],"character_chosen":"THE_CHAMP","items_purchased":["expansioncontent:StudyTheSpire","champ:IronFortress"],"campfire_rested":0,"item_purchase_floors":[11,20],"current_hp_per_floor":[81,81,81,81,81,81,81,80,81,56,51,60,54,54,50,5,81,81,81,74,62,47,56,56,56,68,52,64,50,50,46,34,0,0],"gold":215,"neow_bonus":"ONE_RARE_RELIC","is_daily":false,"chose_seed":false,"campfire_upgraded":0,"win_rate":0.0,"timestamp":1611594544,"path_taken":["R","M","?","M","?","R","T","M","R","E","$","R","E","M","M","BOSS","R","M","$","?","?","R","T","M","R","?","R","M","M","E","M","BOSS"],"items_purchased_type":["Card","Card"],"build_version":"2020-12-22","purchased_purges":1,"victory":false,"max_hp_per_floor":[81,81,81,81,81,81,81,81,81,81,81,81,81,81,81,81,81,81,81,81,81,86,86,86,86,86,86,86,86,86,86,86,86,86],"card_choices":[{"not_picked":["champ:Backstep","champ:Shatter"],"picked":"champ:BerserkerStyle","floor":2.0},{"not_picked":["champ:RapidStrikes","champ:PreemptiveStrike"],"picked":"champ:ShieldSigil","floor":4.0},{"not_picked":["champ:Haymaker","champ:Backstep"],"picked":"champ:Shatter","floor":8.0},{"not_picked":["champ:RageSigil","champ:FalseCounter"],"picked":"champ:FanOfKnives","floor":10.0},{"not_picked":["champ:GutPunch","champ:ShieldSigil"],"picked":"champ:FaceSlap","floor":11.0},{"not_picked":["champ:BladeFlurry","champ:PreciseThrust"],"picked":"champ:Encircle","floor":13.0},{"not_picked":["champ:PerfectedStrike","champ:IgnorePain","champ:EnGarde"],"picked":"SKIP","floor":14.0},{"not_picked":["champ:Lariat","champ:EndlessRage"],"picked":"champ:ViciousMockery","floor":15},{"not_picked":["champ:IgnorePain","champ:DancingMaster"],"picked":"champ:SwordThrow","floor":16},{"not_picked":["champ:RapidStrikes"],"picked":"SKIP","floor":19},{"not_picked":["champ:BladeFlurry"],"picked":"SKIP","floor":20},{"not_picked":[],"picked":"champ:BringItOn","floor":21},{"not_picked":[],"picked":"champ:FanOfKnives","floor":25},{"not_picked":["champ:FancyFootwork"],"picked":"SKIP","floor":29},{"not_picked":["champ:Backstep"],"picked":"SKIP","floor":30},{"not_picked":[],"picked":"champ:AdrenalArmor","floor":31},{"not_picked":["champ:EnGarde"],"picked":"SKIP","floor":32}],"player_experience":1229221,"relics_obtained":[{"floor":1.0,"key":"Eternal Feather"},{"floor":6.0,"key":"Centennial Puzzle"},{"floor":7.0,"key":"CeramicFish"},{"floor":9.0,"key":"War Paint"},{"floor":10.0,"key":"Regal Pillow"},{"floor":12.0,"key":"Shuriken"},{"floor":13.0,"key":"Unceasing Top"},{"floor":18,"key":"Mercury Hourglass"},{"floor":23,"key":"champ:DefensiveTrainingManual"},{"floor":24,"key":"Oddly Smooth Stone"},{"floor":26,"key":"Kunai"},{"floor":27,"key":"Nilry\u0027s Codex"},{"floor":28,"key":"Dead Branch"},{"floor":31,"key":"Blood Vial"}],"event_choices":[{"cards_removed":["champ:Defend"],"damage_healed":0.0,"max_hp_gain":0.0,"max_hp_loss":0.0,"gold_gain":0.0,"event_name":"The Cleric","player_choice":"Card Removal","floor":3.0,"gold_loss":0.0,"damage_taken":0.0}],"is_beta":false,"boss_relics":[{"not_picked":["Pandora\u0027s Box","Runic Dome"],"picked":"Busted Crown"}],"items_purged_floors":[20],"is_endless":false,"potions_floor_spawned":[2,4,14,21,30,31,32],"killed_by":"DF_ARCHETYPE_CLAW","ascension_level":1}}