{"host":"00f1p9ihhzi7hxfk","time":1611573175,"event":{"mods":["AchievementEnabler","BaseMod","Colored Map","Colored Powertips","Minty Spire (QoL Compilation)","Rare Cards Sparkle","Relic Stats"],"gold_per_floor":[363,379,392,667,687,687,698,698,778,798,798,798,810,827,827,827,827],"floor_reached":16,"language":"DEU","playtime":955,"items_purged":[],"score":96,"play_id":"feeed46e-fef3-42f2-9fce-6792776efb71","local_time":"20210125121255","is_ascension_mode":false,"campfire_choices":[{"floor":6,"key":"REST"},{"floor":11,"key":"REST"},{"floor":15,"key":"REST"}],"circlet_count":0,"master_deck":["Strike_R","Strike_R","Strike_R","Strike_R","Defend_R","Defend_R","Defend_R","Defend_R","Bash","Heavy Blade","True Grit","Shrug It Off","Whirlwind","Inflame"],"relics":["Burning Blood","Eternal Feather"],"acts_visited":["Exordium"],"potions_floor_usage":[],"damage_taken":[{"damage":22,"enemies":"Jaw Worm","floor":1,"turns":6},{"damage":1,"enemies":"Cultist","floor":2,"turns":3},{"damage":0,"enemies":"2 Louse","floor":3,"turns":2},{"damage":36,"enemies":"Gremlin Gang","floor":5,"turns":13},{"damage":13,"enemies":"Looter","floor":7,"turns":4},{"damage":29,"enemies":"Lots of Slimes","floor":10,"turns":8},{"damage":6,"enemies":"3 Louse","floor":13,"turns":3},{"damage":7,"enemies":"Blue Slaver","floor":14,"turns":7},{"damage":86,"enemies":"The Guardian","floor":16,"turns":13}],"seed_played":"-5045614652817126361","potions_obtained":[{"floor":5,"key":"GamblersBrew"},{"floor":7,"key":"SkillPotion"},{"floor":10,"key":"Strength Potion"}],"is_trial":false,"path_per_floor":["M","M","M","?","M","R","M","?","T","M","R","?","M","M","R","B"],"character_chosen":"IRONCLAD","items_purchased":[],"campfire_rested":3,"item_purchase_floors":[],"current_hp_per_floor":[56,61,67,67,37,58,51,51,51,28,55,55,55,54,72,0,0],"gold":827,"neow_bonus":"TWO_FIFTY_GOLD","is_daily":false,"chose_seed":false,"campfire_upgraded":0,"win_rate":0.0,"timestamp":1611573175,"path_taken":["M","M","M","?","?","R","M","?","T","?","R","?","M","M","R","BOSS"],"items_purchased_type":[],"build_version":"2020-12-22","purchased_purges":0,"victory":false,"max_hp_per_floor":[72,72,72,72,72,72,72,72,72,72,72,72,72,72,72,72,72],"relic_stats":{"counters":[9,59],"Eternal Feather":12,"obtain_stats":[{"Eternal Feather":9,"Burning Blood":0},{"Eternal Feather":5,"Burning Blood":0},{"Eternal Feather":28,"Burning Blood":0}],"Burning Blood":48},"card_choices":[{"not_picked":["Clothesline","Warcry"],"picked":"Heavy Blade","floor":1},{"not_picked":["Intimidate","Bloodletting"],"picked":"True Grit","floor":2},{"not_picked":["Fire Breathing","Body Slam"],"picked":"Shrug It Off","floor":3},{"not_picked":["Evolve","Twin Strike"],"picked":"Whirlwind","floor":5},{"not_picked":["Perfected Strike","Wild Strike","Shrug It Off"],"picked":"SKIP","floor":7},{"not_picked":["Perfected Strike","Wild Strike","Hemokinesis"],"picked":"SKIP","floor":10},{"not_picked":["Perfected Strike","Shrug It Off","Berserk"],"picked":"SKIP","floor":13},{"not_picked":["Clothesline","Shrug It Off"],"picked":"Inflame","floor":14}],"player_experience":80949,"relics_obtained":[{"floor":9,"key":"Eternal Feather"}],"event_choices":[{"damage_healed":0,"gold_gain":275,"player_choice":"Desecrate","damage_taken":0,"max_hp_gain":0,"max_hp_loss":0,"event_name":"Golden Shrine","floor":4,"gold_loss":0,"cards_obtained":["Regret"]},{"cards_removed":["Strike_R"],"damage_healed":0,"gold_gain":0,"player_choice":"Purged","damage_taken":0,"max_hp_gain":0,"max_hp_loss":0,"event_name":"Purifier","floor":8,"gold_loss":0},{"cards_removed":["Regret"],"damage_healed":0,"gold_gain":0,"player_choice":"Removed Curses","damage_taken":0,"max_hp_gain":0,"max_hp_loss":0,"event_name":"Fountain of Cleansing","floor":12,"gold_loss":0}],"is_beta":false,"boss_relics":[],"items_purged_floors":[],"is_endless":false,"potions_floor_spawned":[5,7,10],"killed_by":"The Guardian","ascension_level":0}}