{"host":"1tl36azeqm6yhdgj","time":1611597954,"event":{"mods":["AchievementEnabler","BaseMod","Minty Spire (QoL Compilation)","StSLib","The IronCluck","everything is the same but u backflip on backflip"],"gold_per_floor":[118,268,288,302,315,342,342,617,617,29,48,64,74,74,74],"floor_reached":14,"language":"ENG","playtime":348,"items_purged":["Regret"],"score":188,"play_id":"a2a8baeb-dc80-4c57-a865-8c7d359fb53f","local_time":"20210125130554","is_ascension_mode":true,"campfire_choices":[{"data":"Bash","floor":7.0,"key":"SMITH"}],"circlet_count":0,"master_deck":["AscendersBane","Strike_R","Strike_R","Strike_R","Strike_R+1","Strike_R+1","Defend_R","Defend_R","Defend_R","Defend_R","Bash+1","Anger","Doubt","Dropkick","Flex","Barricade","Spot Weakness","Carnage"],"relics":["Burning Blood","NeowsBlessing","Whetstone","Pantograph","Eternal Feather","Toy Ornithopter"],"acts_visited":["Exordium"],"potions_floor_usage":[14],"damage_taken":[{"damage":0.0,"enemies":"Small Slimes","floor":1.0,"turns":2.0},{"damage":0.0,"enemies":"Jaw Worm","floor":3.0,"turns":1.0},{"damage":0.0,"enemies":"Cultist","floor":4.0,"turns":1.0},{"damage":20.0,"enemies":"Gremlin Gang","floor":5.0,"turns":7.0},{"damage":30.0,"enemies":"Lagavulin","floor":6.0,"turns":5.0},{"damage":30.0,"enemies":"Exordium Thugs","floor":11.0,"turns":5.0},{"damage":6.0,"enemies":"Large Slime","floor":12.0,"turns":6.0},{"damage":11.0,"enemies":"Blue Slaver","floor":13.0,"turns":3.0},{"damage":45,"enemies":"3 Sentries","floor":14,"turns":5}],"seed_played":"-7372400093762883196","potions_obtained":[{"floor":1.0,"key":"LiquidMemories"},{"floor":5.0,"key":"EntropicBrew"},{"floor":11.0,"key":"HeartOfIron"},{"floor":12.0,"key":"LiquidMemories"},{"floor":13.0,"key":"BloodPotion"}],"is_trial":false,"path_per_floor":["M","?","M","M","M","E","R","?","T","$","M","M","M","E"],"character_chosen":"IRONCLAD","items_purchased":["Eternal Feather","Toy Ornithopter","BlessingOfTheForge"],"campfire_rested":0,"item_purchase_floors":[10,10,10],"current_hp_per_floor":[74,74,75,75,61,37,37,37,37,37,13,23,23,0,0],"gold":74,"neow_bonus":"THREE_ENEMY_KILL","is_daily":false,"chose_seed":false,"campfire_upgraded":1,"win_rate":0.0,"timestamp":1611597954,"path_taken":["M","?","M","M","M","E","R","?","T","$","M","M","M","E"],"items_purchased_type":["Relic","Relic","Potion"],"build_version":"2020-12-22","purchased_purges":1,"victory":false,"max_hp_per_floor":[75,75,75,75,75,75,75,75,75,75,75,75,75,75,75],"card_choices":[{"not_picked":["Rupture","Warcry"],"picked":"Anger","floor":1.0},{"not_picked":["Combust","Sword Boomerang","Warcry"],"picked":"SKIP","floor":3.0},{"not_picked":["Rupture","Pommel Strike"],"picked":"Dropkick","floor":4.0},{"not_picked":["Sword Boomerang","Blood for Blood"],"picked":"Flex","floor":5.0},{"not_picked":["Combust","Wild Strike","Rupture"],"picked":"SKIP","floor":6.0},{"not_picked":["Whirlwind","Flex"],"picked":"Barricade","floor":11.0},{"not_picked":["Twin Strike","Havoc"],"picked":"Spot Weakness","floor":12.0},{"not_picked":["Searing Blow","Pummel"],"picked":"Carnage","floor":13.0}],"player_experience":2051176,"relics_obtained":[{"floor":6.0,"key":"Whetstone"},{"floor":9.0,"key":"Pantograph"}],"event_choices":[{"damage_healed":0.0,"max_hp_gain":0.0,"max_hp_loss":0.0,"gold_gain":150.0,"event_name":"Liars Game","player_choice":"AGREE","floor":2.0,"gold_loss":0.0,"damage_taken":0.0,"cards_obtained":["Doubt"]},{"damage_healed":0.0,"max_hp_gain":0.0,"max_hp_loss":0.0,"gold_gain":275.0,"event_name":"Golden Shrine","player_choice":"Desecrate","floor":8.0,"gold_loss":0.0,"damage_taken":0.0,"cards_obtained":["Regret"]}],"is_beta":false,"boss_relics":[],"items_purged_floors":[10],"is_endless":false,"potions_floor_spawned":[1,5,11,12,13],"killed_by":"3 Sentries","ascension_level":20}}