{"host":"r3eb5kff0hcmimdq","time":1611546762,"event":{"mods":["100% Spire Juice","ATMod(°¢èªMod)","BaseMod","Colored Powertips","Conspire","Dota2Spire","Highlight Path","Luminous","Minty Spire (QoL Compilation)","MostiFishMod","Quick Restart","Reimu£¨²©ÀöÁéÃÎ£©","Relic Filter","Relic Filter Mod","Replay The Spire","Robot Space Explorer","RyuuouÁúÍõ","Shop Mod","Spicy Shops","StSLib","TestMod","The Jungle","The Mystic","The Senshi","¡¾ÒÅÎï¿¨ÅÆ¡¿REMEMod","óô»ðÖ¸ÄÏ"],"gold_per_floor":[113,113,113,127,147,177,177,502,502,502,581,594,674,203,331,231,86,291,291,303,323,343,359,117,80,80,80,110,208,208,62,175,12,44,44,22,315,315,315,33,50,62,44,268,53,224,296,56,6,6,103,116,6,204],"floor_reached":55,"language":"ZHS","playtime":3127,"items_purged":["Delirium","theSenshi:SailorBlock","theSenshi:SailorKick","theSenshi:SailorBlock","theSenshi:SailorBlock","theSenshi:SailorKick","theSenshi:SailorKick","Shame","HalloweenModTrick","Parasite","theSenshi:RoseThrow","MostiFishMod:NewArrival","Clumsy"],"score":1277,"play_id":"62403862-7285-4603-9ddf-09a89c8b1b8c","local_time":"20210125115242","is_ascension_mode":true,"campfire_choices":[{"data":"HalloweenModTrick","floor":7.0,"key":"SMITH"}],"circlet_count":0,"master_deck":["theSenshi:SailorKick","theSenshi:SailorBlock","theSenshi:MoonPrismPowerMakeUp+1","AT_FamilyPortrait+1","HalloweenModTrick+1","HalloweenModCandy+1","HalloweenModGhostCostume+1","MostiFishMod:TheLastGuard+1","REME_PuzzleBox+1","theSenshi:NeptunesGrace+1","theSenshi:MoonCosmicPowerMakeUp+1","HalloweenModTrick+1","theSenshi:MoonCrystalPowerMakeUp+1","theSenshi:MercurysCunning+1","REME_PuzzleBox+1","theSenshi:SailorStarFighterAssists+1","theSenshi:LunaSensingAllies+1","theSenshi:StudyParty+1"],"relics":["theSenshi:TransformationBroochRelic","DaveBox","REME_ComplimentaryCards","AT_ATBox","testmod-TestBox","PatriotShield","HalloweenModHalloween","Blue Candle","NeowsBlessing","SynthV:TestCard","Toxic Egg 2","AT_TheCollector","Dota2Spire:DivineRapier","Shuriken","MerchantsRug","Dota2Spire:AssaultCuirass","SynthV","testmod-IndustrialRevolution","REME_OnlineShoppingPlatform","Blue Doll","AT_ChloranthyRing","testmod-MagicalMallet","Ornamental Fan","Transparent","BargainBundle","Quantum Egg","testmod-Charity","Turnip","BrkXgEgg","Mercury Hourglass","AT_EbonyIvory","Frozen Egg 2","CrazyTorch:ReiMu","conspire:TreasureMap","Civilization","theSenshi:CosmicHeartCompactRelic","Mummified Hand","Replay:Baseball","Technique","ChiLing","Chi","Ling","AT_SpeedBoots","testmod-CyclicPeriapt","Calipers","Chemical X","Pen Nib","Dota2Spire:LinkenSphere","RhineSuit","theSenshi:HolyGrailRelic","Membership Card","theSenshi:ChokerRelic","theSenshi:CrisisMoonCompactRelic","WingedGreaves","Counterbalance","Dodecahedron","Dota2Spire:Dagon","Dota2Spire:EchoSabre","Simple Rune","testmod-Antiphasic","AT_SilvercatRing","AT_SunfireAegis","Sling","theSenshi:RedHairPiecesRelic","Dota2Spire:ShadowBlade","theSenshi:SailorFukuRelic","Ginger","Strange Spoon","SynthV:C4","Oddly Smooth Stone","theSenshi:EternalTiareRelic","HandDrill","conspire:Boomerang","DaCapo","Guide Book","testmod-ThousandKnives","MostiFishMod:AdaptiveDefenses","AT_ArchangelStaff","REME_CardOfGreed","AT_ImmortalShieldbow","TentaclePot:ReiMu","Dota2Spire:MonkeyKingBar","conspire:DeflatedDodgeball","MetatronsCube"],"acts_visited":["Exordium","TheCity","TheBeyond"],"potions_floor_usage":[],"damage_taken":[{"damage":0.0,"enemies":"Cultist","floor":1.0,"turns":1.0},{"damage":0.0,"enemies":"2 Louse","floor":4.0,"turns":1.0},{"damage":0.0,"enemies":"Small Slimes","floor":5.0,"turns":2.0},{"damage":0.0,"enemies":"Gremlin Nob","floor":6.0,"turns":3.0},{"damage":0.0,"enemies":"3 Sentries","floor":8.0,"turns":3.0},{"damage":0.0,"enemies":"Blue Slaver","floor":12.0,"turns":1.0},{"damage":0.0,"enemies":"Gremlin Nob","floor":15.0,"turns":2.0},{"damage":0.0,"enemies":"Slime Boss","floor":18.0,"turns":1.0},{"damage":7.0,"enemies":"2 Thieves","floor":20.0,"turns":1.0},{"damage":7.0,"enemies":"Spheric Guardian","floor":21.0,"turns":1.0},{"damage":7.0,"enemies":"3 Cultists","floor":22.0,"turns":1.0},{"damage":7.0,"enemies":"Chosen and Byrds","floor":23.0,"turns":1.0},{"damage":14.0,"enemies":"conspire:Head Lice","floor":28.0,"turns":1.0},{"damage":19.0,"enemies":"Sentry and Sphere","floor":32.0,"turns":1.0},{"damage":31.0,"enemies":"REME_1_Revenger","floor":34.0,"turns":1.0},{"damage":65.0,"enemies":"Pondfish","floor":37.0,"turns":2.0},{"damage":35.0,"enemies":"3 Darklings","floor":39.0,"turns":1.0},{"damage":39.0,"enemies":"3 Shapes","floor":41.0,"turns":1.0},{"damage":41.0,"enemies":"Sphere and 2 Shapes","floor":42.0,"turns":1.0},{"damage":55.0,"enemies":"R_Hoarder","floor":52.0,"turns":1.0},{"damage":59,"enemies":"Awakened One","floor":54,"turns":1}],"seed_played":"-8078242771426863561","potions_obtained":[{"floor":1.0,"key":"SpeedPotion"},{"floor":4.0,"key":"Cursed Concoction"},{"floor":5.0,"key":"Fire Potion"}],"is_trial":false,"path_per_floor":["M","?","?","M","M","E","R","E","PTL","PTL","T","M","?","$","E","$","R","B",null,"M","M","M","M","$","R","PTL","PTL","E","?","T","R","M","R","E","?","R","B",null,"M","R","M","M","$","R","R","$","T","R","R","?","R","E","R","B",null],"character_chosen":"THE_SENSHI","items_purchased":["MerchantsRug","Dota2Spire:AssaultCuirass","SynthV","REME_OnlineShoppingPlatform","Blue Doll","AT_ChloranthyRing","testmod-MagicalMallet","Ornamental Fan","BargainBundle","Quantum Egg","testmod-Charity","Turnip","MostiFishMod:TheLastGuard+1","BrkXgEgg","REME_PuzzleBox+1","Mercury Hourglass","AT_EbonyIvory","conspire:TreasureMap","theSenshi:NeptunesGrace","Civilization","theSenshi:CosmicHeartCompactRelic","theSenshi:MoonCosmicPowerMakeUp+1","Mummified Hand","Replay:Baseball","theSenshi:MoonCrystalPowerMakeUp+1","Technique","ChiLing","AT_SpeedBoots","testmod-CyclicPeriapt","Calipers","Girya","Chemical X","Pen Nib","Dota2Spire:LinkenSphere","theSenshi:HolyGrailRelic","Membership Card","theSenshi:ChokerRelic","theSenshi:CrisisMoonCompactRelic","WingedGreaves","Counterbalance","Dodecahedron","Dota2Spire:Dagon","Dota2Spire:EchoSabre","War Paint","Simple Rune","theSenshi:MercurysCunning","testmod-Antiphasic","AT_SilvercatRing","AT_SunfireAegis","Sling","theSenshi:RedHairPiecesRelic","Dota2Spire:ShadowBlade","theSenshi:SailorFukuRelic","Ginger","Strange Spoon","SynthV:C4","Oddly Smooth Stone","DollysMirror","theSenshi:EternalTiareRelic","theSenshi:SailorStarFighterAssists+1","Lee\u0027s Waffle","HandDrill","conspire:Boomerang","DaCapo","Guide Book","testmod-ThousandKnives","conspire:GiftBox","MostiFishMod:AdaptiveDefenses","AT_ArchangelStaff","REME_CardOfGreed","AT_ImmortalShieldbow","TentaclePot:ReiMu","Dota2Spire:MonkeyKingBar","conspire:DeflatedDodgeball","MetatronsCube"],"campfire_rested":0,"item_purchase_floors":[14,14,14,17,17,17,17,17,24,24,24,24,24,25,25,25,25,31,31,31,31,31,31,33,33,33,33,33,33,33,36,36,36,36,40,40,40,40,40,43,43,43,44,44,44,44,45,45,45,45,45,46,46,46,46,48,48,48,48,48,49,49,49,49,51,51,51,52,52,52,53,53,53,53,53],"current_hp_per_floor":[75,68,65,65,69,69,69,73,73,73,73,73,73,73,75,75,75,75,75,75,75,75,75,97,145,145,145,146,147,147,193,197,278,282,282,314,322,322,327,362,368,374,421,445,454,472,473,487,513,513,533,545,583,590],"gold":204,"neow_bonus":"THREE_ENEMY_KILL","is_daily":false,"chose_seed":false,"campfire_upgraded":1,"win_rate":0.0,"timestamp":1611546762,"path_taken":["M","?","?","M","M","E","R","E","PTL","PTL","T","M","?","$","E","?","R","BOSS","M","M","?","M","?","R","PTL","PTL","E","?","T","R","M","R","E","?","R","BOSS","M","$","M","M","$","R","R","$","T","R","R","?","R","E","R","BOSS"],"items_purchased_type":["Relic","Relic","Relic","Relic","Relic","Relic","Relic","Relic","Relic","Relic","Relic","Relic","Card","Relic","Card","Relic","Relic","Relic","Card","Relic","Relic","Card","Relic","Relic","Card","Relic","Relic","Relic","Relic","Relic","Relic","Relic","Relic","Relic","Relic","Relic","Relic","Relic","Relic","Relic","Relic","Relic","Relic","Relic","Relic","Card","Relic","Relic","Relic","Relic","Relic","Relic","Relic","Relic","Relic","Relic","Relic","Relic","Relic","Card","Relic","Relic","Relic","Relic","Relic","Relic","Relic","Relic","Relic","Relic","Relic","Relic","Relic","Relic","Relic"],"build_version":"2020-12-22","purchased_purges":13,"victory":true,"max_hp_per_floor":[75,75,75,75,75,75,75,75,75,75,75,75,75,75,75,75,75,75,75,75,75,75,75,97,145,145,145,146,147,147,193,197,278,282,282,314,322,322,327,362,368,374,421,445,454,472,473,487,513,513,533,545,583,590],"card_choices":[{"not_picked":["HalloweenModGhostCostume","HalloweenModCandy"],"picked":"HalloweenModTrick","floor":1.0},{"not_picked":["HalloweenModGhostCostume","HalloweenModTrick","HalloweenModGhostCostume","HalloweenModTrick"],"picked":"HalloweenModCandy+1","floor":4.0},{"not_picked":["HalloweenModTrick","HalloweenModCandy+1","HalloweenModTrick","HalloweenModCandy+1"],"picked":"HalloweenModGhostCostume","floor":5.0},{"not_picked":["HalloweenModCandy+1","HalloweenModGhostCostume","HalloweenModTrick","HalloweenModTrick","HalloweenModGhostCostume"],"picked":"SKIP","floor":6.0},{"not_picked":["HalloweenModGhostCostume","HalloweenModTrick","HalloweenModCandy+1","HalloweenModTrick","HalloweenModGhostCostume"],"picked":"SKIP","floor":8.0},{"not_picked":["HalloweenModGhostCostume","HalloweenModCandy+1","HalloweenModGhostCostume","HalloweenModGhostCostume"],"picked":"HalloweenModTrick","floor":12.0},{"not_picked":["HalloweenModTrick","HalloweenModGhostCostume","HalloweenModCandy+1","HalloweenModCandy+1","HalloweenModCandy+1"],"picked":"SKIP","floor":15.0},{"not_picked":["HalloweenModGhostCostume+1","HalloweenModCandy+1","HalloweenModTrick","HalloweenModCandy+1","HalloweenModCandy+1"],"picked":"SKIP","floor":20.0},{"not_picked":["HalloweenModTrick","HalloweenModGhostCostume","HalloweenModCandy+1","HalloweenModGhostCostume","HalloweenModTrick"],"picked":"SKIP","floor":21.0},{"not_picked":["HalloweenModTrick+1","HalloweenModCandy+1","HalloweenModGhostCostume+1","HalloweenModCandy+1","HalloweenModGhostCostume"],"picked":"SKIP","floor":22.0},{"not_picked":["HalloweenModCandy+1","HalloweenModGhostCostume+1","HalloweenModTrick","HalloweenModCandy+1","HalloweenModGhostCostume"],"picked":"SKIP","floor":23.0},{"not_picked":["HalloweenModGhostCostume+1","HalloweenModTrick","HalloweenModCandy+1","HalloweenModTrick","HalloweenModTrick"],"picked":"SKIP","floor":28.0},{"not_picked":["HalloweenModTrick","HalloweenModGhostCostume+1","HalloweenModCandy+1","HalloweenModTrick"],"picked":"HalloweenModTrick+1","floor":32.0},{"not_picked":["HalloweenModCandy+1","HalloweenModGhostCostume+1","HalloweenModTrick","HalloweenModGhostCostume+1","HalloweenModGhostCostume+1"],"picked":"SKIP","floor":34.0},{"not_picked":["HalloweenModCandy+1","HalloweenModGhostCostume+1","HalloweenModTrick","HalloweenModGhostCostume+1","HalloweenModTrick+1"],"picked":"SKIP","floor":41.0},{"not_picked":["HalloweenModTrick+1","HalloweenModGhostCostume+1","HalloweenModCandy+1","HalloweenModTrick","HalloweenModGhostCostume+1"],"picked":"SKIP","floor":42.0},{"not_picked":["theSenshi:InTheNameOfTheMoon+1","theSenshi:SailorStarHealerAssists+1"],"picked":"theSenshi:StudyParty+1","floor":51.0}],"player_experience":172130,"relics_obtained":[{"floor":1.0,"key":"SynthV:TestCard"},{"floor":6.0,"key":"AT_TheCollector"},{"floor":8.0,"key":"Dota2Spire:DivineRapier"},{"floor":11.0,"key":"Shuriken"},{"floor":15.0,"key":"testmod-IndustrialRevolution"},{"floor":28.0,"key":"Frozen Egg 2"},{"floor":30.0,"key":"CrazyTorch:ReiMu"},{"floor":34.0,"key":"Dota2Spire:CrimsonGuard"}],"event_choices":[{"damage_healed":0.0,"max_hp_gain":0.0,"max_hp_loss":0.0,"gold_gain":0.0,"event_name":"¶÷ÂåË¹µÄÅÌ×Ó","player_choice":"Ignored","floor":2.0,"gold_loss":0.0,"damage_taken":7.0},{"damage_healed":0.0,"max_hp_gain":0.0,"max_hp_loss":0.0,"gold_gain":0.0,"event_name":"Scrap Ooze","player_choice":"Success","floor":3.0,"gold_loss":0.0,"damage_taken":3.0,"relics_obtained":["Toxic Egg 2"]},{"damage_healed":0.0,"max_hp_gain":0.0,"max_hp_loss":0.0,"gold_gain":99.0,"event_name":"Nest","player_choice":"Stole From Cult","floor":29.0,"gold_loss":0.0,"damage_taken":0.0},{"damage_healed":0.0,"max_hp_gain":0.0,"max_hp_loss":0.0,"gold_gain":0.0,"event_name":"Match and Keep!","player_choice":"0 cards matched","floor":35.0,"gold_loss":0.0,"damage_taken":0.0,"cards_obtained":[]},{"damage_healed":0.0,"max_hp_gain":0.0,"max_hp_loss":0.0,"gold_gain":0.0,"event_name":"Match and Keep!","player_choice":"1 cards matched","floor":50.0,"gold_loss":0.0,"damage_taken":0.0,"cards_obtained":["theSenshi:LunaSensingAllies"]}],"is_beta":false,"boss_relics":[{"not_picked":["conspire:SlowCooker","REME_DuelDisc"],"picked":"Transparent"},{"not_picked":["Replay:Bronze Core","FrostBlade"],"picked":"RhineSuit"}],"items_purged_floors":[14,16,17,17,24,25,31,33,33,40,40,43,48],"is_endless":false,"potions_floor_spawned":[1,4,5,18,22,32,34,41],"ascension_level":1}}