{"host":"15dd7v8o90xso62x","time":1611617011,"event":{"mods":["BaseMod","Minty Spire (QoL Compilation)","Quick Restart","StSLib","SuperFastMode"],"gold_per_floor":[366,39,51,63,75,75,109,109,136,165,183,183,183,195,195,269,269,286,305,320,336,95,95,112,142,142,142,142,57,57,1,1,1,1],"floor_reached":33,"language":"KOR","playtime":976,"items_purged":["Strike_G"],"score":654,"play_id":"6ef47db3-1f76-40b5-9c85-02a97da1bbfb","local_time":"20210126082331","is_ascension_mode":true,"campfire_choices":[{"data":"Blade Dance","floor":6.0,"key":"SMITH"},{"data":"Glass Knife","floor":8.0,"key":"SMITH"},{"data":"Cloak And Dagger","floor":12.0,"key":"SMITH"},{"data":"Cloak And Dagger","floor":15.0,"key":"SMITH"},{"data":"Neutralize","floor":23.0,"key":"SMITH"},{"floor":30,"key":"REST"},{"data":"Terror","floor":32,"key":"SMITH"}],"circlet_count":0,"master_deck":["AscendersBane","Strike_G","Strike_G","Strike_G","Strike_G","Defend_G","Defend_G","Defend_G","Defend_G","Defend_G","Survivor","Neutralize+1","Cloak And Dagger+1","Blade Dance+1","Caltrops+1","Accuracy+1","Glass Knife+1","Cloak And Dagger+1","Deflect","Backflip","Acrobatics","Dodge and Roll+1","Well Laid Plans+1","Corpse Explosion","Footwork+1","Terror+1"],"relics":["Ring of the Snake","Frozen Egg 2","Ancient Tea Set","Toy Ornithopter","Happy Flower","WristBlade","Anchor","Juzu Bracelet","Matryoshka","Unceasing Top"],"acts_visited":["Exordium","TheCity"],"potions_floor_usage":[],"damage_taken":[{"damage":9.0,"enemies":"Cultist","floor":1.0,"turns":4.0},{"damage":7.0,"enemies":"Small Slimes","floor":3.0,"turns":3.0},{"damage":1.0,"enemies":"2 Louse","floor":4.0,"turns":3.0},{"damage":1.0,"enemies":"Large Slime","floor":5.0,"turns":4.0},{"damage":15.0,"enemies":"Lagavulin","floor":7.0,"turns":7.0},{"damage":9.0,"enemies":"3 Sentries","floor":10.0,"turns":5.0},{"damage":3.0,"enemies":"Gremlin Gang","floor":11.0,"turns":3.0},{"damage":14.0,"enemies":"2 Fungi Beasts","floor":14.0,"turns":3.0},{"damage":0.0,"enemies":"Slime Boss","floor":16.0,"turns":5.0},{"damage":2.0,"enemies":"3 Byrds","floor":18.0,"turns":3.0},{"damage":0.0,"enemies":"Chosen","floor":19.0,"turns":2.0},{"damage":8.0,"enemies":"Centurion and Healer","floor":20.0,"turns":4.0},{"damage":31.0,"enemies":"Snake Plant","floor":21.0,"turns":3.0},{"damage":7.0,"enemies":"Snecko","floor":24.0,"turns":4.0},{"damage":26.0,"enemies":"Slavers","floor":25.0,"turns":3.0},{"damage":51,"enemies":"Champ","floor":33,"turns":7}],"seed_played":"7934710769704113949","potions_obtained":[{"floor":4.0,"key":"Regen Potion"},{"floor":5.0,"key":"Poison Potion"},{"floor":7.0,"key":"LiquidMemories"},{"floor":10.0,"key":"LiquidBronze"},{"floor":18.0,"key":"Regen Potion"},{"floor":19.0,"key":"SteroidPotion"}],"is_trial":false,"path_per_floor":["M","$","M","M","M","R","E","R","T","E","M","R","?","M","R","B",null,"M","M","M","M","$","R","M","E","T","?","?","?","R","?","R","B"],"character_chosen":"THE_SILENT","items_purchased":["Blade Dance","Frozen Egg 2","Well Laid Plans+1","Corpse Explosion"],"campfire_rested":1,"item_purchase_floors":[2,2,22,22],"current_hp_per_floor":[35,35,28,27,26,26,26,26,26,17,24,24,66,52,52,52,63,61,61,53,36,36,36,29,3,3,3,16,16,35,35,35,0,0],"gold":1,"neow_bonus":"TWO_FIFTY_GOLD","is_daily":false,"chose_seed":false,"campfire_upgraded":6,"win_rate":0.0,"timestamp":1611617011,"path_taken":["M","$","M","M","M","R","E","R","T","E","M","R","?","M","R","BOSS","M","M","M","M","$","R","M","E","T","?","?","?","R","?","R","BOSS"],"items_purchased_type":["Card","Relic","Card","Card"],"build_version":"2020-12-22","purchased_purges":1,"victory":false,"max_hp_per_floor":[66,66,66,66,66,66,66,66,66,66,66,66,66,66,66,66,66,66,66,66,66,66,66,66,66,66,66,66,66,66,66,66,66,66],"card_choices":[{"not_picked":["Escape Plan","Slice"],"picked":"Cloak And Dagger","floor":1.0},{"not_picked":["Eviscerate","Underhanded Strike"],"picked":"Caltrops+1","floor":3.0},{"not_picked":["Deadly Poison","Outmaneuver"],"picked":"Accuracy+1","floor":4.0},{"not_picked":["All Out Attack","Eviscerate","Riddle With Holes"],"picked":"SKIP","floor":5.0},{"not_picked":["Bane","Slice"],"picked":"Glass Knife","floor":7.0},{"not_picked":["Poisoned Stab","Outmaneuver"],"picked":"Noxious Fumes+1","floor":10.0},{"not_picked":["Flying Knee","Dagger Throw","Prepared"],"picked":"SKIP","floor":11.0},{"not_picked":["PiercingWail","Poisoned Stab"],"picked":"Cloak And Dagger","floor":14.0},{"not_picked":["Outmaneuver","Bane"],"picked":"Deflect","floor":18.0},{"not_picked":["Flechettes+1","Leg Sweep"],"picked":"Backflip","floor":19.0},{"not_picked":["Setup+1","Underhanded Strike"],"picked":"Acrobatics","floor":20.0},{"not_picked":["Reflex","Outmaneuver"],"picked":"Dodge and Roll+1","floor":21.0},{"not_picked":["Flying Knee+1","Deflect"],"picked":"Footwork+1","floor":24.0},{"not_picked":["Deflect","Envenom+1"],"picked":"Terror","floor":25.0}],"player_experience":884124,"relics_obtained":[{"floor":7.0,"key":"Ancient Tea Set"},{"floor":9.0,"key":"Toy Ornithopter"},{"floor":10.0,"key":"Happy Flower"},{"floor":25.0,"key":"Anchor"},{"floor":26.0,"key":"Juzu Bracelet"}],"event_choices":[{"cards_removed":["Noxious Fumes"],"damage_healed":42.0,"max_hp_gain":0.0,"max_hp_loss":0.0,"gold_gain":0.0,"event_name":"Bonfire Elementals","player_choice":"Offered Uncommon","floor":13.0,"gold_loss":0.0,"damage_taken":0.0},{"damage_healed":0.0,"max_hp_gain":0.0,"max_hp_loss":0.0,"gold_gain":0.0,"event_name":"Vampires","player_choice":"Ignored","floor":27.0,"gold_loss":0.0,"damage_taken":0.0},{"damage_healed":13,"gold_gain":0,"player_choice":"Heal","damage_taken":0,"max_hp_gain":0,"max_hp_loss":0,"event_name":"The Library","floor":28,"gold_loss":0},{"damage_healed":0,"gold_gain":0,"player_choice":"Obtained Relic","damage_taken":0,"relics_obtained":["Matryoshka"],"max_hp_gain":0,"max_hp_loss":0,"event_name":"Addict","floor":29,"gold_loss":85},{"damage_healed":0,"gold_gain":0,"player_choice":"Paid Gold","damage_taken":0,"relics_obtained":["Unceasing Top"],"max_hp_gain":0,"max_hp_loss":0,"event_name":"WeMeetAgain","floor":31,"gold_loss":56}],"is_beta":false,"boss_relics":[{"not_picked":["Ectoplasm","Busted Crown"],"picked":"WristBlade"}],"items_purged_floors":[22],"is_endless":false,"potions_floor_spawned":[4,5,7,10,18,19],"killed_by":"Champ","ascension_level":20}}