{"host":"kzdd4m4bvg6y0ylx","time":1611587280,"event":{"mods":["AchievementEnabler","Aspiration","BaseMod","Colored Powertips","FoggyMod","Grow up Mod","Ironclad Rager","Minty Spire (QoL Compilation)","Remove Card Discount Mod","Replay The Spire","RumiaBox-露米娅的神秘盒子","Shop Mod","StSLib","SuperFastMode","TestMod","UnlockEverythingMod","[JumpMod]舞动尖塔","【功能Mod】混沌之环修复补丁"],"gold_per_floor":[117,517,517,667,667,667,700,700,727,782,807,855,855,855,939,1098,1098,995,995,548,603,603,664,664,692,717,552,552,552,635,661,661,721,721],"floor_reached":33,"language":"ZHS","playtime":1599,"items_purged":["ICR:DragonStrike","ICR:DragonStrike","ICR:DragonStrike","Doubt","Languid","ICR:CraneWing","ICR:CraneWing","ICR:CraneWing","ICR:CraneWing"],"score":765,"play_id":"80c24e1f-4496-48c9-b76f-3509132a8f24","local_time":"20210125230800","is_ascension_mode":true,"campfire_choices":[{"floor":6.0,"key":"RECALL"},{"data":"Eruption","floor":8.0,"key":"SMITH"},{"data":"DevaForm","floor":24,"key":"SMITH"},{"floor":29,"key":"REST"}],"circlet_count":0,"master_deck":["AscendersBane","Eruption+1","Vigilance+1","ICR:DragonStrike+1","Replay:Battleflow+1","JustLucky","BowlingBash","Tantrum","JustLucky","Halt","DevaForm+1","InnerPeace","EmptyMind","Chaos+1","Delirium","BowlingBash","Heavy Blade"],"relics":["PureWater","HowToJump","testmod-Prudence","Baka2","Akabeko","Replay:Bandana","PreservedInsect","TeardropLocket","Snack Pack","War Paint","MagicDraw2","testmod-TimeTraveler","PrismaticShard","aspiration:Lifesprig","Pear","Red Mask","testmod-CrystalShield","Happy Flower","Bronze Scales","ReplayTheSpireMod:Ring of Exchange","Ring of Panic","testmod-TurbochargingSystem","Art of War"],"acts_visited":["Exordium","TheCity"],"potions_floor_usage":[33,33,33],"damage_taken":[{"damage":4.0,"enemies":"2 Louse","floor":1.0,"turns":3.0},{"damage":19.0,"enemies":"Jaw Worm","floor":5.0,"turns":2.0},{"damage":20.0,"enemies":"Gremlin Nob","floor":7.0,"turns":3.0},{"damage":22.0,"enemies":"3 Sentries","floor":10.0,"turns":3.0},{"damage":0.0,"enemies":"Cultist","floor":11.0,"turns":1.0},{"damage":0.0,"enemies":"Gremlin Nob","floor":12.0,"turns":1.0},{"damage":89.0,"enemies":"Fading Forest","floor":16.0,"turns":13.0},{"damage":102.0,"enemies":"Chosen","floor":18.0,"turns":8.0},{"damage":0,"enemies":"Masked Bandits","floor":21,"turns":2},{"damage":2,"enemies":"Book of Stabbing","floor":23,"turns":3},{"damage":0,"enemies":"Shell Parasite","floor":25,"turns":1},{"damage":0,"enemies":"Gremlin Leader","floor":30,"turns":3},{"damage":391,"enemies":"Automaton","floor":33,"turns":12}],"seed_played":"-8362820853455956556","potions_obtained":[{"floor":1.0,"key":"Swift Potion"},{"floor":5.0,"key":"BlessingOfTheForge"},{"floor":11.0,"key":"AttackPotion"},{"floor":16.0,"key":"SteroidPotion"},{"floor":21,"key":"Ambrosia"}],"is_trial":false,"path_per_floor":["M","?","?","?","M","R","E","R","T","E","M","E","?","T","R","B",null,"M","?","$","?","T","E","R","M","T","$","?","R","E","T","R","B"],"character_chosen":"WATCHER","items_purchased":["aspiration:Lifesprig","Pear","Bronze Scales"],"campfire_rested":1,"item_purchase_floors":[20,20,27],"current_hp_per_floor":[77,87,97,107,98,108,98,108,118,106,116,126,131,141,151,98,213,123,121,141,155,165,175,185,197,207,217,227,347,363,373,383,0,0],"gold":721,"neow_bonus":"WATCHER_MONK","is_daily":false,"chose_seed":false,"campfire_upgraded":2,"win_rate":0.0,"timestamp":1611587280,"path_taken":["M","?","?","?","?","R","E","R","T","E","?","E","?","?","R","BOSS","M","?","$","?","?","E","R","?","T","$","?","R","E","?","R","BOSS"],"items_purchased_type":["Relic","Relic","Relic"],"build_version":"2020-12-22","purchased_purges":9,"victory":false,"max_hp_per_floor":[88,98,108,118,128,138,148,158,168,178,188,198,208,218,228,238,248,258,268,288,298,308,318,328,338,348,358,368,378,388,398,408,408,408],"card_choices":[{"not_picked":["SignatureMove","Evaluate"],"picked":"Replay:Battleflow","floor":1.0},{"not_picked":["WreathOfFlame","FlurryOfBlows"],"picked":"JustLucky","floor":5.0},{"not_picked":["EmptyMind","Crescendo"],"picked":"BowlingBash","floor":7.0},{"not_picked":["Crescendo","Halt"],"picked":"Tantrum","floor":10.0},{"not_picked":["CutThroughFate","EmptyBody"],"picked":"JustLucky","floor":11.0},{"not_picked":["Wallop","TalkToTheHand"],"picked":"Halt","floor":12.0},{"not_picked":["Brilliance","Replay:AllIn"],"picked":"DevaForm","floor":16.0},{"not_picked":["Replay:Cycle","Replay:ManipulateFuture"],"picked":"InnerPeace","floor":18.0},{"not_picked":["Replay:Anticipation","CutThroughFate"],"picked":"EmptyMind","floor":19.0},{"not_picked":["Run Through","ReplayTheSpireMod:Stacked","ReplayTheSpireMod:Scrap Shanks"],"picked":"SKIP","floor":23},{"not_picked":["ReplaySolidLightProjector","Prepared"],"picked":"Chaos+1","floor":25},{"not_picked":["Eclipse","Uppercut"],"picked":"Heavy Blade","floor":30}],"player_experience":74195,"relics_obtained":[{"floor":1.0,"key":"Baka"},{"floor":5.0,"key":"Baka2"},{"floor":7.0,"key":"Akabeko"},{"floor":9.0,"key":"Replay:Bandana"},{"floor":10.0,"key":"PreservedInsect"},{"floor":12.0,"key":"TeardropLocket"},{"floor":14.0,"key":"War Paint"},{"floor":16.0,"key":"MagicDraw2"},{"floor":19.0,"key":"PrismaticShard"},{"floor":21,"key":"Red Mask"},{"floor":23,"key":"testmod-CrystalShield"},{"floor":26,"key":"Happy Flower"},{"floor":28,"key":"ReplayTheSpireMod:Ring of Exchange"},{"floor":28,"key":"Ring of Panic"},{"floor":30,"key":"testmod-TurbochargingSystem"},{"floor":31,"key":"Art of War"}],"event_choices":[{"damage_healed":0.0,"max_hp_gain":0.0,"max_hp_loss":0.0,"gold_gain":400.0,"event_name":"恩洛斯的盘子","player_choice":"Sell","floor":2.0,"relics_lost":["testmod-TestBox"],"gold_loss":0.0,"damage_taken":0.0},{"damage_healed":0.0,"max_hp_gain":0.0,"max_hp_loss":0.0,"gold_gain":150.0,"event_name":"Liars Game","player_choice":"AGREE","floor":4.0,"gold_loss":0.0,"damage_taken":0.0,"cards_obtained":["Doubt"]},{"damage_healed":0.0,"max_hp_gain":0.0,"max_hp_loss":0.0,"gold_gain":0.0,"event_name":"Scrap Ooze","player_choice":"Success","floor":13.0,"gold_loss":0.0,"damage_taken":5.0,"relics_obtained":["Snack Pack"]},{"damage_healed":0,"gold_gain":0,"player_choice":"Fought Bandits","damage_taken":0,"max_hp_gain":0,"max_hp_loss":0,"event_name":"Masked Bandits","floor":21,"gold_loss":0}],"is_beta":false,"boss_relics":[{"not_picked":["testmod-IncinerationGenerator","testmod-SaigiyounoYou"],"picked":"testmod-TimeTraveler"}],"items_purged_floors":[20,20,20,20,20,20,20,20,20],"is_endless":false,"potions_floor_spawned":[1,5,11,16,21,23],"killed_by":"Automaton","ascension_level":20}}