{"host":"o7j6aatxjwpw1421","time":1611584542,"event":{"mods":["2.2 Compatiblity","AchievementEnabler","BaseMod","Colored Map","DeckTracker","Highlight Path","Keyboard Shortcuts","Minty Spire (QoL Compilation)","Permanent Neow","Quick Restart","StSLib","SuperFastMode","everything is the same but u backflip on backflip"],"gold_per_floor":[115,40,40,40,58,102,102,27,74,74,74,113,13,28,28,121,121,141,160,183,208,98,98,98],"floor_reached":23,"language":"KOR","playtime":580,"items_purged":["Strike_P","Defend_P"],"score":437,"play_id":"68cd7cb3-037f-499e-b9d3-01e5e2c2efb5","local_time":"20210125232222","is_ascension_mode":true,"campfire_choices":[{"data":"EmptyFist","floor":7.0,"key":"SMITH"},{"data":"PathToVictory","floor":10.0,"key":"SMITH"},{"floor":15.0,"key":"REST"}],"circlet_count":0,"master_deck":["AscendersBane","Strike_P+1","Strike_P","Defend_P","Defend_P+1","Eruption+1","Vigilance+1","PathToVictory+1","EmptyFist+1","FlurryOfBlows","EmptyBody","DeceiveReality+1"],"relics":["PureWater","NeowsBlessing","Golden Idol","Boot","Happy Flower","Lantern","SacredBark"],"acts_visited":["Exordium","TheCity"],"potions_floor_usage":[21],"damage_taken":[{"damage":0.0,"enemies":"2 Louse","floor":1.0,"turns":1.0},{"damage":0.0,"enemies":"Jaw Worm","floor":5.0,"turns":1.0},{"damage":0.0,"enemies":"Lagavulin","floor":6.0,"turns":1.0},{"damage":13.0,"enemies":"3 Sentries","floor":12.0,"turns":3.0},{"damage":0.0,"enemies":"Small Slimes","floor":14.0,"turns":2.0},{"damage":16.0,"enemies":"Slime Boss","floor":16.0,"turns":7.0},{"damage":0.0,"enemies":"Shell Parasite","floor":18.0,"turns":2.0},{"damage":11.0,"enemies":"Spheric Guardian","floor":19.0,"turns":3.0},{"damage":0.0,"enemies":"Snake Plant","floor":20.0,"turns":1.0},{"damage":33,"enemies":"Shelled Parasite and Fungi","floor":21,"turns":3},{"damage":10,"enemies":"Slavers","floor":23,"turns":1}],"seed_played":"698444563663904380","potions_obtained":[{"floor":5.0,"key":"Strength Potion"},{"floor":6.0,"key":"SkillPotion"},{"floor":14.0,"key":"GamblersBrew"},{"floor":18.0,"key":"AttackPotion"},{"floor":19.0,"key":"DuplicationPotion"}],"is_trial":false,"path_per_floor":["M","?","?","?","M","E","R","$","T","R","?","E","$","M","R","B",null,"M","M","M","M","?","E"],"character_chosen":"WATCHER","items_purchased":[],"campfire_rested":1,"item_purchase_floors":[],"current_hp_per_floor":[61,61,61,42,42,42,42,42,42,42,42,29,29,29,47,31,54,54,43,43,10,10,0,0],"gold":98,"neow_bonus":"THREE_ENEMY_KILL","is_daily":false,"chose_seed":false,"campfire_upgraded":2,"win_rate":0.0,"timestamp":1611584542,"path_taken":["M","?","?","?","?","E","R","$","T","R","?","E","$","M","R","BOSS","M","M","M","M","?","E"],"items_purchased_type":[],"build_version":"2020-12-22","purchased_purges":2,"victory":false,"max_hp_per_floor":[68,68,62,62,62,62,62,62,62,62,62,62,62,62,62,62,62,62,62,62,62,62,62,62],"card_choices":[{"not_picked":["Protect","ForeignInfluence","ReachHeaven"],"picked":"SKIP","floor":1.0},{"not_picked":["JustLucky","ClearTheMind"],"picked":"PathToVictory","floor":5.0},{"not_picked":["Prostrate","FlyingSleeves"],"picked":"EmptyFist","floor":6.0},{"not_picked":["Evaluate","Establishment","Swivel"],"picked":"SKIP","floor":12.0},{"not_picked":["ClearTheMind","EmptyFist","Protect"],"picked":"SKIP","floor":14.0},{"not_picked":["DeceiveReality","CarveReality"],"picked":"FlurryOfBlows","floor":18.0},{"not_picked":["JustLucky","CutThroughFate+1","ThirdEye"],"picked":"SKIP","floor":19.0},{"not_picked":["EmptyFist","Prostrate"],"picked":"EmptyBody","floor":20.0},{"not_picked":["JustLucky","BowlingBash"],"picked":"DeceiveReality+1","floor":21}],"player_experience":618134,"relics_obtained":[{"floor":6.0,"key":"Boot"},{"floor":9.0,"key":"Happy Flower"},{"floor":12.0,"key":"Lantern"}],"event_choices":[{"cards_removed":["Defend_P"],"damage_healed":0.0,"max_hp_gain":0.0,"max_hp_loss":0.0,"gold_gain":0.0,"event_name":"The Cleric","player_choice":"Card Removal","floor":2.0,"gold_loss":75.0,"damage_taken":0.0},{"damage_healed":0.0,"max_hp_gain":0.0,"max_hp_loss":6.0,"gold_gain":0.0,"event_name":"Golden Idol","player_choice":"Lose Max HP","floor":3.0,"gold_loss":0.0,"damage_taken":0.0,"relics_obtained":["Golden Idol"]},{"damage_healed":0.0,"max_hp_gain":0.0,"max_hp_loss":0.0,"gold_gain":0.0,"event_name":"Shining Light","player_choice":"Entered Light","floor":4.0,"gold_loss":0.0,"damage_taken":19.0,"cards_upgraded":["Strike_P","Eruption"]},{"damage_healed":0.0,"max_hp_gain":0.0,"max_hp_loss":0.0,"gold_gain":0.0,"event_name":"Upgrade Shrine","player_choice":"Upgraded","floor":11.0,"gold_loss":0.0,"damage_taken":0.0,"cards_upgraded":["Vigilance"]},{"cards_removed":["Strike_P"],"damage_healed":0,"gold_gain":0,"player_choice":"Upgrade and Remove","damage_taken":0,"max_hp_gain":0,"max_hp_loss":0,"event_name":"Designer","floor":22,"gold_loss":110,"cards_upgraded":["Defend_P"]}],"is_beta":false,"boss_relics":[{"not_picked":["Fusion Hammer","Cursed Key"],"picked":"SacredBark"}],"items_purged_floors":[8,13],"is_endless":false,"potions_floor_spawned":[5,6,14,16,18,19],"killed_by":"Slavers","ascension_level":19}}