{"host":"xu0zbcebhy6w9mdv","time":1611615499,"event":{"mods":["AchievementEnabler","Act Like it!","Aspiration","BaseMod","Better Match","Better Third Choice","BetterRewards","Colored Powertips","Downfall","Duelist Mod","Friendly Minions","Gensokyo","Hallownest","Hubris","Infinite Spire","Marisa????????","Minty Spire (QoL Compilation)","Potionbrewer","Quick Restart","READ ME - Guardian Mod","READ ME - Snecko Mod","Rare Cards Sparkle","Replay The Spire","Shop Mod","StSLib","The Animator","The Blackbeard","The Bug Knight","The Cursed","The Hierophant","The Necromancer","The Runesmith","The Servant 0.9.4"],"gold_per_floor":[109,109,129,129,146,146,163,180,180,180,195,195,3,19,19,123,123,134,62,62,62,82,82,115,115,115,147,97,97,97,109,109,109,109],"floor_reached":33,"language":"ENG","playtime":3895,"items_purged":[],"score":275,"play_id":"f947fdc7-793e-42a2-95d8-33a38b0a2d1f","local_time":"20210125175819","is_ascension_mode":false,"campfire_choices":[{"floor":12,"key":"REST"},{"floor":23,"key":"REST"},{"floor":25,"key":"REST"},{"floor":29,"key":"REST"},{"floor":32,"key":"REST"}],"circlet_count":0,"master_deck":["Strike_G","Strike_G","Defend_G","Defend_G","Defend_G","Defend_G","Survivor","Neutralize","Hidden Blade","Caltrops","Infinite Blades","Blade Dance","Blade Dance","Flying Knee","ReplayTheSpireMod:Shiv Toss","PiercingWail","Calculated Gamble","A Thousand Cuts","Infinite Blades+1","Well Laid Plans+1","Backflip","ReplayTheSpireMod:Scrap Shanks","Blur+1","infinitespire:Oblivion","Prepared","Outmaneuver","Cloak And Dagger"],"relics":["Replay:Multitool","ClockworkSouvenir","Replay:Accelerometer","hubris:Towel","Lee\u0027s Waffle","Juzu Bracelet","Replay:PocketPolymizer","Shovel","Nloth\u0027s Gift"],"acts_visited":["Exordium","TheCity"],"potions_floor_usage":[8,8,16,27],"damage_taken":[{"damage":3,"enemies":"Jaw Worm","floor":1,"turns":6},{"damage":0,"enemies":"Cultist","floor":3,"turns":4},{"damage":0,"enemies":"Small Slimes","floor":5,"turns":4},{"damage":16,"enemies":"Blue Slaver","floor":7,"turns":6},{"damage":23,"enemies":"Exordium Thugs","floor":8,"turns":5},{"damage":12,"enemies":"Looter","floor":11,"turns":4},{"damage":15,"enemies":"Red Slaver","floor":14,"turns":3},{"damage":1,"enemies":"Hexaghost","floor":16,"turns":7},{"damage":36,"enemies":"2 Thieves","floor":18,"turns":5},{"damage":5,"enemies":"Chosen","floor":22,"turns":4},{"damage":31,"enemies":"Nightmare","floor":24,"turns":6},{"damage":26,"enemies":"theDuelist:KaibaA2","floor":27,"turns":5},{"damage":18,"enemies":"Snake Plant","floor":31,"turns":5},{"damage":56,"enemies":"Champ","floor":33,"turns":7}],"seed_played":"2932880986943541864","potions_obtained":[{"floor":3,"key":"Adrenaline Potion"},{"floor":5,"key":"LiquidBronze"},{"floor":11,"key":"SteroidPotion"},{"floor":24,"key":"PowerPotion"}],"is_trial":false,"path_per_floor":["M","?","M","$","M","R","M","M","T","?","M","R","$","M","R","B",null,"M","$","?","?","M","R","NM","R","T","E","?","R","?","M","R","B"],"character_chosen":"THE_SILENT","items_purchased":["Replay:Multitool","Hidden Blade","ClockworkSouvenir","ReplayTheSpireMod:Shiv Toss","Lee\u0027s Waffle","ReplayTheSpireMod:Scrap Shanks"],"campfire_rested":5,"item_purchase_floors":[0,0,0,13,13,19],"current_hp_per_floor":[60,60,60,60,60,60,44,21,21,21,9,28,72,57,57,56,72,36,36,36,36,31,52,21,42,42,16,16,37,37,19,40,0,0],"gold":109,"neow_bonus":"","is_daily":false,"chose_seed":false,"campfire_upgraded":0,"win_rate":0.0,"timestamp":1611615499,"path_taken":["M","?","?","$","M","R","M","M","T","?","M","R","$","M","R","BOSS","M","$","?","?","?","R","NM","R","T","E","?","R","?","M","R","BOSS"],"items_purchased_type":["Relic","Card","Relic","Card","Relic","Card"],"build_version":"2020-12-22","purchased_purges":0,"victory":false,"max_hp_per_floor":[65,65,65,65,65,65,65,65,65,65,65,65,72,72,72,72,72,72,72,72,72,72,72,72,72,72,72,72,72,72,72,72,72,72],"card_choices":[{"not_picked":["Sucker Punch","Dagger Spray"],"picked":"Caltrops","floor":1},{"not_picked":["Dagger Throw","ReplayTheSpireMod:Scrap Shanks","Catalyst"],"picked":"SKIP","floor":3},{"not_picked":["Reflex","Dodge and Roll"],"picked":"Infinite Blades","floor":5},{"not_picked":["Endless Agony","Sucker Punch"],"picked":"Blade Dance","floor":7},{"not_picked":["ReplayTheSpireMod:Speed Training","Sucker Punch"],"picked":"Blade Dance","floor":8},{"not_picked":["PiercingWail","Quick Slash"],"picked":"Flying Knee","floor":11},{"not_picked":["Dodge and Roll","Blade Dance"],"picked":"PiercingWail","floor":14},{"not_picked":["Venomology","ReplayTheSpireMod:From All Sides"],"picked":"A Thousand Cuts","floor":16},{"not_picked":["Toxin Wave","Well Laid Plans+1"],"picked":"Backflip","floor":18},{"not_picked":["Deflect","Acrobatics"],"picked":"Blur+1","floor":22},{"not_picked":["infinitespire:NeuralNetwork","infinitespire:FutureSight"],"picked":"infinitespire:Oblivion","floor":24},{"not_picked":["Underhanded Strike","Acrobatics","Footwork"],"picked":"SKIP","floor":24},{"not_picked":["Finisher","Bane"],"picked":"Prepared","floor":27},{"not_picked":["Underhanded Strike","Catalyst+1"],"picked":"Cloak And Dagger","floor":31}],"player_experience":655992,"relics_obtained":[{"floor":9,"key":"Replay:Accelerometer"},{"floor":24,"key":"Juzu Bracelet"},{"floor":26,"key":"Replay:PocketPolymizer"},{"floor":27,"key":"Shovel"}],"event_choices":[{"damage_healed":0,"gold_gain":0,"cards_transformed":["Strike_G"],"player_choice":"Transformed","damage_taken":0,"max_hp_gain":0,"max_hp_loss":0,"event_name":"Transmorgrifier","floor":2,"gold_loss":0,"cards_obtained":["ReplayTheSpireMod:Speed Training"]},{"damage_healed":0,"gold_gain":0,"player_choice":"Bet on Murderer","damage_taken":0,"max_hp_gain":0,"max_hp_loss":0,"event_name":"The Joust","floor":28,"gold_loss":50},{"damage_healed":0,"gold_gain":0,"player_choice":"Traded Relic","damage_taken":0,"relics_obtained":["Nloth\u0027s Gift"],"max_hp_gain":0,"max_hp_loss":0,"event_name":"N\u0027loth","floor":30,"relics_lost":["Astrolabe"],"gold_loss":0}],"is_beta":false,"boss_relics":[{"not_picked":["Fusion Hammer","ChewingGum"],"picked":"Astrolabe"}],"items_purged_floors":[],"is_endless":false,"potions_floor_spawned":[3,5,11,24],"killed_by":"Champ","ascension_level":0}}