{"host":"5w25fvbdcbru4pxd","time":1611580111,"event":{"mods":["ATMod(°¢èªMod)","Act Like it!","Arknights The Spire","BaseMod","Friendly Minions","KinomotoSakuraMod(Ä¾Ö®±¾Ó£)","Kiyohime£¨Çå¼§£©","Marisa£¨ìFÓê¡¡Ä§ÀíÉ³£©","Marked Mod","Minty Spire (QoL Compilation)","MostiFishMod","Reimu£¨²©ÀöÁéÃÎ£©","Remilia£¨ÀÙÃ×ÀòÑÇ£©","Replay The Spire","RumiaBox-Â¶Ã×æ«µÄÉñÃØºÐ×Ó","Shop Mod","StSLib","TestMod","Waifu the Spire","Yakumo Yukari mod","Youmu£¨»êÆÇÑýÃÎ£©","Yuri Mod","Yuyuko","noobMod","¡¾ÒÅÎï¿¨ÅÆ¡¿REMEMod"],"gold_per_floor":[114,128,78,96,115,143,143,173,173,173,173,173],"floor_reached":11,"language":"ZHS","playtime":689,"items_purged":[],"score":140,"play_id":"195a3cd1-0aac-488d-9f93-a12c80420154","local_time":"20210125210831","is_ascension_mode":true,"campfire_choices":[{"data":"VampireClaw","floor":7,"key":"SMITH"}],"circlet_count":0,"master_deck":["Strike_RM","Strike_RM","Strike_RM","Strike_RM","Defend_RM","Defend_RM","RedMoon","ScarletShoot","MostiFishMod:FrostNova","MostiFishMod:WinterMarkForm","Reboot","AT_FamilyPortrait","ReincarnationDial","MastersStateliness","MillenniumVampire","DiffusionOfMisfortune","VampireClaw+1","TransientEternity"],"relics":["ScarletHat","testmod-TestBox","ice","DaveBox","AT_ATBox","REME_ComplimentaryCards","FrostBlade","testmod-InfectionSource","SynthV:TestCard","SSSystem","Bottled Flame","testmod-HeartOfDaVinci"],"acts_visited":["Exordium"],"potions_floor_usage":[],"damage_taken":[{"damage":0,"enemies":"Cultist","floor":1,"turns":3},{"damage":0,"enemies":"Small Slimes","floor":2,"turns":1},{"damage":2,"enemies":"2 Louse","floor":4,"turns":1},{"damage":0,"enemies":"Exordium Thugs","floor":5,"turns":4},{"damage":10,"enemies":"3 Sentries","floor":6,"turns":6},{"damage":0,"enemies":"Gremlin Nob","floor":8,"turns":3},{"damage":3,"enemies":"3 Sentries","floor":11,"turns":3}],"seed_played":"-5677091722458437613","potions_obtained":[{"floor":1,"key":"DuplicationPotion"},{"floor":4,"key":"LifebloodPotion"},{"floor":5,"key":"Toxic Potion"}],"is_trial":false,"path_per_floor":["M","M","?","M","M","E","R","E","T","?","E"],"character_chosen":"REMILIA","items_purchased":[],"campfire_rested":0,"item_purchase_floors":[],"current_hp_per_floor":[75,75,75,73,73,63,63,63,63,63,60,60],"gold":173,"neow_bonus":"RANDOM_EVENT","is_daily":false,"chose_seed":false,"campfire_upgraded":1,"win_rate":0.0,"timestamp":1611580111,"path_taken":["M","?","?","M","M","E","R","E","T","?","E"],"items_purchased_type":[],"build_version":"2020-12-22","purchased_purges":0,"victory":false,"max_hp_per_floor":[75,75,75,75,75,75,75,75,75,75,75,75],"card_choices":[{"not_picked":["BlasphemousPunishment","ScarletDevil"],"picked":"ReincarnationDial","floor":1},{"not_picked":["NightDance","MiserableFate","VampireKiss","ReincarnationDial"],"picked":"MastersStateliness","floor":2},{"not_picked":["ScarletGensokyo","DiffusionOfMisfortune","BloodyTrap","UnstableMagic"],"picked":"MillenniumVampire","floor":4},{"not_picked":["DevilSight","VampireSweep","VampirishNight","CharismaGuard"],"picked":"DiffusionOfMisfortune","floor":5},{"not_picked":["NightDance","BloodHunter","FavorOfDestiny","Stigmanizer"],"picked":"VampireClaw","floor":6},{"not_picked":["Stigmanizer","BlasphemousPunishment","EternalNight","BatForm"],"picked":"TransientEternity","floor":8}],"player_experience":151028,"relics_obtained":[{"floor":1,"key":"SynthV:TestCard"},{"floor":6,"key":"SSSystem"},{"floor":8,"key":"Bottled Flame"},{"floor":9,"key":"testmod-HeartOfDaVinci"}],"event_choices":[{"cards_removed":["Defend_RM"],"damage_healed":0,"gold_gain":0,"player_choice":"Card Removal","damage_taken":0,"max_hp_gain":0,"max_hp_loss":0,"event_name":"The Cleric","floor":3,"gold_loss":50},{"damage_healed":0,"gold_gain":0,"player_choice":"Bought 0 Potions","damage_taken":0,"max_hp_gain":0,"max_hp_loss":0,"event_name":"The Woman in Blue","floor":10,"gold_loss":0}],"is_beta":false,"boss_relics":[],"items_purged_floors":[],"is_endless":false,"potions_floor_spawned":[1,4,5,6],"killed_by":"3 Sentries","ascension_level":1}}