{"host":"tgr1xoidyjfo4u0n","time":1611562436,"event":{"mods":["Act Like it!","Alarm Clock","BaseMod","CapriCore","Colored Powertips","Downfall","GifTheSpireLib","Highlight Path","Minty Spire (QoL Compilation)","StSLib"],"gold_per_floor":[99,115,115,176,187,187,187,187,199,99,131,131,143,162,172,274,274,274,287,287,123,137,156,181,281,481,481,493,505,30,58,70,172,222,222,235,235,235,248,298,344,358,389,389,421,221,250,250,267,267,267,292,42,42,42,42,42,42],"floor_reached":56,"language":"ZHS","playtime":8331,"items_purged":["downfall:Haunted","Guardian:Defend_Guardian"],"score":882,"play_id":"4ddfb7ff-e486-4a66-ac18-88fab8289963","local_time":"20210125161356","is_ascension_mode":false,"campfire_choices":[{"floor":1.0,"key":"RECALL"},{"data":"Guardian:SentryBeam","floor":10.0,"key":"SMITH"},{"data":"Guardian:CurlUp","floor":12.0,"key":"SMITH"},{"data":"Guardian:Orbwalk","floor":18.0,"key":"SMITH"},{"data":"Guardian:CompilePackage","floor":27.0,"key":"SMITH"},{"data":"Guardian:GemFinder","floor":35.0,"key":"SMITH"},{"data":"Guardian:FastForward","floor":46.0,"key":"SMITH"},{"floor":54,"key":"REST"}],"circlet_count":0,"master_deck":["Guardian:Defend_Guardian","Guardian:Defend_Guardian","Guardian:CurlUp+1","Guardian:TwinSlam","Guardian:Recover","Guardian:Reroute","Guardian:SentryBeam+1","Guardian:SpikerProtocol","Guardian:Planning","Guardian:Incinerate","Guardian:Orbwalk+1","Guardian:CompilePackage+1","Guardian:PrismaticBarrier+1","Guardian:PrismaticBeam+1","Guardian:TimeCapacitor+1","Guardian:PolyBeam+1","Guardian:PiercingHide+1","Guardian:FastForward+1","Guardian:PiercingHide","Guardian:Planning","Guardian:Suspension+1","Guardian:TemporalShield+1","Guardian:ChargeCore","Guardian:Suspension+1","Guardian:TimeCapacitor+1","Guardian:GemFinder+1","Guardian:VentSteam","Guardian:ChargeCore+1","Guardian:ChargeCore","Guardian:ShieldCharger","Guardian:PrismaticBarrier","Guardian:Orbwalk","Guardian:PolyBeam"],"relics":["Guardian:ModeShifter","Letter Opener","Matryoshka","downfall:HeartBlessingRed","Bag of Marbles","Astrolabe","Orrery","Oddly Smooth Stone","Akabeko","Guardian:StasisUpgradeRelic","Lantern","Girya","Tiny House","Torii","Guardian:PocketSentry","Art of War","Blue Candle","downfall:HeartBlessingBlue","downfall:HeartBlessingGreen","MealTicket","Ice Cream"],"acts_visited":["Exordium","TheCity","TheBeyond","TheEnding"],"potions_floor_usage":[56,56,56],"damage_taken":[{"damage":3.0,"enemies":"Jaw Worm","floor":2.0,"turns":4.0},{"damage":17.0,"enemies":"3 Sentries","floor":4.0,"turns":10.0},{"damage":6.0,"enemies":"2 Louse","floor":5.0,"turns":2.0},{"damage":0.0,"enemies":"Small Slimes","floor":9.0,"turns":3.0},{"damage":0.0,"enemies":"Gremlin Nob","floor":11.0,"turns":4.0},{"damage":0.0,"enemies":"3 Louse","floor":13.0,"turns":3.0},{"damage":2.0,"enemies":"Blue Slaver","floor":14.0,"turns":2.0},{"damage":6.0,"enemies":"Large Slime","floor":15.0,"turns":4.0},{"damage":8.0,"enemies":"IC_STATUS_ARCHETYPE","floor":16.0,"turns":8.0},{"damage":0.0,"enemies":"Shell Parasite","floor":19.0,"turns":5.0},{"damage":0.0,"enemies":"downfall:FleeingMerchant","floor":21.0,"turns":4.0},{"damage":15.0,"enemies":"Centurion and Healer","floor":22.0,"turns":5.0},{"damage":6.0,"enemies":"Shelled Parasite and Fungi","floor":23.0,"turns":4.0},{"damage":3.0,"enemies":"Cultist and Chosen","floor":28.0,"turns":6.0},{"damage":0.0,"enemies":"Centurion and Healer","floor":29.0,"turns":5.0},{"damage":0.0,"enemies":"downfall:FleeingMerchant","floor":30.0,"turns":4.0},{"damage":0.0,"enemies":"Gremlin Leader","floor":31.0,"turns":5.0},{"damage":8.0,"enemies":"3 Cultists","floor":32.0,"turns":5.0},{"damage":22.0,"enemies":"DF_ARCHETYPE_CLAW","floor":33.0,"turns":8.0},{"damage":0.0,"enemies":"3 Darklings","floor":36.0,"turns":3.0},{"damage":15.0,"enemies":"Orb Walker","floor":39.0,"turns":3.0},{"damage":0.0,"enemies":"Orb Walker","floor":40.0,"turns":7.0},{"damage":0.0,"enemies":"Spire Growth","floor":42.0,"turns":4.0},{"damage":1.0,"enemies":"Giant Head","floor":43.0,"turns":7.0},{"damage":1.0,"enemies":"Nemesis","floor":45.0,"turns":7.0},{"damage":0.0,"enemies":"Giant Head","floor":47.0,"turns":7.0},{"damage":0.0,"enemies":"4 Shapes","floor":49.0,"turns":3.0},{"damage":19,"enemies":"SI_POISON_ARCHETYPE","floor":50,"turns":9},{"damage":40,"enemies":"downfall:CharBossMerchant","floor":52,"turns":10},{"damage":17,"enemies":"downfall:NeowBoss","floor":55,"turns":12},{"damage":90,"enemies":"downfall:NeowBossFinal","floor":56,"turns":11}],"seed_played":"6853871832129074634","potions_obtained":[{"floor":4.0,"key":"SmokeBomb"},{"floor":9.0,"key":"AttackPotion"},{"floor":11.0,"key":"SkillPotion"},{"floor":13.0,"key":"PowerPotion"},{"floor":28.0,"key":"Fire Potion"},{"floor":34.0,"key":"Slimebound:ThreeZeroPotion"},{"floor":42.0,"key":"GamblersBrew"}],"is_trial":false,"path_per_floor":["R","M","?","?","M","?","T","?","M","R","E","R","M","M","M","B",null,"R","M","?","$","M","M","T","?","?","R","M","M","$","E","M","B",null,"R","M","?","?","M","?","T","M","E","?","E","R","E","?","M","B",null,"E","$","R","B","B"],"character_chosen":"GUARDIAN","items_purchased":["Orrery","Guardian:StasisUpgradeRelic","Guardian:Gem_Purple","Lantern","Guardian:ChargeCore","Guardian:Orbwalk","Guardian:PolyBeam"],"campfire_rested":1,"item_purchase_floors":[21,30,30,30,30,53,53],"current_hp_per_floor":[72,69,74,57,51,51,51,51,51,51,51,51,51,49,43,35,77,77,77,87,87,72,66,66,66,66,66,63,63,63,63,55,33,92,92,92,92,92,77,77,77,77,76,76,75,85,85,85,85,66,102,62,77,102,85,0,0,0],"gold":42,"neow_bonus":"TRANSFORM_TWO_CARDS","is_daily":false,"chose_seed":false,"campfire_upgraded":6,"win_rate":0.0,"timestamp":1611562436,"path_taken":["R","M","?","?","M","?","T","?","M","R","E","R","M","?","M","BOSS","R","M","?","$","?","M","T","?","?","R","M","M","$","E","M","BOSS","R","M","?","?","M","?","T","?","E","?","E","R","E","?","M","BOSS","E","$","R","BOSS","BOSS"],"items_purchased_type":["Relic","Relic","Card","Relic","Card","Card","Card"],"build_version":"2020-12-22","purchased_purges":2,"victory":false,"max_hp_per_floor":[72,72,77,77,77,77,77,77,77,77,77,77,77,77,77,77,77,77,77,87,87,87,87,87,87,87,87,87,87,87,87,87,87,92,92,92,92,92,92,92,92,92,92,92,92,102,102,102,102,102,102,102,102,102,102,102,102,102],"card_choices":[{"not_picked":["Guardian:Suspension","Guardian:Recover"],"picked":"Guardian:Reroute","floor":2.0},{"not_picked":["Guardian:Gem_Cyan","Guardian:WalkerClaw"],"picked":"Guardian:SpikerProtocol","floor":4.0},{"not_picked":["Guardian:PrismaticBeam","Guardian:CrystalBeam"],"picked":"Guardian:SentryBeam","floor":5.0},{"not_picked":["Guardian:Recover","Guardian:StasisField"],"picked":"Guardian:Gem_Lightblue","floor":9.0},{"not_picked":["Guardian:PrimingBeam","Guardian:Reroute"],"picked":"Guardian:SpikerProtocol","floor":11.0},{"not_picked":["Guardian:Reroute","Guardian:Gem_Cyan"],"picked":"Guardian:Planning","floor":13.0},{"not_picked":["Guardian:Recover","Guardian:PiercingHide"],"picked":"Guardian:Incinerate","floor":14.0},{"not_picked":["Guardian:TemporalShield","Guardian:ChargeCore"],"picked":"Guardian:Orbwalk","floor":15.0},{"not_picked":["Guardian:ExploitGems","Guardian:ConstructionForm"],"picked":"Guardian:CompilePackage","floor":16.0},{"not_picked":["Guardian:Reroute","Guardian:Gem_Green"],"picked":"Guardian:PolyBeam+1","floor":19.0},{"not_picked":["Guardian:TimeBomb","Guardian:RollAttack"],"picked":"Guardian:PiercingHide+1","floor":21.0},{"not_picked":["Guardian:RollAttack","Guardian:Repulse"],"picked":"Guardian:Gem_Cyan","floor":21.0},{"not_picked":["Guardian:CrystalBeam+1","Guardian:PiercingHide+1"],"picked":"Guardian:FastForward","floor":21.0},{"not_picked":["Guardian:WalkerClaw+1","Guardian:Gem_Red"],"picked":"Guardian:PiercingHide","floor":21.0},{"not_picked":["Guardian:Reroute","Guardian:Clone"],"picked":"Guardian:Planning","floor":21.0},{"not_picked":["Guardian:ChargeCore","Guardian:GatlingBeam"],"picked":"Guardian:Suspension+1","floor":22.0},{"not_picked":["Guardian:RefractedBeam+1","Guardian:Gem_Red"],"picked":"Guardian:TemporalShield+1","floor":23.0},{"not_picked":["Guardian:Gem_Cyan","Guardian:TemporalStrike+1"],"picked":"Guardian:Gem_Green","floor":28.0},{"not_picked":["Guardian:PrismaticBeam","Guardian:FloatingOrbs"],"picked":"Guardian:Gem_White","floor":29.0},{"not_picked":["Guardian:Reroute","Guardian:Recover","Guardian:RollAttack"],"picked":"SKIP","floor":30.0},{"not_picked":["Guardian:ChargeCore+1","Guardian:Gem_Red"],"picked":"Guardian:Suspension+1","floor":31.0},{"not_picked":["Guardian:PrismaticBeam","Guardian:TemporalShield"],"picked":"Guardian:TimeCapacitor","floor":32.0},{"not_picked":["Guardian:RevengeProtocol","Guardian:CompilePackage"],"picked":"Guardian:GemFinder","floor":33.0},{"not_picked":["Guardian:RefractedBeam","Guardian:Incinerate+1"],"picked":"Guardian:Gem_Yellow","floor":34.0},{"not_picked":["Guardian:Gem_Cyan","Guardian:Gem_Green"],"picked":"Guardian:Gem_Red","floor":36.0},{"not_picked":["Guardian:ArmoredProtocol","Guardian:PrimingBeam"],"picked":"Guardian:VentSteam","floor":36.0},{"not_picked":["Guardian:Gem_Lightblue","Guardian:Gem_Cyan"],"picked":"Guardian:Gem_Red","floor":39.0},{"not_picked":["Guardian:Recover","Guardian:ShieldCharger+1"],"picked":"Guardian:ChargeCore+1","floor":39.0},{"not_picked":["Guardian:Incinerate","Guardian:Gem_Green"],"picked":"Guardian:ChargeCore","floor":40.0},{"not_picked":["Guardian:Gem_Red","Guardian:Gem_Green"],"picked":"Guardian:Gem_Cyan","floor":42.0},{"not_picked":["Guardian:ArmoredProtocol","Guardian:Reroute"],"picked":"Guardian:AncientConstruct","floor":42.0},{"not_picked":["Guardian:Gem_Green","Guardian:Gem_Lightblue"],"picked":"Guardian:Gem_Cyan","floor":43.0},{"not_picked":["Guardian:TemporalStrike","Guardian:Incinerate"],"picked":"Guardian:ShieldCharger","floor":43.0},{"not_picked":["Guardian:Gem_Green","Guardian:Gem_Cyan"],"picked":"Guardian:Gem_Red","floor":45.0},{"not_picked":["Guardian:BodySlam+1","Guardian:VentSteam+1"],"picked":"Guardian:PrismaticBarrier","floor":45.0},{"not_picked":["Guardian:CrystalBeam+1","Guardian:GuardianWhirl","Guardian:BaubleBeam"],"picked":"SKIP","floor":47.0},{"not_picked":["Guardian:Gem_Cyan","Guardian:VentSteam","Guardian:ChargeCore+1"],"picked":"SKIP","floor":49.0},{"not_picked":["Guardian:Gem_Green","Guardian:Gem_Lightblue"],"picked":"Guardian:Gem_Cyan","floor":52},{"not_picked":["Guardian:Incinerate","Guardian:RollAttack","Guardian:CrystalBeam"],"picked":"SKIP","floor":52}],"player_experience":481781,"relics_obtained":[{"floor":4.0,"key":"Letter Opener"},{"floor":7.0,"key":"Matryoshka"},{"floor":11.0,"key":"Bag of Marbles"},{"floor":24.0,"key":"Oddly Smooth Stone"},{"floor":24.0,"key":"Akabeko"},{"floor":31.0,"key":"Girya"},{"floor":40.0,"key":"Torii"},{"floor":41.0,"key":"Guardian:PocketSentry"},{"floor":43.0,"key":"Art of War"},{"floor":45.0,"key":"Blue Candle"},{"floor":47.0,"key":"MealTicket"},{"floor":52,"key":"Ice Cream"}],"event_choices":[{"damage_healed":0.0,"max_hp_gain":5.0,"max_hp_loss":0.0,"gold_gain":0.0,"event_name":"Big Fish","player_choice":"Donut","floor":3.0,"gold_loss":0.0,"damage_taken":0.0},{"cards_removed":["Guardian:BaubleBeam"],"damage_healed":0.0,"max_hp_gain":10.0,"max_hp_loss":0.0,"gold_gain":0.0,"event_name":"Bonfire Elementals","player_choice":"Offered Rare","floor":20.0,"gold_loss":0.0,"damage_taken":0.0},{"cards_removed":["Guardian:AncientConstruct"],"damage_healed":0.0,"max_hp_gain":0.0,"max_hp_loss":0.0,"gold_gain":0.0,"event_name":"Falling","player_choice":"Removed Power","floor":44.0,"gold_loss":0.0,"damage_taken":0.0}],"is_beta":false,"boss_relics":[{"not_picked":["Guardian:StasisSlotReductionRelic","Fusion Hammer"],"picked":"Astrolabe"},{"not_picked":["Sozu","Cursed Key"],"picked":"Tiny House"}],"items_purged_floors":[30,53],"is_endless":false,"potions_floor_spawned":[4,9,11,13,14,16,28,31,32,42,43,45,47],"killed_by":"downfall:NeowBossFinal","ascension_level":0}}