{"host":"8is2j71l4wmybkoi","time":1611561369,"event":{"mods":["AchievementEnabler","BaseMod","Colored Map","Minty Spire (QoL Compilation)","Rare Cards Sparkle","StSLib","SuperFastMode"],"gold_per_floor":[110,125,125,140,159,159,159,159],"floor_reached":7,"language":"KOR","playtime":213,"items_purged":[],"score":86,"play_id":"41364fff-d2a1-4826-aa87-95e73c294892","local_time":"20210125165609","is_ascension_mode":true,"campfire_choices":[{"floor":6,"key":"REST"}],"circlet_count":0,"master_deck":["AscendersBane","Strike_G","Strike_G","Strike_G","Strike_G","Defend_G","Defend_G","Defend_G","Defend_G","Defend_G","Survivor","Neutralize","Phantasmal Killer","Riddle With Holes","Storm of Steel","Predator","Leg Sweep"],"relics":["Ring of the Snake"],"acts_visited":["Exordium"],"potions_floor_usage":[],"damage_taken":[{"damage":8,"enemies":"Small Slimes","floor":1,"turns":4},{"damage":0,"enemies":"2 Louse","floor":2,"turns":2},{"damage":1,"enemies":"Cultist","floor":4,"turns":3},{"damage":6,"enemies":"3 Louse","floor":5,"turns":5},{"damage":42,"enemies":"Lagavulin","floor":7,"turns":7}],"seed_played":"-6116015887846335507","potions_obtained":[],"is_trial":false,"path_per_floor":["M","M","?","M","M","R","E"],"character_chosen":"THE_SILENT","items_purchased":[],"campfire_rested":1,"item_purchase_floors":[],"current_hp_per_floor":[36,36,36,35,29,48,6,6],"gold":159,"neow_bonus":"THREE_RARE_CARDS","is_daily":false,"chose_seed":false,"campfire_upgraded":0,"win_rate":0.0,"timestamp":1611561369,"path_taken":["M","M","?","M","M","R","E"],"items_purchased_type":[],"build_version":"2020-12-22","purchased_purges":0,"victory":false,"max_hp_per_floor":[66,66,66,66,66,66,66,66],"card_choices":[{"not_picked":["Die Die Die","Bullet Time"],"picked":"Phantasmal Killer","floor":0},{"not_picked":["Poisoned Stab","Bane"],"picked":"Riddle With Holes","floor":1},{"not_picked":["Setup","Dagger Throw","Bane"],"picked":"SKIP","floor":2},{"not_picked":["Deflect","Bane"],"picked":"Predator","floor":4},{"not_picked":["Outmaneuver","Cloak And Dagger"],"picked":"Leg Sweep","floor":5}],"player_experience":779432,"relics_obtained":[],"event_choices":[{"damage_healed":0,"gold_gain":0,"cards_transformed":["Strike_G"],"player_choice":"Change","damage_taken":0,"max_hp_gain":0,"max_hp_loss":0,"event_name":"Living Wall","floor":3,"gold_loss":0,"cards_obtained":["Storm of Steel"]}],"is_beta":false,"boss_relics":[],"items_purged_floors":[],"is_endless":false,"potions_floor_spawned":[],"killed_by":"Lagavulin","ascension_level":20}}