{"host":"srk2drlvga69hbot","time":1611592025,"event":{"mods":["BaseMod","Bestiary","Block Reminder","Colored Map","Colored Powertips","Dark Map","DeckTracker","Highlight Path","Minty Spire (QoL Compilation)","Quick Restart","Rare Cards Sparkle","Relic Stats","SuperFastMode","Unceasing Turn Reminder"],"gold_per_floor":[112,126,76,86,86,86,100,114,114,114,125,125,200,213,213,311,311,328,328,348,348,384,404,404,414,414,414,414,441,460,470,470,470,470],"floor_reached":33,"language":"ZHS","playtime":932,"items_purged":[],"score":408,"play_id":"01ae7506-5f0d-4c50-bacb-324574bcb218","local_time":"20210126002705","is_ascension_mode":true,"campfire_choices":[{"data":"Wild Strike","floor":6,"key":"SMITH"},{"data":"Immolate","floor":10,"key":"SMITH"},{"data":"Evolve","floor":12,"key":"SMITH"},{"data":"Bash","floor":15,"key":"SMITH"},{"floor":24,"key":"REST"},{"floor":27,"key":"REST"},{"floor":32,"key":"REST"}],"circlet_count":0,"master_deck":["AscendersBane","Strike_R","Strike_R","Strike_R","Strike_R","Defend_R","Defend_R","Defend_R","Defend_R","Bash+1","Evolve+1","Wild Strike+1","Immolate+1","Wild Strike","Fiend Fire+1","Dark Embrace+1","Rage","Thunderclap","Wild Strike","Dark Embrace","Disarm"],"relics":["Burning Blood","Bird Faced Urn","Snecko Eye","Nloth\u0027s Gift","Kunai","Enchiridion","FossilizedHelix"],"acts_visited":["Exordium","TheCity"],"potions_floor_usage":[11,22,29,31],"damage_taken":[{"damage":0,"enemies":"2 Louse","floor":1,"turns":1},{"damage":0,"enemies":"Small Slimes","floor":2,"turns":1},{"damage":0,"enemies":"Cultist","floor":4,"turns":1},{"damage":22,"enemies":"Large Slime","floor":7,"turns":6},{"damage":0,"enemies":"Lots of Slimes","floor":8,"turns":1},{"damage":10,"enemies":"3 Louse","floor":11,"turns":2},{"damage":0,"enemies":"2 Fungi Beasts","floor":14,"turns":1},{"damage":71,"enemies":"Hexaghost","floor":16,"turns":8},{"damage":30,"enemies":"Shell Parasite","floor":18,"turns":3},{"damage":0,"enemies":"Spheric Guardian","floor":20,"turns":2},{"damage":33,"enemies":"Shelled Parasite and Fungi","floor":22,"turns":3},{"damage":0,"enemies":"Sentry and Sphere","floor":23,"turns":2},{"damage":23,"enemies":"Centurion and Healer","floor":25,"turns":2},{"damage":47,"enemies":"Book of Stabbing","floor":29,"turns":4},{"damage":16,"enemies":"Snake Plant","floor":30,"turns":3},{"damage":5,"enemies":"Sentry and Sphere","floor":31,"turns":3},{"damage":61,"enemies":"Champ","floor":33,"turns":8}],"seed_played":"1983405931132679076","potions_obtained":[{"floor":1,"key":"ColorlessPotion"},{"floor":2,"key":"LiquidBronze"},{"floor":11,"key":"BloodPotion"},{"floor":22,"key":"GamblersBrew"},{"floor":23,"key":"LiquidMemories"},{"floor":29,"key":"SteroidPotion"}],"is_trial":false,"path_per_floor":["M","M","?","M","?","R","M","M","T","R","M","R","?","M","R","B",null,"M","?","M","?","M","M","R","M","T","R","?","E","M","M","R","B"],"character_chosen":"IRONCLAD","items_purchased":[],"campfire_rested":3,"item_purchase_floors":[],"current_hp_per_floor":[78,80,80,80,80,80,64,70,70,70,80,80,69,75,75,12,63,41,41,49,49,26,34,58,45,45,69,53,18,10,17,41,0,0],"gold":470,"neow_bonus":"THREE_ENEMY_KILL","is_daily":false,"chose_seed":false,"campfire_upgraded":4,"win_rate":0.0,"timestamp":1611592025,"path_taken":["M","M","?","M","?","R","M","M","T","R","M","R","?","M","R","BOSS","M","?","?","?","?","M","R","M","T","R","?","E","M","M","R","BOSS"],"items_purchased_type":[],"build_version":"2020-12-22","purchased_purges":0,"victory":false,"max_hp_per_floor":[80,80,80,80,80,80,80,80,80,80,80,80,80,80,80,80,80,80,80,80,80,80,80,80,80,80,80,80,80,80,80,80,80,80],"relic_stats":{"counters":[17,51],"Bird Faced Urn":[36],"Snecko Eye":[65,57,58,53],"Nloth\u0027s Gift":0,"Kunai":[6],"obtain_stats":[{"NeowsBlessing":0,"Bird Faced Urn":9,"Snecko Eye":17,"Enchiridion":28,"Nloth\u0027s Gift":19,"Kunai":26,"Burning Blood":0,"FossilizedHelix":29},{"NeowsBlessing":0,"Bird Faced Urn":5,"Snecko Eye":8,"Enchiridion":13,"Nloth\u0027s Gift":9,"Kunai":13,"Burning Blood":0,"FossilizedHelix":14},{"NeowsBlessing":0,"Bird Faced Urn":10,"Snecko Eye":21,"Enchiridion":33,"Nloth\u0027s Gift":24,"Kunai":33,"Burning Blood":0,"FossilizedHelix":37}],"Burning Blood":86},"card_choices":[{"not_picked":["Shrug It Off","Combust"],"picked":"Evolve","floor":1},{"not_picked":["Infernal Blade","Ghostly Armor"],"picked":"Wild Strike","floor":2},{"not_picked":["Twin Strike","Havoc","Clothesline"],"picked":"SKIP","floor":4},{"not_picked":["Shrug It Off","Flex"],"picked":"Immolate","floor":7},{"not_picked":["Cleave","Body Slam","Warcry"],"picked":"SKIP","floor":8},{"not_picked":["Thunderclap","Whirlwind"],"picked":"Wild Strike","floor":11},{"not_picked":["Twin Strike","Warcry","Heavy Blade"],"picked":"SKIP","floor":14},{"not_picked":["Offering","Berserk"],"picked":"Fiend Fire","floor":16},{"not_picked":["True Grit","Shrug It Off+1"],"picked":"Dark Embrace+1","floor":18},{"not_picked":["Clash","Iron Wave","Sword Boomerang"],"picked":"SKIP","floor":20},{"not_picked":["Sever Soul","Cleave"],"picked":"Rage","floor":22},{"not_picked":["Combust","Iron Wave","Twin Strike+1"],"picked":"SKIP","floor":23},{"not_picked":["Body Slam","Spot Weakness+1"],"picked":"Thunderclap","floor":25},{"not_picked":["True Grit","Inflame"],"picked":"Wild Strike","floor":29},{"not_picked":["Flex","Demon Form"],"picked":"Dark Embrace","floor":30},{"not_picked":["Headbutt","Armaments+1"],"picked":"Disarm","floor":31}],"player_experience":264017,"relics_obtained":[{"floor":9,"key":"Bird Faced Urn"},{"floor":26,"key":"Kunai"},{"floor":28,"key":"Enchiridion"},{"floor":29,"key":"FossilizedHelix"}],"event_choices":[{"cards_removed":["Strike_R"],"damage_healed":0,"gold_gain":0,"player_choice":"Card Removal","damage_taken":0,"max_hp_gain":0,"max_hp_loss":0,"event_name":"The Cleric","floor":3,"gold_loss":50},{"damage_healed":0,"gold_gain":0,"player_choice":"Ignored","damage_taken":0,"max_hp_gain":0,"max_hp_loss":0,"event_name":"Shining Light","floor":5,"gold_loss":0},{"damage_healed":0,"gold_gain":75,"player_choice":"Gather Gold","damage_taken":11,"max_hp_gain":0,"max_hp_loss":0,"event_name":"World of Goop","floor":13,"gold_loss":0},{"damage_healed":0,"gold_gain":0,"player_choice":"Traded Relic","damage_taken":0,"relics_obtained":["Nloth\u0027s Gift"],"max_hp_gain":0,"max_hp_loss":0,"event_name":"N\u0027loth","floor":19,"relics_lost":["NeowsBlessing"],"gold_loss":0},{"damage_healed":0,"gold_gain":0,"player_choice":"Forge","damage_taken":0,"max_hp_gain":0,"max_hp_loss":0,"event_name":"Accursed Blacksmith","floor":21,"gold_loss":0,"cards_upgraded":["Fiend Fire"]},{"damage_healed":0,"gold_gain":0,"player_choice":"Obtained Book","damage_taken":16,"max_hp_gain":0,"max_hp_loss":0,"event_name":"Cursed Tome","floor":28,"gold_loss":0}],"is_beta":false,"boss_relics":[{"not_picked":["Velvet Choker","Black Blood"],"picked":"Snecko Eye"}],"items_purged_floors":[],"is_endless":false,"potions_floor_spawned":[1,2,11,22,23,29],"killed_by":"Champ","ascension_level":11}}