{"host":"19tvufa8xx4wr4o1","time":1611617775,"event":{"mods":["AchievementEnabler","BaseMod","Better Sensory Stone","Better Third Choice","Highlight Path","Minty Spire (QoL Compilation)","Relic Stats","StSLib"],"gold_per_floor":[118,134,147,167,31,56,56,86,167,185,185,217,217,217,217,291,291,306,321,321,16,16,47,47,57,57,89,89,104,104,124,124,197,197,211,7,0,52,34,69,89,117,117,117,117,128,128,128,128,128],"floor_reached":51,"language":"ENG","playtime":3648,"items_purged":[],"score":1607,"play_id":"af6383c9-33f7-4b6f-9366-61f974dcda23","local_time":"20210125173615","is_ascension_mode":true,"campfire_choices":[{"data":"Glass Knife","floor":7.0,"key":"SMITH"},{"floor":11.0,"key":"REST"},{"data":"Choke","floor":15.0,"key":"SMITH"},{"floor":28,"key":"REST"},{"data":"Wraith Form v2","floor":30,"key":"SMITH"},{"data":"Cloak And Dagger","floor":32,"key":"SMITH"},{"data":"Strike_G+1","floor":44,"key":"PURGE"},{"data":"Caltrops","floor":47,"key":"SMITH"},{"data":"Malaise","floor":49,"key":"SMITH"}],"circlet_count":0,"master_deck":["AscendersBane","Strike_G+1","Strike_G+1","Strike_G+1","Strike_G+1","Defend_G+1","Defend_G+1","Defend_G+1","Defend_G+1","Defend_G+1","Neutralize+1","Terror","Blade Dance","Glass Knife+1","Bullet Time","Accuracy","Choke+1","Cloak And Dagger+1","Poisoned Stab+1","Wraith Form v2+1","Finisher+1","Malaise+1","Adrenaline","Leg Sweep","Caltrops+1","Noxious Fumes","Burst"],"relics":["Runic Pyramid","Akabeko","Bird Faced Urn","Letter Opener","Lantern","Sozu","Membership Card","Peace Pipe","CaptainsWheel","Whetstone","Bottled Tornado","Philosopher\u0027s Stone","Paper Crane","Red Mask","Du-Vu Doll","Ancient Tea Set","Ice Cream","InkBottle","Ornamental Fan"],"acts_visited":["Exordium","TheCity","TheBeyond"],"potions_floor_usage":[50],"damage_taken":[{"damage":1.0,"enemies":"Cultist","floor":1.0,"turns":4.0},{"damage":7.0,"enemies":"Small Slimes","floor":2.0,"turns":3.0},{"damage":2.0,"enemies":"Jaw Worm","floor":3.0,"turns":3.0},{"damage":4.0,"enemies":"3 Louse","floor":4.0,"turns":4.0},{"damage":0.0,"enemies":"Lagavulin","floor":6.0,"turns":4.0},{"damage":18.0,"enemies":"Gremlin Nob","floor":8.0,"turns":3.0},{"damage":0.0,"enemies":"Blue Slaver","floor":10.0,"turns":2.0},{"damage":15.0,"enemies":"3 Sentries","floor":12.0,"turns":6.0},{"damage":0.0,"enemies":"Slime Boss","floor":16.0,"turns":4.0},{"damage":5.0,"enemies":"Shell Parasite","floor":18.0,"turns":4.0},{"damage":6.0,"enemies":"3 Byrds","floor":19.0,"turns":4.0},{"damage":7.0,"enemies":"Slavers","floor":23.0,"turns":6.0},{"damage":14.0,"enemies":"3 Cultists","floor":25.0,"turns":6.0},{"damage":28.0,"enemies":"Gremlin Leader","floor":27.0,"turns":5.0},{"damage":0,"enemies":"Centurion and Healer","floor":29,"turns":5},{"damage":3,"enemies":"Snake Plant","floor":31,"turns":4},{"damage":0,"enemies":"Automaton","floor":33,"turns":9},{"damage":4,"enemies":"Orb Walker","floor":35,"turns":3},{"damage":0,"enemies":"2 Orb Walkers","floor":38,"turns":5},{"damage":0,"enemies":"Nemesis","floor":40,"turns":5},{"damage":14,"enemies":"3 Darklings","floor":41,"turns":6},{"damage":4,"enemies":"Reptomancer","floor":42,"turns":6},{"damage":0,"enemies":"Maw","floor":46,"turns":7},{"damage":14,"enemies":"Time Eater","floor":50,"turns":9}],"seed_played":"5661815609808370414","potions_obtained":[{"floor":2.0,"key":"SteroidPotion"},{"floor":4.0,"key":"CultistPotion"},{"floor":6.0,"key":"SpeedPotion"},{"floor":12.0,"key":"FearPotion"},{"floor":16.0,"key":"SkillPotion"}],"is_trial":false,"path_per_floor":["M","M","M","M","$","E","R","E","T","M","R","E","?","?","R","B",null,"M","M","?","$","?","E","?","M","T","E","R","M","R","M","R","B",null,"M","$","?","?","$","E","M","E","T","R","?","M","R","T","R","B",null],"character_chosen":"THE_SILENT","items_purchased":["Glass Knife","Membership Card","Peace Pipe","Paper Crane","Leg Sweep","Caltrops","Noxious Fumes"],"campfire_rested":2,"item_purchase_floors":[5,21,21,36,36,36,39],"current_hp_per_floor":[58,51,49,45,45,45,45,27,27,27,46,33,33,38,38,40,63,62,58,41,41,41,40,81,67,67,41,65,67,67,68,68,72,79,77,77,77,81,81,81,72,72,72,72,72,80,80,80,80,73],"gold":128,"neow_bonus":"BOSS_RELIC","is_daily":false,"chose_seed":false,"campfire_upgraded":6,"win_rate":0.0,"timestamp":1611617775,"path_taken":["M","?","M","M","$","E","R","E","T","M","R","E","?","?","R","BOSS","M","M","?","$","?","E","?","?","T","E","R","?","R","M","R","BOSS","M","$","?","?","?","E","?","E","T","R","?","M","R","?","R","BOSS"],"items_purchased_type":["Card","Relic","Relic","Relic","Card","Card","Card"],"build_version":"2020-12-22","purchased_purges":0,"victory":true,"max_hp_per_floor":[66,66,66,66,66,66,66,66,66,66,66,66,66,71,71,71,71,71,71,71,71,71,71,81,81,81,81,81,81,81,81,81,81,81,81,81,81,81,81,81,81,81,81,81,81,81,81,81,81,81],"relic_stats":{"Sozu":5,"Peace Pipe":2,"counters":[24,117],"Ornamental Fan":[32],"Bird Faced Urn":[58],"Letter Opener":[186],"Whetstone":["Neutralize"],"obtain_stats":[{"Ice Cream":42,"Lantern":12,"Letter Opener":9,"Whetstone":26,"Bottled Tornado":27,"Paper Crane":36,"Ancient Tea Set":40,"Akabeko":6,"Sozu":17,"Peace Pipe":21,"Du-Vu Doll":38,"CaptainsWheel":23,"Ornamental Fan":48,"Bird Faced Urn":8,"Philosopher\u0027s Stone":34,"Red Mask":37,"Membership Card":21,"InkBottle":43,"Ring of the Snake":0,"Runic Pyramid":0},{"Ice Cream":22,"Lantern":8,"Letter Opener":6,"Whetstone":13,"Bottled Tornado":14,"Paper Crane":18,"Ancient Tea Set":20,"Akabeko":5,"Sozu":9,"Peace Pipe":11,"Du-Vu Doll":19,"CaptainsWheel":12,"Ornamental Fan":23,"Bird Faced Urn":6,"Philosopher\u0027s Stone":17,"Red Mask":18,"Membership Card":11,"InkBottle":22,"Ring of the Snake":0,"Runic Pyramid":0},{"Ice Cream":101,"Lantern":29,"Letter Opener":21,"Whetstone":53,"Bottled Tornado":58,"Paper Crane":79,"Ancient Tea Set":89,"Akabeko":18,"Sozu":33,"Peace Pipe":41,"Du-Vu Doll":84,"CaptainsWheel":47,"Ornamental Fan":108,"Bird Faced Urn":21,"Philosopher\u0027s Stone":76,"Red Mask":79,"Membership Card":41,"InkBottle":101,"Ring of the Snake":0,"Runic Pyramid":0}],"InkBottle":[6]},"card_choices":[{"not_picked":["Cloak And Dagger","Eviscerate"],"picked":"Terror","floor":1.0},{"not_picked":["Quick Slash","Sucker Punch"],"picked":"Blade Dance","floor":2.0},{"not_picked":["Bane","Dodge and Roll","Sucker Punch"],"picked":"SKIP","floor":3.0},{"not_picked":["Sucker Punch","Flying Knee","Dodge and Roll"],"picked":"SKIP","floor":4.0},{"not_picked":["Blur","PiercingWail"],"picked":"Bullet Time","floor":6.0},{"not_picked":["Predator","Acrobatics"],"picked":"Accuracy","floor":8.0},{"not_picked":["Deadly Poison","Eviscerate","Flying Knee"],"picked":"SKIP","floor":10.0},{"not_picked":["PiercingWail","Quick Slash"],"picked":"Choke","floor":12.0},{"not_picked":["Grand Finale","Adrenaline"],"picked":"After Image","floor":16.0},{"not_picked":["Deadly Poison","Calculated Gamble"],"picked":"Cloak And Dagger","floor":18.0},{"not_picked":["Underhanded Strike","Flying Knee"],"picked":"Poisoned Stab+1","floor":19.0},{"not_picked":["Masterful Stab","Prepared","Backflip"],"picked":"SKIP","floor":23.0},{"not_picked":["PiercingWail","Terror"],"picked":"Finisher+1","floor":25.0},{"not_picked":["Sucker Punch","Setup","Acrobatics"],"picked":"SKIP","floor":27},{"not_picked":["Sucker Punch","Setup","Acrobatics"],"picked":"SKIP","floor":27},{"not_picked":["Masterful Stab","Catalyst","Backstab"],"picked":"SKIP","floor":29},{"not_picked":["Dash+1","Masterful Stab"],"picked":"Malaise","floor":31},{"not_picked":["Grand Finale","Doppelganger"],"picked":"Adrenaline","floor":33},{"not_picked":["Sucker Punch","Slice","Bouncing Flask"],"picked":"SKIP","floor":35},{"not_picked":["Glass Knife","Cloak And Dagger","Flying Knee"],"picked":"SKIP","floor":40},{"not_picked":["Setup","Predator","Escape Plan"],"picked":"SKIP","floor":41},{"not_picked":["Cloak And Dagger","Setup"],"picked":"Burst","floor":42},{"not_picked":["Dagger Throw","Outmaneuver","Choke"],"picked":"SKIP","floor":46}],"player_experience":601328,"relics_obtained":[{"floor":6.0,"key":"Akabeko"},{"floor":8.0,"key":"Bird Faced Urn"},{"floor":9.0,"key":"Letter Opener"},{"floor":12.0,"key":"Lantern"},{"floor":23.0,"key":"CaptainsWheel"},{"floor":26.0,"key":"Whetstone"},{"floor":27,"key":"Bottled Tornado"},{"floor":38,"key":"Du-Vu Doll"},{"floor":40,"key":"Ancient Tea Set"},{"floor":42,"key":"Ice Cream"},{"floor":43,"key":"InkBottle"},{"floor":48,"key":"Ornamental Fan"}],"event_choices":[{"damage_healed":0.0,"max_hp_gain":0.0,"max_hp_loss":0.0,"gold_gain":0.0,"event_name":"betterThird:BetterSerpent","player_choice":"Ignored","floor":13.0,"gold_loss":0.0,"damage_taken":217.0},{"damage_healed":0.0,"max_hp_gain":5.0,"max_hp_loss":0.0,"gold_gain":0.0,"event_name":"Big Fish","player_choice":"Donut","floor":14.0,"gold_loss":0.0,"damage_taken":0.0},{"damage_healed":0.0,"max_hp_gain":0.0,"max_hp_loss":17.0,"gold_gain":2.0,"event_name":"betterStone:BetterStone","player_choice":"2","floor":20.0,"gold_loss":0.0,"damage_taken":0.0},{"damage_healed":0.0,"max_hp_gain":0.0,"max_hp_loss":10.0,"gold_gain":0.0,"event_name":"betterThird:BetterWriting","player_choice":"Simplicity","floor":22.0,"gold_loss":0.0,"damage_taken":0.0},{"cards_removed":["After Image"],"damage_healed":31.0,"max_hp_gain":10.0,"max_hp_loss":0.0,"gold_gain":0.0,"event_name":"Bonfire Elementals","player_choice":"Offered Rare","floor":24.0,"gold_loss":0.0,"damage_taken":0.0},{"damage_healed":0,"gold_gain":0,"player_choice":"Paid","damage_taken":0,"relics_obtained":["Red Mask"],"max_hp_gain":0,"max_hp_loss":0,"event_name":"Tomb of Lord Red Mask","floor":37,"gold_loss":7},{"damage_healed":0,"gold_gain":0,"player_choice":"Fight","damage_taken":0,"max_hp_gain":0,"max_hp_loss":0,"event_name":"Mysterious Sphere","floor":38,"gold_loss":0},{"cards_removed":["Survivor"],"damage_healed":0,"gold_gain":0,"player_choice":"Removed Skill","damage_taken":0,"max_hp_gain":0,"max_hp_loss":0,"event_name":"Falling","floor":45,"gold_loss":0}],"is_beta":false,"boss_relics":[{"not_picked":["SlaversCollar","Astrolabe"],"picked":"Sozu"},{"not_picked":["Velvet Choker","Snecko Eye"],"picked":"Philosopher\u0027s Stone"}],"items_purged_floors":[],"is_endless":false,"potions_floor_spawned":[2,4,6,12,16,19,27,35,40,42],"ascension_level":15}}