{"host":"clf2hd4adhiiw0zf","time":1611537787,"event":{"mods":["AchievementEnabler","BaseMod","Beaked The Cultist","Bestiary","Dark Map","Downfall","Gremlin Mod","Hermit","Jorbs\u0027s Wanderer Trilogy","Marisa????????","Minty Spire (QoL Compilation)","Shop Mod","StSLib","The Cursed","The Servant 0.9.4","UnlockEverythingMod","Wide Potions"],"gold_per_floor":[0,19,83,93,93,110,136,152,184,84,47,80,80,90,102,201,201,1,21,21,38,38,138,138,123,137,137,137,169,169,179,195,293,293,293,293,293,293,309,309,309,309,324,359,374,150,162,174,192,192,192,227,6,6,6,6],"floor_reached":57,"language":"ENG","playtime":3438,"items_purged":[],"score":1264,"play_id":"c1dfba5e-1be8-4f36-86a4-187aea718e45","local_time":"20210124182307","is_ascension_mode":false,"campfire_choices":[{"data":"Apotheosis","floor":1.0,"key":"SMITH"},{"floor":10.0,"key":"RECALL"},{"data":"TheCursedMod:EmpowerCircles","floor":13.0,"key":"SMITH"},{"data":"TheCursedMod:CursedBlade","floor":18.0,"key":"SMITH"},{"data":"TheCursedMod:CursedMace","floor":28.0,"key":"SMITH"},{"data":"TheCursedMod:SpitefulStrike","floor":30.0,"key":"SMITH"},{"data":"TheCursedMod:StunningStrike","floor":35.0,"key":"SMITH"},{"data":"TheCursedMod:CircleOfBlood","floor":40.0,"key":"SMITH"},{"data":"TheCursedMod:AbyssShockwave","floor":42.0,"key":"SMITH"},{"floor":54.0,"key":"REST"}],"circlet_count":0,"master_deck":["TheCursedMod:Strike_TheCursed","TheCursedMod:Strike_TheCursed","TheCursedMod:Strike_TheCursed","TheCursedMod:Strike_TheCursed","TheCursedMod:Defend_TheCursed","TheCursedMod:Defend_TheCursed+1","TheCursedMod:Defend_TheCursed","TheCursedMod:Defend_TheCursed","TheCursedMod:CursedWand","TheCursedMod:CleanUpWorkshop+1","TheCursedMod:Dregs","Apotheosis+1","TheCursedMod:LuckyCharm","TheCursedMod:Grudge","TheCursedMod:SoulReap","Regret","TheCursedMod:FuryStrike","TheCursedMod:EmpowerCircles+1","TheCursedMod:CircleOfBlood+1","TheCursedMod:CircleOfCorruption","TheCursedMod:Neurasthenia","TheCursedMod:SmokeScreen","TheCursedMod:CursedBlade+1","TheCursedMod:DemonSword+1","TheCursedMod:CursedMace+1","TheCursedMod:SpitefulStrike+1","TheCursedMod:CursedShiv+1","TheCursedMod:ManaCirculation+1","TheCursedMod:SoulCrush+1","TheCursedMod:AbyssShockwave+1","TheCursedMod:StunningStrike+1","expansioncontent:AwakenDeath+1","TheCursedMod:NeowsMight","TheCursedMod:CursedStaff+1","expansioncontent:DashGenerateEvil","TheCursedMod:RapidMovement+1","TheCursedMod:NeowsMight","TheCursedMod:SpitefulPlan+1"],"relics":["TheCursedMod:BlackMagic101","War Paint","InkBottle","PreservedInsect","downfall:HeartBlessingBlue","Frozen Egg 2","SlaversCollar","downfall:HeartBlessingGreen","downfall:HeartBlessingRed","Du-Vu Doll","Pantograph","Mummified Hand","TheCursedMod:BloodyHarpoon","SacredBark","Eternal Feather","champ:DeflectingBracers","champ:DuelingGlove","Pen Nib"],"acts_visited":["Exordium","TheCity","TheBeyond","TheEnding"],"potions_floor_usage":[56,56],"damage_taken":[{"damage":0.0,"enemies":"2 Louse","floor":2.0,"turns":4.0},{"damage":16.0,"enemies":"Gremlin Nob","floor":3.0,"turns":5.0},{"damage":2.0,"enemies":"Jaw Worm","floor":4.0,"turns":4.0},{"damage":18.0,"enemies":"Small Slimes","floor":6.0,"turns":4.0},{"damage":11.0,"enemies":"3 Louse","floor":8.0,"turns":4.0},{"damage":23.0,"enemies":"Lagavulin","floor":9.0,"turns":7.0},{"damage":0.0,"enemies":"downfall:FleeingMerchant","floor":11.0,"turns":4.0},{"damage":9.0,"enemies":"Gremlin Nob","floor":12.0,"turns":4.0},{"damage":18.0,"enemies":"Large Slime","floor":14.0,"turns":6.0},{"damage":0.0,"enemies":"Red Slaver","floor":15.0,"turns":1.0},{"damage":42.0,"enemies":"WA_ARCHETYPE_RETAIN","floor":16.0,"turns":12.0},{"damage":8.0,"enemies":"Shell Parasite","floor":19.0,"turns":7.0},{"damage":14.0,"enemies":"Spheric Guardian","floor":21.0,"turns":5.0},{"damage":0.0,"enemies":"SI_SHIV_ARCHETYPE","floor":23.0,"turns":5.0},{"damage":0.0,"enemies":"downfall:FleeingMerchant","floor":25.0,"turns":4.0},{"damage":24.0,"enemies":"Shelled Parasite and Fungi","floor":26.0,"turns":6.0},{"damage":13.0,"enemies":"Gremlin Leader","floor":29.0,"turns":4.0},{"damage":29.0,"enemies":"Sentry and Sphere","floor":31.0,"turns":4.0},{"damage":22.0,"enemies":"3 Cultists","floor":32.0,"turns":6.0},{"damage":0.0,"enemies":"IC_MUSHROOM_ARCHETYPE","floor":33.0,"turns":4.0},{"damage":38.0,"enemies":"Orb Walker","floor":39.0,"turns":5.0},{"damage":48.0,"enemies":"3 Darklings","floor":43.0,"turns":8.0},{"damage":6.0,"enemies":"Nemesis","floor":44.0,"turns":4.0},{"damage":23.0,"enemies":"4 Shapes","floor":45.0,"turns":5.0},{"damage":5.0,"enemies":"downfall:FleeingMerchant","floor":46.0,"turns":3.0},{"damage":31.0,"enemies":"Jaw Worm Horde","floor":47.0,"turns":4.0},{"damage":5.0,"enemies":"Writhing Mass","floor":48.0,"turns":4.0},{"damage":14.0,"enemies":"Spire Growth","floor":49.0,"turns":4.0},{"damage":88.0,"enemies":"DF_ARCHETYPE_ORBS","floor":50.0,"turns":8.0},{"damage":78.0,"enemies":"downfall:CharBossMerchant","floor":52.0,"turns":7.0},{"damage":33,"enemies":"downfall:NeowBoss","floor":55,"turns":9},{"damage":130,"enemies":"downfall:NeowBossFinal","floor":56,"turns":6}],"seed_played":"-4718219439004246010","potions_obtained":[{"floor":4.0,"key":"PowerPotion"},{"floor":8.0,"key":"LiquidMemories"},{"floor":9.0,"key":"Energy Potion"},{"floor":19.0,"key":"Explosive Potion"},{"floor":27.0,"key":"CultistPotion"},{"floor":33.0,"key":"SteroidPotion"},{"floor":52.0,"key":"ColorlessPotion"}],"is_trial":false,"path_per_floor":["R","M","?","M","?","M","T","M","E","R","$","E","R","M","M","B",null,"R","M","?","M","?","?","T","$","M","?","R","E","R","M","M","B",null,"R","?","?","?","M","R","T","R","M","E","M","$","M","M","M","B",null,"E","$","R","B","B",null],"character_chosen":"THE_CURSED","items_purchased":["TheCursedMod:CircleOfCorruption","champ:DuelingGlove","expansioncontent:DashGenerateEvil","DistilledChaos","FairyPotion","PowerPotion","TheCursedMod:SpitefulPlan+1"],"campfire_rested":1,"item_purchase_floors":[11,46,46,46,53,53,53],"current_hp_per_floor":[75,75,59,57,57,46,46,40,24,34,49,45,45,38,46,15,85,85,77,77,71,71,81,81,85,61,61,61,71,71,58,51,85,85,85,85,85,77,52,52,52,70,39,52,33,32,1,12,16,7,85,17,17,63,64,51],"gold":6,"neow_bonus":"RANDOM_COLORLESS_2","is_daily":false,"chose_seed":false,"campfire_upgraded":8,"win_rate":0.0,"timestamp":1611537787,"path_taken":["R","M","?","M","?","M","T","?","E","R","$","E","R","M","M","BOSS","R","M","?","M","?","?","T","$","M","?","R","E","R","?","M","BOSS","R","?","?","?","M","R","T","R","M","E","?","$","M","M","M","BOSS","E","$","R","BOSS","BOSS"],"items_purchased_type":["Card","Relic","Card","Potion","Potion","Potion","Card"],"build_version":"2020-12-22","purchased_purges":0,"victory":true,"max_hp_per_floor":[75,75,75,75,75,75,75,75,75,85,85,85,85,85,85,85,85,85,85,85,85,85,85,85,85,85,85,85,85,85,85,85,85,85,85,85,85,85,85,85,85,85,85,85,85,85,85,85,85,85,85,85,85,85,85,85],"card_choices":[{"not_picked":["Metamorphosis","HandOfGreed"],"picked":"Apotheosis","floor":0.0},{"not_picked":["TheCursedMod:RavingStaff","TheCursedMod:CircleOfFlame"],"picked":"TheCursedMod:LuckyCharm","floor":2.0},{"not_picked":["TheCursedMod:RapidMovement","TheCursedMod:DoubleShield"],"picked":"TheCursedMod:Grudge","floor":3.0},{"not_picked":["TheCursedMod:SmokeScreen","TheCursedMod:ReleasedKnowledge"],"picked":"TheCursedMod:SoulReap","floor":4.0},{"not_picked":["TheCursedMod:Hemoplague","TheCursedMod:RapidMovement"],"picked":"TheCursedMod:FuryStrike","floor":6.0},{"not_picked":["TheCursedMod:FleshFromBone","TheCursedMod:Wield"],"picked":"TheCursedMod:EmpowerCircles","floor":8.0},{"not_picked":["TheCursedMod:VitalStrike","TheCursedMod:CircleOfAmplification"],"picked":"TheCursedMod:CircleOfBlood","floor":9.0},{"not_picked":["TheCursedMod:FleshFromBone","TheCursedMod:RapidMovement","TheCursedMod:SoulReap"],"picked":"SKIP","floor":11.0},{"not_picked":["TheCursedMod:ManaBullet","TheCursedMod:WearCloak"],"picked":"TheCursedMod:Neurasthenia","floor":12.0},{"not_picked":["TheCursedMod:SurpriseAttack","TheCursedMod:FuryStrike"],"picked":"TheCursedMod:SmokeScreen","floor":14.0},{"not_picked":["TheCursedMod:SurpriseAttack","TheCursedMod:Obscuration"],"picked":"TheCursedMod:CursedBlade","floor":15.0},{"not_picked":["TheCursedMod:DarkBarrier","TheCursedMod:AntiAging"],"picked":"TheCursedMod:DemonSword","floor":16.0},{"not_picked":["TheCursedMod:Stigma","TheCursedMod:SurpriseAttack+1"],"picked":"TheCursedMod:CursedMace","floor":19.0},{"not_picked":["TheCursedMod:DoubleShield","TheCursedMod:TacticalStrike"],"picked":"TheCursedMod:CursedShiv+1","floor":21.0},{"not_picked":["TheCursedMod:Obscuration","TheCursedMod:CircleOfWindfury"],"picked":"TheCursedMod:ManaCirculation+1","floor":25.0},{"not_picked":["TheCursedMod:CircleOfFlame","TheCursedMod:SoulReap"],"picked":"TheCursedMod:SoulCrush+1","floor":26.0},{"not_picked":["TheCursedMod:CursedAmulet+1","TheCursedMod:CursedMace+1","TheCursedMod:Wield"],"picked":"SKIP","floor":29.0},{"not_picked":["TheCursedMod:CircleOfFlame","TheCursedMod:LuckyCharm+1","TheCursedMod:RavingStaff"],"picked":"SKIP","floor":31.0},{"not_picked":["TheCursedMod:FleshFromBone","TheCursedMod:CursedSpellbook"],"picked":"TheCursedMod:AbyssShockwave","floor":32.0},{"not_picked":["TheCursedMod:ManaCirculation+1","TheCursedMod:CursedRelics"],"picked":"TheCursedMod:StunningStrike","floor":33.0},{"not_picked":["expansioncontent:YouAreMine","expansioncontent:HyperBeam"],"picked":"expansioncontent:AwakenDeath+1","floor":36.0},{"not_picked":["TheCursedMod:StingEye","TheCursedMod:CursedMace","TheCursedMod:SurpriseAttack+1"],"picked":"SKIP","floor":39.0},{"not_picked":["TheCursedMod:SpitefulStrike","TheCursedMod:CursedSpellbook+1"],"picked":"TheCursedMod:NeowsMight","floor":43.0},{"not_picked":["TheCursedMod:Obscuration","TheCursedMod:CursedMace+1"],"picked":"TheCursedMod:CursedStaff+1","floor":44.0},{"not_picked":["TheCursedMod:CircleOfCorruption","TheCursedMod:CircleOfAmplification","TheCursedMod:CursedSpellbook+1"],"picked":"SKIP","floor":45.0},{"not_picked":["TheCursedMod:Evocation+1","TheCursedMod:Wield","TheCursedMod:CursedArmor+1"],"picked":"SKIP","floor":46.0},{"not_picked":["TheCursedMod:Evocation","TheCursedMod:CursedSpellbook+1"],"picked":"TheCursedMod:RapidMovement+1","floor":47.0},{"not_picked":["TheCursedMod:SpitefulStrike+1","TheCursedMod:LuckyCharm+1"],"picked":"TheCursedMod:NeowsMight","floor":48.0},{"not_picked":["TheCursedMod:CircleOfFlame+1","TheCursedMod:FuryStrike","TheCursedMod:AbyssShockwave"],"picked":"SKIP","floor":49.0},{"not_picked":["TheCursedMod:Stretching+1","TheCursedMod:CircleOfFlame+1","TheCursedMod:CircleOfCorruption+1"],"picked":"SKIP","floor":52.0}],"player_experience":112694,"relics_obtained":[{"floor":3.0,"key":"War Paint"},{"floor":9.0,"key":"PreservedInsect"},{"floor":12.0,"key":"Frozen Egg 2"},{"floor":23.0,"key":"Du-Vu Doll"},{"floor":23.0,"key":"Pantograph"},{"floor":24.0,"key":"Mummified Hand"},{"floor":29.0,"key":"TheCursedMod:BloodyHarpoon"},{"floor":41.0,"key":"Eternal Feather"},{"floor":44.0,"key":"champ:DeflectingBracers"},{"floor":52.0,"key":"Pen Nib"}],"event_choices":[{"damage_healed":0.0,"max_hp_gain":0.0,"max_hp_loss":0.0,"gold_gain":0.0,"event_name":"Big Fish","player_choice":"Box","floor":5.0,"gold_loss":0.0,"damage_taken":0.0,"relics_obtained":["InkBottle"],"cards_obtained":["Regret"]},{"damage_healed":0.0,"max_hp_gain":0.0,"max_hp_loss":0.0,"gold_gain":0.0,"event_name":"The Library","player_choice":"Read","floor":20.0,"gold_loss":0.0,"damage_taken":0.0,"cards_obtained":["TheCursedMod:SpitefulStrike"]},{"damage_healed":0.0,"max_hp_gain":0.0,"max_hp_loss":0.0,"gold_gain":0.0,"event_name":"Lab","player_choice":"Got Potions","floor":27.0,"gold_loss":0.0,"damage_taken":0.0},{"damage_healed":0.0,"max_hp_gain":0.0,"max_hp_loss":0.0,"gold_gain":0.0,"event_name":"OrinTheCat","player_choice":"Ignored","floor":37.0,"gold_loss":0.0,"damage_taken":0.0}],"is_beta":false,"boss_relics":[{"not_picked":["TheCursedMod:FourLeafCloverCharm","Runic Dome"],"picked":"SlaversCollar"},{"not_picked":["Black Star","Coffee Dripper"],"picked":"SacredBark"}],"items_purged_floors":[],"is_endless":false,"potions_floor_spawned":[4,8,9,14,19,21,29,31,33,47,48,49,52],"ascension_level":0}}