{"host":"78pbttriv9wi8lgr","time":1611591094,"event":{"mods":["AchievementEnabler","Act Like it!","Astrologer","BaseMod","Gensokyo","GifTheSpireLib","Koishi","Marisa（霧雨　魔理沙）","Minty Spire (QoL Compilation)","Quick Restart","Remilia（蕾米莉?）","Remove Card Discount Mod","StSLib","The Administrix"],"gold_per_floor":[119,119,119,138,5,5,23,58,105,105,105,105,115,133,133,133,133],"floor_reached":16,"language":"ENG","playtime":878,"items_purged":[],"score":136,"play_id":"19d7bcab-d7aa-4d0d-8fab-cad8f612f9c7","local_time":"20210126011134","is_ascension_mode":true,"campfire_choices":[{"data":"Koishi:SubconsciousSweep","floor":6,"key":"SMITH"},{"floor":10,"key":"REST"},{"floor":12,"key":"REST"},{"data":"Koishi:HauntingSlash","floor":15,"key":"SMITH"}],"circlet_count":0,"master_deck":["Koishi:BasicStrike","Koishi:BasicStrike","Koishi:BasicStrike","Koishi:BasicDefend+1","Koishi:BasicDefend","Koishi:BasicDefend","Koishi:BasicDefend","Koishi:Provoke","Koishi:HauntingSlash+1","Koishi:SubconsciousSweep+1","Koishi:JumpScare+1"],"relics":["Koishi:ImaginaryFriend","Gensokyo:CelestialsFlawlessClothing","Omamori","War Paint","Gensokyo:NagashiBinaDoll","Ornamental Fan","Ginger"],"acts_visited":["Exordium"],"potions_floor_usage":[8,16],"damage_taken":[{"damage":4,"enemies":"Gensokyo:Gryphon","floor":1,"turns":6},{"damage":0,"enemies":"Gensokyo:3_Fairies","floor":4,"turns":3},{"damage":6,"enemies":"Gensokyo:2_Kodama","floor":7,"turns":3},{"damage":97,"enemies":"Gensokyo:Mamizou","floor":8,"turns":18},{"damage":4,"enemies":"Gensokyo:VengefulSpirit","floor":13,"turns":7},{"damage":9,"enemies":"Gensokyo:CorruptedTreant","floor":14,"turns":5},{"damage":64,"enemies":"Gensokyo:Reimu","floor":16,"turns":11}],"seed_played":"-2414565930257283058","potions_obtained":[{"floor":4,"key":"DuplicationPotion"},{"floor":8,"key":"PowerPotion"},{"floor":13,"key":"SteroidPotion"}],"is_trial":false,"path_per_floor":["M","$","?","M","COS","R","M","E","T","R","?","R","M","M","R","B"],"character_chosen":"KOISHI","items_purchased":[],"campfire_rested":2,"item_purchase_floors":[],"current_hp_per_floor":[51,51,36,36,36,36,33,4,4,22,22,40,42,39,39,41,41],"gold":133,"neow_bonus":"TRANSFORM_CARD","is_daily":false,"chose_seed":false,"campfire_upgraded":2,"win_rate":0.0,"timestamp":1611591094,"path_taken":["M","$","?","M","COS","R","M","E","T","R","?","R","M","M","R","BOSS"],"items_purchased_type":[],"build_version":"2020-12-22","purchased_purges":0,"victory":false,"max_hp_per_floor":[60,60,60,60,60,60,60,60,60,60,60,60,60,60,60,60,60],"card_choices":[{"not_picked":["Koishi:YoukaiPolygraph","Koishi:ParalyzingFear"],"picked":"Koishi:JumpScare","floor":1},{"not_picked":["Koishi:GeneticsOfTheUnconscious","Koishi:CatchAndRose","Koishi:Catatonia"],"picked":"SKIP","floor":4},{"not_picked":["Koishi:Bloodlust","Koishi:BloodcurdlingScream","Koishi:Vanish"],"picked":"SKIP","floor":7},{"not_picked":["Koishi:ReleaseOfTheId","Koishi:UnansweredLove","Koishi:PredatoryInstincts"],"picked":"SKIP","floor":8},{"not_picked":["Koishi:EmbryosDream","Koishi:FourthEye","Koishi:UnseenTerror"],"picked":"SKIP","floor":13},{"not_picked":["Koishi:ReleaseOfTheId","Koishi:HeartfeltFancy","Koishi:RorschachInDanmaku"],"picked":"SKIP","floor":14}],"player_experience":776063,"relics_obtained":[{"floor":8,"key":"Omamori"},{"floor":9,"key":"War Paint"}],"event_choices":[],"is_beta":false,"boss_relics":[],"items_purged_floors":[],"is_endless":false,"potions_floor_spawned":[4,8,13],"killed_by":"Gensokyo:Reimu","ascension_level":8}}