{"host":"n9lc5i44t98l6pio","time":1611579040,"event":{"mods":["BaseMod","Curses Come First","Downfall","Minty Spire (QoL Compilation)","Replay The Spire","Say the Spire","StSLib"],"gold_per_floor":[112,123,123,143,143,143,173,187,187,214,226,252,262,280,280,385,385,404,404,415,441,490,525,525,556,602,634,649,649,649,678,678,776,776,776,776,641,660,710,710,728,728,728,755,755,767,767,9,9,9,9,9,14,44,44],"floor_reached":56,"language":"ENG","playtime":3387,"items_purged":[],"score":1340,"play_id":"8a01a9ef-5f95-4dee-9625-c0f7a2d96500","local_time":"20210125135040","is_ascension_mode":true,"campfire_choices":[{"floor":6.0,"key":"REST"},{"floor":15.0,"key":"REST"},{"floor":24.0,"key":"REST"},{"floor":30.0,"key":"REST"},{"floor":40.0,"key":"RECALL"},{"floor":42.0,"key":"REST"},{"floor":45.0,"key":"REST"},{"floor":49.0,"key":"REST"}],"circlet_count":0,"master_deck":["Strike_B","Strike_B","Strike_B","Strike_B","Defend_B","Defend_B","Defend_B","Zap","Dualcast","Gash","Rip and Tear","Glacier+1","Tempest","Darkness","Meteor Strike+1","Conserve Battery","Core Surge","BasicCrystalCard","Fusion","Creative AI","BasicCrystalCard","Ball Lightning","ReplayTheSpireMod:Splinters","Sunder","Consume+1","Consume","Leap+1","Rainbow+1","J.A.X.","Force Field","Creative AI","Cold Snap+1","Stack+1","Stack+1","Consume","Amplify","BasicCrystalCard+1","ReplayTheSpireMod:IOU","ReplayTheSpireMod:IOU","FIFO Queue","Leap","Dramatic Entrance","ReplayTheSpireMod:IOU","ReplayTheSpireMod:IOU","ReplayTheSpireMod:IOU","Barrage+1"],"relics":["Cracked Core","Gambling Chip","Cables","Replay:Bottled Snecko","Chameleon Ring","Honey Jar","Pen Nib","Replay:WaspNest","Carrot","Replay:Wax Seal","Nunchaku","Mercury Hourglass","Fusion Hammer","Counterbalance","Replay:Bottled Flurry","Singing Bowl","Guide Book","ReplayTheSpireMod:Lightbulb","Replay:Towering Pillar of Hats","BargainBundle","Turnip","Toy Ornithopter"],"acts_visited":["Exordium","TheCity","TheBeyond","TheEnding"],"potions_floor_usage":[54,54,55],"damage_taken":[{"damage":1.0,"enemies":"Cultist","floor":1.0,"turns":3.0},{"damage":0.0,"enemies":"2 Louse","floor":2.0,"turns":2.0},{"damage":1.0,"enemies":"Jaw Worm","floor":4.0,"turns":2.0},{"damage":17.0,"enemies":"Replay:BlueRogue","floor":7.0,"turns":7.0},{"damage":0.0,"enemies":"Lots of Slimes","floor":8.0,"turns":3.0},{"damage":16.0,"enemies":"3 Sentries","floor":10.0,"turns":5.0},{"damage":2.0,"enemies":"Blue Slaver","floor":11.0,"turns":2.0},{"damage":17.0,"enemies":"Lagavulin","floor":12.0,"turns":5.0},{"damage":0.0,"enemies":"Exordium Wildlife","floor":13.0,"turns":3.0},{"damage":10.0,"enemies":"Gremlin Gang","floor":14.0,"turns":5.0},{"damage":0.0,"enemies":"Slime Boss","floor":16.0,"turns":1.0},{"damage":5.0,"enemies":"Shell Parasite","floor":18.0,"turns":4.0},{"damage":0.0,"enemies":"Chosen","floor":20.0,"turns":5.0},{"damage":22.0,"enemies":"Book of Stabbing","floor":23.0,"turns":5.0},{"damage":30.0,"enemies":"Replay:Snechameleon","floor":25.0,"turns":6.0},{"damage":31.0,"enemies":"Slavers","floor":27.0,"turns":4.0},{"damage":3.0,"enemies":"Snecko","floor":28.0,"turns":3.0},{"damage":0.0,"enemies":"Book of Stabbing","floor":31.0,"turns":4.0},{"damage":48.0,"enemies":"Collector","floor":33.0,"turns":9.0},{"damage":0.0,"enemies":"3 Shapes","floor":35.0,"turns":1.0},{"damage":0.0,"enemies":"3 Darklings","floor":38.0,"turns":3.0},{"damage":15.0,"enemies":"Mind Bloom Boss Battle","floor":39.0,"turns":8.0},{"damage":20.0,"enemies":"Sphere and 2 Shapes","floor":41.0,"turns":5.0},{"damage":32.0,"enemies":"Nemesis","floor":44.0,"turns":9.0},{"damage":19.0,"enemies":"Maw","floor":46.0,"turns":8.0},{"damage":32.0,"enemies":"Replay:Hell Engine","floor":50.0,"turns":11.0},{"damage":76,"enemies":"Shield and Spear","floor":54,"turns":5},{"damage":69,"enemies":"The Heart","floor":55,"turns":8}],"seed_played":"-5743985491580010603","potions_obtained":[{"floor":4.0,"key":"sneckomod:MuddlingPotion"},{"floor":5.0,"key":"SkillPotion"},{"floor":5.0,"key":"DistilledChaos"},{"floor":5.0,"key":"hexamod:SoulburnPotion"},{"floor":8.0,"key":"Explosive Potion"},{"floor":10.0,"key":"Dexterity Potion"},{"floor":13.0,"key":"EntropicBrew"},{"floor":20.0,"key":"FearPotion"},{"floor":21.0,"key":"Block Potion"},{"floor":21.0,"key":"SneckoOil"},{"floor":21.0,"key":"Swift Potion"},{"floor":27.0,"key":"ColorlessPotion"},{"floor":28.0,"key":"LifebloodPotion"},{"floor":31.0,"key":"SmokeBomb"},{"floor":33.0,"key":"sneckomod:MuddlingPotion"},{"floor":44.0,"key":"ColorlessPotion"},{"floor":46.0,"key":"Death Potion"},{"floor":52.0,"key":"Regen Potion"},{"floor":52.0,"key":"sneckomod:MuddlingPotion"},{"floor":54,"key":"ColorlessPotion"}],"is_trial":false,"path_per_floor":["M","M","?","M","?","R","E","M","T","E","M","E","M","M","R","B",null,"M","?","M","?","T","E","R","E","T","E","M","?","R","E","R","B",null,"M","?","$","M","?","R","M","R","T","E","R","M","?","$","R","B",null,"R","$","E","B",null],"character_chosen":"DEFECT","items_purchased":["Cold Snap+1","FairyPotion","BasicCrystalCard+1","Guide Book","ReplayTheSpireMod:Lightbulb","SkillPotion","Replay:Towering Pillar of Hats","BargainBundle","FIFO Queue","Leap","Dramatic Entrance","Turnip"],"campfire_rested":7,"item_purchase_floors":[37,37,48,48,48,48,48,53,53,53,53,53],"current_hp_per_floor":[53,53,53,52,52,74,57,57,57,41,39,22,22,12,34,34,75,70,70,70,70,70,48,70,40,40,9,6,6,28,28,50,2,75,75,75,75,75,60,60,40,62,62,30,52,35,35,35,58,26,77,77,77,19,7],"gold":44,"neow_bonus":"ONE_RARE_RELIC","is_daily":false,"chose_seed":false,"campfire_upgraded":0,"win_rate":0.0,"timestamp":1611579040,"path_taken":["M","M","?","?","?","R","E","?","T","E","M","E","?","M","R","BOSS","M","?","?","?","?","E","R","E","T","E","?","?","R","E","R","BOSS","M","?","$","M","?","R","M","R","T","E","R","M","?","$","R","BOSS","R","$","E","BOSS"],"items_purchased_type":["Card","Potion","Card","Relic","Relic","Potion","Relic","Relic","Card","Card","Card","Relic"],"build_version":"2020-12-22","purchased_purges":0,"victory":true,"max_hp_per_floor":[75,75,75,75,75,75,75,75,75,75,75,75,75,75,75,75,75,75,75,75,75,75,75,75,75,75,75,75,75,75,75,75,75,75,75,75,75,75,75,75,75,75,75,75,75,77,77,77,77,77,77,77,77,77,77],"card_choices":[{"not_picked":["Turbo","Steam Power"],"picked":"Gash","floor":1.0},{"not_picked":["Leap","Turbo"],"picked":"Rip and Tear","floor":2.0},{"not_picked":["Consume","Auto Shields"],"picked":"Glacier","floor":4.0},{"not_picked":["Panic Button","Coolheaded"],"picked":"Tempest","floor":7.0},{"not_picked":["Hologram","Compile Driver"],"picked":"Darkness","floor":8.0},{"not_picked":["Hologram","Rip and Tear"],"picked":"Meteor Strike","floor":10.0},{"not_picked":["Go for the Eyes","Turbo"],"picked":"Conserve Battery","floor":11.0},{"not_picked":["Consume","ReplaySort"],"picked":"Core Surge","floor":12.0},{"not_picked":["Panic Button","Stack"],"picked":"BasicCrystalCard","floor":13.0},{"not_picked":["ReplayTheSpireMod:Reroute Power","Sweeping Beam"],"picked":"Fusion","floor":14.0},{"not_picked":["Buffer","Rainbow"],"picked":"Creative AI","floor":16.0},{"not_picked":["Stack","Leap","Coolheaded"],"picked":"BasicCrystalCard","floor":18.0},{"not_picked":["Gash+1","Sweeping Beam","Compile Driver+1"],"picked":"Ball Lightning","floor":20.0},{"not_picked":["Darkness","Compile Driver","Gash"],"picked":"Sunder","floor":21.0},{"not_picked":["Aggregate","Go for the Eyes+1","Hologram"],"picked":"Consume+1","floor":23.0},{"not_picked":["Self Repair","ReplaySolidLightProjector","Ball Lightning"],"picked":"Consume","floor":25.0},{"not_picked":["Scrape","Compile Driver","Ball Lightning"],"picked":"Leap+1","floor":27.0},{"not_picked":["Conserve Battery+1","Stack","Cold Snap"],"picked":"Rainbow","floor":28.0},{"not_picked":["Chaos","Scrape+1","ReplaySolidLightProjector"],"picked":"Force Field","floor":31.0},{"not_picked":["ReplayTheSpireMod:Fabricate Wheel","Meteor Strike","Fission"],"picked":"Creative AI","floor":33.0},{"not_picked":["FTL","Ball Lightning+1","ReplaySolidLightProjector+1"],"picked":"Stack+1","floor":38.0},{"not_picked":["Steam+1","Barrage+1","Scrape"],"picked":"Stack+1","floor":39.0},{"not_picked":["Force Field","Rainbow","Aggregate"],"picked":"Consume","floor":41.0},{"not_picked":["Rebound+1","Go for the Eyes+1","Core Surge"],"picked":"Amplify","floor":44.0},{"not_picked":["Sweeping Beam","Turbo","ReplayTheSpireMod:GoodbyeWorld+1","ReplayTheSpireMod:System Scan"],"picked":"Singing Bowl","floor":46.0},{"not_picked":["ReplaySort","Gash+1","Machine Learning"],"picked":"Barrage+1","floor":54}],"player_experience":197797,"relics_obtained":[{"floor":7.0,"key":"Cables"},{"floor":10.0,"key":"Replay:Bottled Snecko"},{"floor":12.0,"key":"Chameleon Ring"},{"floor":22.0,"key":"Pen Nib"},{"floor":23.0,"key":"Replay:WaspNest"},{"floor":25.0,"key":"Carrot"},{"floor":26.0,"key":"Replay:Wax Seal"},{"floor":27.0,"key":"Nunchaku"},{"floor":31.0,"key":"Mercury Hourglass"},{"floor":39.0,"key":"Counterbalance"},{"floor":43.0,"key":"Replay:Bottled Flurry"},{"floor":44.0,"key":"Singing Bowl"},{"floor":54,"key":"Toy Ornithopter"}],"event_choices":[{"damage_healed":0.0,"max_hp_gain":0.0,"max_hp_loss":0.0,"gold_gain":0.0,"event_name":"Purifier","player_choice":"Ignored","floor":3.0,"gold_loss":0.0,"damage_taken":0.0},{"damage_healed":0.0,"max_hp_gain":0.0,"max_hp_loss":0.0,"gold_gain":0.0,"event_name":"Lab","player_choice":"Got Potions","floor":5.0,"gold_loss":0.0,"damage_taken":0.0},{"damage_healed":0.0,"max_hp_gain":0.0,"max_hp_loss":0.0,"gold_gain":0.0,"event_name":"NoteForYourself","player_choice":"Ignored","floor":19.0,"gold_loss":0.0,"damage_taken":0.0},{"damage_healed":0.0,"max_hp_gain":0.0,"max_hp_loss":0.0,"gold_gain":0.0,"event_name":"Drug Dealer","player_choice":"Obtain J.A.X.","floor":29.0,"gold_loss":0.0,"damage_taken":0.0,"cards_obtained":["J.A.X."]},{"cards_removed":["Defend_B"],"damage_healed":0.0,"max_hp_gain":0.0,"max_hp_loss":0.0,"gold_gain":0.0,"event_name":"Falling","player_choice":"Removed Skill","floor":36.0,"gold_loss":0.0,"damage_taken":0.0},{"damage_healed":0.0,"max_hp_gain":0.0,"max_hp_loss":0.0,"gold_gain":0.0,"event_name":"MindBloom","player_choice":"Fight","floor":39.0,"gold_loss":0.0,"damage_taken":0.0},{"damage_healed":0.0,"max_hp_gain":0.0,"max_hp_loss":0.0,"gold_gain":0.0,"event_name":"Mysterious Sphere","player_choice":"Ignored","floor":47.0,"gold_loss":0.0,"damage_taken":0.0}],"is_beta":false,"boss_relics":[{"not_picked":["Coffee Dripper","ReplayTheSpireMod:DimensionalGlitch"],"picked":"Honey Jar"},{"not_picked":["Runic Pyramid","Abe\u0027s Treasure"],"picked":"Fusion Hammer"}],"items_purged_floors":[],"is_endless":false,"potions_floor_spawned":[4,7,8,10,13,20,27,28,31,33,44,46,54],"ascension_level":1}}