{"host":"h5acbxt0wmjo1kpm","time":1611555343,"event":{"mods":["2.2 Compatiblity","Act Like it!","AlwaysNeverKeys","Aspiration","Bard","Bartender","BaseMod","Better Third Choice","Colored Map","Downfall","Elementarium","Gensokyo","GifTheSpireLib","Hallownest","Marisa????????","Menagerie","Minty Spire (QoL Compilation)","Permanent Neow","Potionbrewer","Quick Restart","Relic Filter","Reliquary","Replay The Spire","Robot Space Explorer","RumiaBox-????????","Shade Mod","Spicy Shops","StSLib","Strawberry Spire","The Blackbeard","The Dragon Tamer","The Gatherer","The Hayseed","The Problem Sleuth","The Servant 0.9.4","Wandering Minibosses"],"gold_per_floor":[99,116,132,132,125,136,185,185,185,20,12,33,33,88,70,70,70,70],"floor_reached":16,"language":"ENG","playtime":1351,"items_purged":[],"score":112,"play_id":"20c8ee44-e06c-4be1-913f-5af8c0272ea2","local_time":"20210124221543","is_ascension_mode":true,"campfire_choices":[{"data":"champ:Taunt","floor":1,"key":"SMITH"},{"data":"champ:Execute","floor":8,"key":"SMITH"},{"data":"champ:DancingMaster","floor":13,"key":"SMITH"}],"circlet_count":0,"master_deck":["champ:Strike","champ:Strike","champ:Strike","champ:Strike","champ:Defend","champ:Defend","champ:Defend","champ:Defend","champ:Execute+1","champ:Taunt+1","champ:BerserkerStyle","champ:DefensiveShout","Injury","champ:FlashCut+1","champ:DefensiveStyle","champ:StanceDance","champ:PreemptiveStrike+1","champ:DancingMaster+1","champ:FanOfKnives+1","champ:GutPunch+1"],"relics":["champ:ChampionCrown","Anchor","Molten Egg 2","Potion Belt","downfall:BrokenWingStatue","reliquary:Boomerang","Orichalcum","Replay:Bottled Flurry"],"acts_visited":["Exordium"],"potions_floor_usage":[11,15,16],"damage_taken":[{"damage":10,"enemies":"2 Louse","floor":2,"turns":2},{"damage":16,"enemies":"Jaw Worm","floor":3,"turns":4},{"damage":41,"enemies":"Small Slimes","floor":5,"turns":6},{"damage":33,"enemies":"2 Fungi Beasts","floor":6,"turns":5},{"damage":17,"enemies":"downfall:FleeingMerchant","floor":10,"turns":4},{"damage":27,"enemies":"Large Slime","floor":11,"turns":7},{"damage":22,"enemies":"strawberrySpire:EnergyPylons","floor":12,"turns":4},{"damage":27,"enemies":"3 Sentries","floor":14,"turns":9},{"damage":25,"enemies":"Exordium Wildlife","floor":15,"turns":5},{"damage":35,"enemies":"DF_ARCHETYPE_STREAMLINE","floor":16,"turns":5}],"seed_played":"-577712528997656241","potions_obtained":[{"floor":5,"key":"potionbrewer:CleansingPotion"},{"floor":6,"key":"AttackPotion"},{"floor":14,"key":"BlessingOfTheForge"}],"is_trial":false,"path_per_floor":["R_BF","M","M","?","M","M","T","R","?","$","M","E","R","?","M","B"],"character_chosen":"THE_CHAMP","items_purchased":["reliquary:Boomerang"],"campfire_rested":0,"item_purchase_floors":[10],"current_hp_per_floor":[90,90,84,84,80,71,71,71,71,71,71,56,56,36,36,1,1,1],"gold":70,"neow_bonus":"RANDOM_COMMON_RELIC","is_daily":false,"chose_seed":false,"campfire_upgraded":3,"win_rate":0.0,"timestamp":1611555343,"path_taken":["R_BF","M","M","?","M","M","T","R","?","$","M","E","R","?","M","BOSS"],"items_purchased_type":["Relic"],"build_version":"2020-12-22","purchased_purges":0,"victory":false,"max_hp_per_floor":[90,90,90,90,90,90,90,90,90,90,90,90,90,90,90,90,90,90],"card_choices":[{"not_picked":["champ:ShieldSigil","champ:Backstep"],"picked":"champ:BerserkerStyle","floor":2},{"not_picked":["champ:PreemptiveStrike","champ:Endure"],"picked":"champ:DefensiveShout","floor":3},{"not_picked":["champ:Circumvent","champ:BringItOn"],"picked":"champ:FlashCut+1","floor":5},{"not_picked":["champ:Endure","champ:DefensiveShout"],"picked":"champ:DefensiveStyle","floor":6},{"not_picked":["champ:PreciseThrust+1","champ:DefensiveShout"],"picked":"champ:StanceDance","floor":10},{"not_picked":["champ:Duel+1","champ:BerserkersShout"],"picked":"champ:PreemptiveStrike+1","floor":11},{"not_picked":["champ:Haymaker+1","champ:EnragedBash+1"],"picked":"champ:DancingMaster","floor":12},{"not_picked":["champ:ShieldSigil","champ:DefensiveShout"],"picked":"champ:FanOfKnives+1","floor":14},{"not_picked":["champ:FlashCut+1","champ:BerserkerStyle"],"picked":"champ:GutPunch+1","floor":15}],"player_experience":2606209,"relics_obtained":[{"floor":7,"key":"Potion Belt"},{"floor":12,"key":"Orichalcum"},{"floor":14,"key":"Replay:Bottled Flurry"}],"event_choices":[],"is_beta":false,"boss_relics":[],"items_purged_floors":[],"is_endless":false,"potions_floor_spawned":[5,6,14],"killed_by":"DF_ARCHETYPE_STREAMLINE","ascension_level":2}}