{"host":"yzlg3mitc00v31o1","time":1611579800,"event":{"mods":["AchievementEnabler","BaseMod","BetterRewards","DeckTracker","Gold Saver","KOR Keyword Fix","Minty Spire (QoL Compilation)","Remove Card Discount Mod","Spicy Shops","StSLib","SuperFastMode"],"gold_per_floor":[963,977,989,989,1002,1002,1022,59,59,59,91,105,105,119,119,216,216,233,244,244,260,279,279,309,320,345,345,361,301,56,75,75,170,170,184,198,245,265,18,18,51,51,51,51,51,67,67,92,92,92,92],"floor_reached":50,"language":"KOR","playtime":3521,"items_purged":["Strike_P","Strike_P","Defend_P","Defend_P","Eruption","Strike_P","Defend_P","Protect","Conclude+1","Perseverance"],"score":626,"play_id":"b26271a4-e837-4c4f-82cf-96e3df74fcb7","local_time":"20210125220320","is_ascension_mode":false,"campfire_choices":[{"data":"SandsOfTime","floor":6,"key":"SMITH"},{"floor":15,"key":"REST"},{"data":"DevaForm","floor":23,"key":"SMITH"},{"floor":27,"key":"REST"},{"data":"DeusExMachina","floor":32,"key":"SMITH"},{"floor":40,"key":"RECALL"},{"floor":42,"key":"REST"},{"data":"Evaluate+1","floor":45,"key":"PURGE"},{"data":"Thinking Ahead","floor":49,"key":"SMITH"}],"circlet_count":0,"master_deck":["Vigilance+1","Consecrate+1","EmptyBody+1","ClearTheMind+1","Brilliance+1","SandsOfTime+1","EmptyFist+1","ClearTheMind+1","Thinking Ahead+1","CutThroughFate+1","DevaForm+1","BattleHymn+1","SignatureMove+1","FlurryOfBlows+1","Perseverance+1","JustLucky+1","DeusExMachina+1","Panacea+1","InnerPeace+1","Brilliance+1","ReachHeaven+1","Worship+1","FlurryOfBlows+1","Vault+1","JustLucky+1","ClearTheMind+1","Thinking Ahead+1","EmptyBody"],"relics":["PureWater","Lantern","Pear","Letter Opener","CaptainsWheel","HandDrill","Eternal Feather","Damaru","Peace Pipe","Runic Pyramid","Calipers","Anchor","Toy Ornithopter","VioletLotus","Prayer Wheel","Blue Candle","Darkstone Periapt","Mark of the Bloom","PreservedInsect"],"acts_visited":["Exordium","TheCity","TheBeyond"],"potions_floor_usage":[14,33,33,35,38,50],"damage_taken":[{"damage":1,"enemies":"Cultist","floor":1,"turns":5},{"damage":0,"enemies":"2 Louse","floor":2,"turns":3},{"damage":0,"enemies":"Small Slimes","floor":3,"turns":5},{"damage":7,"enemies":"Blue Slaver","floor":5,"turns":3},{"damage":0,"enemies":"Large Slime","floor":7,"turns":6},{"damage":14,"enemies":"3 Sentries","floor":11,"turns":4},{"damage":12,"enemies":"Exordium Thugs","floor":12,"turns":3},{"damage":1,"enemies":"Blue Slaver","floor":14,"turns":3},{"damage":0,"enemies":"Slime Boss","floor":16,"turns":7},{"damage":9,"enemies":"3 Byrds","floor":18,"turns":4},{"damage":3,"enemies":"2 Thieves","floor":19,"turns":4},{"damage":25,"enemies":"Centurion and Healer","floor":21,"turns":5},{"damage":9,"enemies":"Snecko","floor":22,"turns":3},{"damage":30,"enemies":"Book of Stabbing","floor":24,"turns":5},{"damage":0,"enemies":"Cultist and Chosen","floor":25,"turns":4},{"damage":4,"enemies":"Centurion and Healer","floor":28,"turns":5},{"damage":0,"enemies":"Shelled Parasite and Fungi","floor":31,"turns":3},{"damage":21,"enemies":"Champ","floor":33,"turns":7},{"damage":17,"enemies":"3 Shapes","floor":35,"turns":3},{"damage":2,"enemies":"3 Darklings","floor":36,"turns":5},{"damage":29,"enemies":"2 Orb Walkers","floor":37,"turns":4},{"damage":12,"enemies":"Spire Growth","floor":38,"turns":4},{"damage":4,"enemies":"Reptomancer","floor":41,"turns":7},{"damage":16,"enemies":"Sphere and 2 Shapes","floor":46,"turns":4},{"damage":0,"enemies":"Giant Head","floor":48,"turns":5},{"damage":69,"enemies":"Awakened One","floor":50,"turns":7}],"seed_played":"5531698229455923192","potions_obtained":[{"floor":3,"key":"Explosive Potion"},{"floor":5,"key":"Regen Potion"},{"floor":7,"key":"Ambrosia"},{"floor":24,"key":"EssenceOfSteel"},{"floor":37,"key":"Block Potion"},{"floor":48,"key":"Weak Potion"}],"is_trial":false,"path_per_floor":["M","M","M","?","M","R","M","$","T","?","E","M","?","M","R","B",null,"M","M","?","M","M","R","E","M","T","R","M","?","$","M","R","B",null,"M","M","?","M","$","R","E","R","T","?","R","M","?","E","R","B"],"character_chosen":"WATCHER","items_purchased":["Lantern","Pear","Consecrate","EmptyBody","Letter Opener","CaptainsWheel","HandDrill","ClearTheMind","Thinking Ahead","Panacea","Toy Ornithopter","Vault","JustLucky"],"campfire_rested":3,"item_purchase_floors":[0,0,0,0,8,8,8,8,8,30,30,39,39],"current_hp_per_floor":[81,81,81,65,58,58,58,58,58,58,44,32,14,22,55,55,82,73,70,70,45,36,48,18,18,18,54,50,50,50,50,62,51,82,65,63,34,27,27,42,38,77,77,77,77,61,61,61,61,0,0],"gold":92,"neow_bonus":"","is_daily":false,"chose_seed":false,"campfire_upgraded":4,"win_rate":0.0,"timestamp":1611579800,"path_taken":["M","M","?","?","M","R","M","$","T","?","E","M","?","M","R","BOSS","M","M","?","M","M","R","E","M","T","R","M","?","$","?","R","BOSS","M","M","?","M","$","R","E","R","T","?","R","M","?","E","R","BOSS"],"items_purchased_type":["Relic","Relic","Card","Card","Relic","Relic","Relic","Card","Card","Card","Relic","Card","Card"],"build_version":"2020-12-22","purchased_purges":10,"victory":false,"max_hp_per_floor":[82,82,82,82,82,82,82,82,82,82,82,82,82,82,82,82,82,82,82,82,82,82,82,82,82,82,82,82,82,82,82,82,82,82,82,82,82,82,82,82,82,82,82,82,82,82,82,82,82,82,82],"card_choices":[{"not_picked":["Protect","Nirvana"],"picked":"ClearTheMind","floor":1},{"not_picked":["CrushJoints","Swivel"],"picked":"Evaluate","floor":2},{"not_picked":["CutThroughFate","Vengeance"],"picked":"Brilliance","floor":3},{"not_picked":["BowlingBash","JustLucky"],"picked":"SandsOfTime","floor":5},{"not_picked":["Halt","BowlingBash"],"picked":"EmptyFist","floor":7},{"not_picked":["Meditate","Crescendo"],"picked":"CutThroughFate","floor":11},{"not_picked":["WreathOfFlame","MasterReality","Evaluate"],"picked":"SKIP","floor":12},{"not_picked":["SashWhip","CrushJoints"],"picked":"Protect","floor":14},{"not_picked":["ConjureBlade","Scrawl"],"picked":"DevaForm","floor":16},{"not_picked":["BowlingBash+1","WheelKick"],"picked":"BattleHymn","floor":18},{"not_picked":["ThirdEye","SashWhip"],"picked":"Conclude+1","floor":19},{"not_picked":["Indignation+1","Protect"],"picked":"SignatureMove+1","floor":21},{"not_picked":["FlyingSleeves+1","Halt"],"picked":"FlurryOfBlows","floor":22},{"not_picked":["LessonLearned","CutThroughFate+1"],"picked":"Perseverance","floor":24},{"not_picked":["EmptyBody","CrushJoints+1"],"picked":"Perseverance+1","floor":25},{"not_picked":["SashWhip","Crescendo","Omniscience"],"picked":"SKIP","floor":28},{"not_picked":["FollowUp","Indignation"],"picked":"InnerPeace+1","floor":31},{"not_picked":["DevaForm","MasterReality"],"picked":"Brilliance","floor":33},{"not_picked":["CutThroughFate","FollowUp+1"],"picked":"ReachHeaven+1","floor":35},{"not_picked":["Crescendo","SignatureMove","WreathOfFlame"],"picked":"SKIP","floor":36},{"not_picked":["BattleHymn+1","Study+1"],"picked":"Worship+1","floor":37},{"not_picked":["CrushJoints","PathToVictory+1"],"picked":"FlurryOfBlows+1","floor":38},{"not_picked":["LikeWater","Pray","Ragnarok"],"picked":"SKIP","floor":38},{"not_picked":["PathToVictory+1","WaveOfTheHand+1","Crescendo"],"picked":"SKIP","floor":41},{"not_picked":["InnerPeace","CrushJoints"],"picked":"ClearTheMind+1","floor":46},{"not_picked":["WaveOfTheHand+1","SashWhip+1","Consecrate"],"picked":"SKIP","floor":46},{"not_picked":["Dark Shackles","Violence"],"picked":"Thinking Ahead","floor":47},{"not_picked":["SashWhip","FlurryOfBlows"],"picked":"EmptyBody","floor":48}],"player_experience":77074,"relics_obtained":[{"floor":9,"key":"Eternal Feather"},{"floor":11,"key":"Damaru"},{"floor":24,"key":"Calipers"},{"floor":26,"key":"Anchor"},{"floor":37,"key":"Prayer Wheel"},{"floor":41,"key":"Blue Candle"},{"floor":43,"key":"Darkstone Periapt"},{"floor":48,"key":"PreservedInsect"}],"event_choices":[{"damage_healed":0,"gold_gain":0,"player_choice":"Entered Light","damage_taken":16,"max_hp_gain":0,"max_hp_loss":0,"event_name":"Shining Light","floor":4,"gold_loss":0,"cards_upgraded":["Vigilance","Consecrate"]},{"damage_healed":0,"gold_gain":0,"player_choice":"Leave","damage_taken":0,"max_hp_gain":0,"max_hp_loss":0,"event_name":"The Cleric","floor":10,"gold_loss":0},{"damage_healed":0,"gold_gain":0,"player_choice":"Success","damage_taken":18,"relics_obtained":["Peace Pipe"],"max_hp_gain":0,"max_hp_loss":0,"event_name":"Scrap Ooze","floor":13,"gold_loss":0},{"damage_healed":0,"gold_gain":0,"player_choice":"Ignored","damage_taken":0,"max_hp_gain":0,"max_hp_loss":0,"event_name":"Ghosts","floor":20,"gold_loss":0},{"damage_healed":0,"gold_gain":0,"cards_transformed":["Defend_P","Strike_P"],"player_choice":"Transformed Cards","damage_taken":0,"max_hp_gain":0,"max_hp_loss":0,"event_name":"Designer","floor":29,"gold_loss":60,"cards_obtained":["JustLucky","DeusExMachina"]},{"damage_healed":0,"gold_gain":0,"player_choice":"Fight","damage_taken":0,"max_hp_gain":0,"max_hp_loss":0,"event_name":"Mysterious Sphere","floor":37,"gold_loss":0},{"damage_healed":0,"gold_gain":0,"player_choice":"Upgrade","damage_taken":0,"relics_obtained":["Mark of the Bloom"],"max_hp_gain":0,"max_hp_loss":0,"event_name":"MindBloom","floor":44,"gold_loss":0,"cards_upgraded":["EmptyBody","ClearTheMind","Evaluate","Brilliance","EmptyFist","ClearTheMind","Thinking Ahead","CutThroughFate","BattleHymn","FlurryOfBlows","JustLucky","Panacea","Brilliance","Vault","JustLucky"]},{"damage_healed":0,"gold_gain":0,"player_choice":"Memory 1","damage_taken":0,"max_hp_gain":0,"max_hp_loss":0,"event_name":"SensoryStone","floor":47,"gold_loss":0}],"is_beta":false,"boss_relics":[{"not_picked":["Empty Cage","Pandora\u0027s Box"],"picked":"Runic Pyramid"},{"not_picked":["Tiny House","Snecko Eye"],"picked":"VioletLotus"}],"items_purged_floors":[0,0,0,8,8,30,30,30,39,39],"is_endless":false,"potions_floor_spawned":[3,5,7,24,25,37,48],"killed_by":"Awakened One","ascension_level":0}}