{"host":"8oad2sh1i7kph5eo","time":1611592644,"event":{"mods":["AchievementEnabler","BaseMod","Downfall","Minty Spire (QoL Compilation)","Replay The Spire","Spicy Shops","StSLib"],"gold_per_floor":[99,117,117,136,37,212,212,212,212,238,248,265,265,275,293,293,293,293],"floor_reached":16,"language":"ENG","playtime":1628,"items_purged":[],"score":94,"play_id":"5b18d0c7-c781-495b-9649-8adf701557fc","local_time":"20210125083724","is_ascension_mode":false,"campfire_choices":[{"data":"champ:UltimateStance","floor":8.0,"key":"SMITH"},{"data":"champ:Taunt","floor":13.0,"key":"SMITH"}],"circlet_count":0,"master_deck":["champ:Strike","champ:Strike","champ:Strike","champ:Strike","champ:Defend","champ:Defend","champ:Defend","champ:Defend","champ:Execute","champ:Taunt+1","champ:GladiatorStyle","Amnesia","champ:StanceDance","champ:UltimateStance+1","champ:Backstep","Doubt","Pain","champ:Encircle","champ:FanOfKnives","champ:IronFortress","champ:FanOfKnives","champ:UltimateStance"],"relics":["champ:ChampionCrown","Ring of Panic","ReplayTheSpireMod:Ring of Challenge","OrangePellets","Bag of Preparation","WarpedTongs"],"acts_visited":["Exordium"],"potions_floor_usage":[14,16],"damage_taken":[{"damage":10.0,"enemies":"Small Slimes","floor":2.0,"turns":3.0},{"damage":0.0,"enemies":"2 Louse","floor":4.0,"turns":2.0},{"damage":10.0,"enemies":"downfall:FleeingMerchant","floor":5.0,"turns":4.0},{"damage":17.0,"enemies":"Jaw Worm","floor":10.0,"turns":8.0},{"damage":22.0,"enemies":"Gremlin Gang","floor":11.0,"turns":4.0},{"damage":14.0,"enemies":"Large Slime","floor":12.0,"turns":4.0},{"damage":21,"enemies":"Exordium Wildlife","floor":14,"turns":3},{"damage":13,"enemies":"3 Louse","floor":15,"turns":2},{"damage":115,"enemies":"WA_ARCHETYPE_RETAIN","floor":16,"turns":10}],"seed_played":"1451654681615510577","potions_obtained":[{"floor":1.0,"key":"Strength Potion"},{"floor":1.0,"key":"Reflective Coating"},{"floor":10.0,"key":"Milkshake"},{"floor":14,"key":"PowerPotion"}],"is_trial":false,"path_per_floor":["R","M","?","M","$","?","T","R","?","M","M","M","R","M","M","B"],"character_chosen":"THE_CHAMP","items_purchased":["OrangePellets","champ:Backstep"],"campfire_rested":0,"item_purchase_floors":[5,5],"current_hp_per_floor":[99,99,99,99,99,99,99,99,99,92,85,81,81,75,72,0,0,0],"gold":293,"neow_bonus":"TEN_PERCENT_HP_BONUS","is_daily":false,"chose_seed":false,"campfire_upgraded":2,"win_rate":0.0,"timestamp":1611592644,"path_taken":["R","M","?","M","$","?","T","R","?","M","?","M","R","M","M","BOSS"],"items_purchased_type":["Relic","Card"],"build_version":"2020-12-22","purchased_purges":0,"victory":false,"max_hp_per_floor":[99,99,99,99,99,99,99,99,99,99,99,99,99,99,99,99,99,99],"card_choices":[{"not_picked":["champ:Haymaker","champ:RecklessLeap"],"picked":"champ:GladiatorStyle","floor":2.0},{"not_picked":["champ:Haymaker","champ:PreciseThrust"],"picked":"champ:StanceDance","floor":4.0},{"not_picked":["champ:EnragedBash","champ:Encircle"],"picked":"champ:UltimateStance","floor":5.0},{"not_picked":["champ:ShieldSlam","champ:EndlessRage"],"picked":"champ:Encircle","floor":10.0},{"not_picked":["champ:SkillfulDodge","champ:Backstep"],"picked":"champ:FanOfKnives","floor":11.0},{"not_picked":["champ:GladiatorStyle","champ:BladeFlurry"],"picked":"champ:IronFortress","floor":12.0},{"not_picked":["champ:DefensiveShout","champ:PreciseThrust"],"picked":"champ:FanOfKnives","floor":14},{"not_picked":["champ:Circumvent","champ:Backstep"],"picked":"champ:UltimateStance","floor":15}],"player_experience":178068,"relics_obtained":[{"floor":3.0,"key":"Ring of Panic"},{"floor":3.0,"key":"ReplayTheSpireMod:Ring of Challenge"},{"floor":7.0,"key":"Bag of Preparation"}],"event_choices":[{"damage_healed":0.0,"max_hp_gain":0.0,"max_hp_loss":0.0,"gold_gain":0.0,"event_name":"Accursed Blacksmith","player_choice":"Rummage","floor":9.0,"gold_loss":0.0,"damage_taken":0.0,"relics_obtained":["WarpedTongs"],"cards_obtained":["Pain"]}],"is_beta":false,"boss_relics":[],"items_purged_floors":[],"is_endless":false,"potions_floor_spawned":[10,11,12,14],"killed_by":"WA_ARCHETYPE_RETAIN","ascension_level":0}}