{"host":"9xv6exvwmlpefxuw","time":1611582518,"event":{"mods":["ATMod(阿瑾Mod)","AchievementEnabler","Act Like it!","Aspiration","BaseMod","Chen","Colored Powertips","Conspire","Downfall","Friendly Minions","Gensokyo","GifTheSpireLib","KinomotoSakuraMod(木之本樱)","Koishi","KomeijiMod","Lobotomy","LobotomyExtend","Marisa（F雨　魔理沙）","Minty Spire (QoL Compilation)","MostiFishMod","Pale of the Ancients","Rare Cards Sparkle","Reimu（博丽灵梦）","Remilia_Scarlet Moed（蕾米莉亚・斯卡雷特）3.3.5","Remilia（蕾米莉亚）","RumiaBox-露米娅的神秘盒子","StSLib","The Administrix","The Mystic","The Servant 0.9.4","WarShipGirlsR/战舰少女R mod","Yakumo Yukari mod","Youmu（魂魄妖梦）","Yuyuko","[IsaacMod]以撒尖塔","[功能]功能增强和修复MOD","【功能Mod】混沌之环修复补丁","【功能Mod】聪明的最终Boss","【遗物卡牌】REMEMod"],"gold_per_floor":[115,128,128,88,105,140,158,94,94,123,140,140,167,184,184,281,281,293,392,339,351,265,376,376,430,430,536,536,574,644,705,705,829,829,918,862,862,806,806,806,845,902,951,1084,1084,1143,1143,1042,1042,1097],"floor_reached":51,"language":"ZHS","playtime":2140,"items_purged":["Strike_G","Strike_G","Strike_G","Strike_G","Strike_G","Survivor","Neutralize","Defend_G","REME_LeechingPoison+1","MostiFishMod:Listen+1","Malaise","Malaise","Doppelganger","REME_GrazeFinale"],"score":1392,"play_id":"458f4dc3-0945-4bc3-bc85-c2b6561285dc","local_time":"20210125214838","is_ascension_mode":true,"campfire_choices":[{"floor":12,"key":"REST"},{"floor":15,"key":"REST"},{"floor":32,"key":"REST"},{"floor":40,"key":"REST"},{"floor":45,"key":"REST"},{"floor":49,"key":"REST"}],"circlet_count":0,"master_deck":["EpicFetus+1","PiercingWail+1","Quick Slash+1","Backflip+1","MostiFishMod:Dislodge+1","Outmaneuver+1","Dagger Spray+1","AT_EmpoweredMortalDraw+1","MostiFishMod:KingOfFree+1","Slice+1"],"relics":["Ring of the Snake","AT_ATBox","HushsDoor","REME_ComplimentaryCards","DaveBox","Brimstone","SteamSale","SynthV:TestCard","MealTicket","Pear","Torii","MagicDraw3","RuthlessExorcism:ReiMu","aspiration:Nostalgia","Yuyuko\u0027s fan","TheBean","Omamori","AT_ImmortalShieldbow","AT_MortalBlade","AT_RedTearstoneRing","AT_BellDemon","Eternal Feather","AT_MibuBalloonWealth","Kunai","HandDrill","Tingsha","AT_SilvercatRing","Meat on the Bone","SumBook","Mercury Hourglass","aspiration:Lifesprig","Whetstone","REME_PoisonedDagger","Ancient Tea Set","Bottled Tornado","Pen Nib","Fusion Hammer","REME_PuzzleBoxRelic","LetterFromLob","Bag of Preparation","MagicDraw4","Lee\u0027s Waffle","Matryoshka","AT_ArchangelStaff","Medical Kit","War Paint","BookofShadows","AT_SpeedBoots","Anchor","Bottled Lightning","PunchingBag","Potion Belt","ArrowTower","Du-Vu Doll","The Specimen","Frozen Egg 2","Technique"],"acts_visited":["Exordium","TheCity","TheBeyond"],"potions_floor_usage":[],"damage_taken":[{"damage":3,"enemies":"Small Slimes","floor":1,"turns":3},{"damage":9,"enemies":"Cultist","floor":2,"turns":4},{"damage":6,"enemies":"conspire:RoseBush","floor":5,"turns":2},{"damage":35,"enemies":"3 Sentries","floor":6,"turns":6},{"damage":20,"enemies":"Exordium Wildlife","floor":7,"turns":4},{"damage":13,"enemies":"Lagavulin","floor":10,"turns":3},{"damage":2,"enemies":"Blue Slaver","floor":11,"turns":2},{"damage":5,"enemies":"3 Sentries","floor":13,"turns":4},{"damage":3,"enemies":"Looter","floor":14,"turns":2},{"damage":52,"enemies":"Hexaghost","floor":16,"turns":5},{"damage":1,"enemies":"Shell Parasite","floor":18,"turns":1},{"damage":1,"enemies":"Spheric Guardian","floor":21,"turns":1},{"damage":1,"enemies":"conspire:Head Lice","floor":23,"turns":1},{"damage":2,"enemies":"conspire:SneckoGhost","floor":25,"turns":2},{"damage":1,"enemies":"conspire:Head Lice","floor":27,"turns":1},{"damage":2,"enemies":"Snecko","floor":29,"turns":2},{"damage":1,"enemies":"Chosen and Byrds","floor":30,"turns":1},{"damage":1,"enemies":"Centurion and Healer","floor":31,"turns":1},{"damage":74,"enemies":"conspire:MysteriousRune","floor":33,"turns":4},{"damage":16,"enemies":"3 Shapes","floor":35,"turns":1},{"damage":1,"enemies":"3 Darklings","floor":39,"turns":1},{"damage":4,"enemies":"Spire Growth","floor":41,"turns":3},{"damage":3,"enemies":"Giant Head","floor":42,"turns":3},{"damage":57,"enemies":"Reptomancer","floor":44,"turns":3},{"damage":76,"enemies":"Nemesis","floor":46,"turns":3},{"damage":88,"enemies":"Donu and Deca","floor":50,"turns":4}],"seed_played":"-4872779037348027203","potions_obtained":[{"floor":1,"key":"UndeadPotion"},{"floor":2,"key":"Poison Potion"},{"floor":6,"key":"Energy Potion"}],"is_trial":false,"path_per_floor":["M","M","?","$","M","E","M","$","T","E","M","R","E","M","R","B",null,"M","?","$","M","$","E","?","E","T","E","?","M","M","M","R","B",null,"M","$","M","$","M","R","M","E","T","E","R","E","?","$","R","B",null],"character_chosen":"THE_SILENT","items_purchased":["MealTicket","Pear","MagicDraw3","RuthlessExorcism:ReiMu","aspiration:Nostalgia","MostiFishMod:Dislodge","AT_RedTearstoneRing","AT_BellDemon","AT_MibuBalloonWealth","Kunai","HandDrill","MostiFishMod:KingOfFree","Bag of Preparation","MagicDraw4","Lee\u0027s Waffle","Matryoshka","AT_ArchangelStaff","Medical Kit","The Specimen","Frozen Egg 2","Technique"],"campfire_rested":6,"item_purchase_floors":[4,4,8,8,8,8,20,20,22,22,22,22,36,36,36,38,38,38,48,48,48],"current_hp_per_floor":[74,65,65,75,69,34,14,29,29,21,23,49,51,49,75,82,87,86,86,87,86,87,86,86,85,85,84,84,85,86,86,87,47,87,78,94,94,94,93,94,91,91,91,49,86,38,38,53,87,64],"gold":1097,"neow_bonus":"TEN_PERCENT_HP_BONUS","is_daily":false,"chose_seed":false,"campfire_upgraded":0,"win_rate":0.0,"timestamp":1611582518,"path_taken":["M","M","?","$","M","E","M","$","T","E","M","R","E","M","R","BOSS","M","?","$","M","$","E","?","E","T","E","?","M","?","M","R","BOSS","M","$","M","$","M","E","M","E","T","E","R","E","?","$","R","BOSS"],"items_purchased_type":["Relic","Relic","Relic","Relic","Relic","Card","Relic","Relic","Relic","Relic","Relic","Card","Relic","Relic","Relic","Relic","Relic","Relic","Relic","Relic","Relic"],"build_version":"2020-12-22","purchased_purges":14,"victory":true,"max_hp_per_floor":[77,77,77,87,87,87,87,87,87,87,87,87,87,87,87,87,87,87,87,87,87,87,87,87,87,87,87,87,87,87,87,87,87,87,87,94,94,94,94,94,94,94,94,94,94,94,94,94,94,94],"card_choices":[{"not_picked":[],"picked":"EpicFetus","floor":0},{"not_picked":["Skewer","Dagger Spray"],"picked":"PiercingWail","floor":1},{"not_picked":["Deadly Poison","AT_ShadowStep","Footwork","Reflex"],"picked":"Quick Slash","floor":2},{"not_picked":["AT_Desolate","Masterful Stab","Bane","MostiFishMod:PerfectParry","Backflip"],"picked":"SKIP","floor":5},{"not_picked":["Deflect","Sucker Punch","Dagger Throw","Bomb"],"picked":"REME_GrazeFinale","floor":6},{"not_picked":["AT_WindFlip","Terror","Dagger Throw","Sucker Punch"],"picked":"Backflip","floor":7},{"not_picked":["Backflip","Prepared","Terror","Escape Plan","conspire:DoublingDagger"],"picked":"SKIP","floor":10},{"not_picked":["Dagger Throw","Bomb","Deflect","MostiFishMod:SpreadingSpore","Dash"],"picked":"SKIP","floor":11},{"not_picked":["Deflect","Bomb","Dodge and Roll","Infinite Blades"],"picked":"Outmaneuver","floor":13},{"not_picked":["Acrobatics","Dodge and Roll","Bane","Flying Knee"],"picked":"Dagger Spray","floor":14},{"not_picked":["Bane+1","Poisoned Stab+1","Deflect+1","REME_ShadowStrike+1","PiercingWail"],"picked":"SKIP","floor":18},{"not_picked":["Bane+1","Blade Dance","Deflect","Calculated Gamble+1","REME_GreenPollution"],"picked":"SKIP","floor":21},{"not_picked":["Backstab+1","Acrobatics","Dagger Throw","AT_TinkerSharpsword+1"],"picked":"Slice","floor":23},{"not_picked":["Endless Agony","All Out Attack","Dodge and Roll","Well Laid Plans"],"picked":"Doppelganger","floor":25},{"not_picked":["Dodge and Roll","Underhanded Strike","Blade Dance","Catalyst+1","Quick Slash"],"picked":"SKIP","floor":27},{"not_picked":["Corpse Explosion","AT_WomanClash+1","Prepared","Dagger Spray","Outmaneuver"],"picked":"SKIP","floor":29},{"not_picked":["Deadly Poison","Dagger Throw+1","Backflip","REME_GreenPollution","Finisher"],"picked":"SKIP","floor":30},{"not_picked":["Bane","Crippling Poison","All Out Attack","Choke","MostiFishMod:PerfectParry"],"picked":"SKIP","floor":31},{"not_picked":["MostiFishMod:PerfectParry","Endless Agony+1","Acrobatics+1","Backflip","Phantasmal Killer"],"picked":"SKIP","floor":35},{"not_picked":["Quick Slash","Infinite Blades","REME_ShadowStrike+1","Leg Sweep","Backflip"],"picked":"SKIP","floor":41},{"not_picked":["Masterful Stab","Quick Slash","MostiFishMod:Dislodge","MostiFishMod:PerfectParry+1","AT_TinkerSharpsword"],"picked":"SKIP","floor":42},{"not_picked":["Poisoned Stab+1","Caltrops","AT_MyraUnstableElement","AT_FocusSwordFire","Bane"],"picked":"SKIP","floor":44},{"not_picked":["Crippling Poison","Flying Knee","Bane","Dodge and Roll","MostiFishMod:PerfectParry+1"],"picked":"SKIP","floor":46}],"player_experience":153952,"relics_obtained":[{"floor":1,"key":"SynthV:TestCard"},{"floor":6,"key":"Torii"},{"floor":9,"key":"TheBean"},{"floor":10,"key":"Omamori"},{"floor":13,"key":"AT_ImmortalShieldbow"},{"floor":21,"key":"Eternal Feather"},{"floor":23,"key":"Tingsha"},{"floor":23,"key":"AT_SilvercatRing"},{"floor":25,"key":"Meat on the Bone"},{"floor":25,"key":"SumBook"},{"floor":26,"key":"Mercury Hourglass"},{"floor":27,"key":"aspiration:Lifesprig"},{"floor":27,"key":"Whetstone"},{"floor":29,"key":"REME_PoisonedDagger"},{"floor":30,"key":"Ancient Tea Set"},{"floor":31,"key":"Bottled Tornado"},{"floor":33,"key":"Pen Nib"},{"floor":35,"key":"REME_PuzzleBoxRelic"},{"floor":35,"key":"LetterFromLob"},{"floor":41,"key":"War Paint"},{"floor":42,"key":"BookofShadows"},{"floor":43,"key":"AT_SpeedBoots"},{"floor":43,"key":"Anchor"},{"floor":44,"key":"Bottled Lightning"},{"floor":44,"key":"PunchingBag"},{"floor":46,"key":"Potion Belt"},{"floor":46,"key":"ArrowTower"}],"event_choices":[{"damage_healed":0,"gold_gain":99,"player_choice":"Stole From Cult","damage_taken":0,"max_hp_gain":0,"max_hp_loss":0,"event_name":"Nest","floor":19,"gold_loss":0},{"cards_removed":["Defend_G"],"damage_healed":0,"gold_gain":0,"player_choice":"Offered Basic","damage_taken":0,"max_hp_gain":0,"max_hp_loss":0,"event_name":"Bonfire Elementals","floor":24,"gold_loss":0}],"is_beta":false,"boss_relics":[{"not_picked":["NightmareShop","MoonlightInvasionPlan"],"picked":"AT_MortalBlade"},{"not_picked":[]},{"not_picked":["JellyFishMachine","OneHitWonderSystem"],"picked":"Fusion Hammer"},{"not_picked":[]}],"items_purged_floors":[20,20,20,20,20,22,22,22,48,48,48,48,48,48],"is_endless":false,"potions_floor_spawned":[1,2,5,6,6,7,10,13,16,18,21,23,27,29,29,29,31,35,35,42,44,44,46],"ascension_level":1}}