{"host":"aqym1xxr3lb31d9m","time":1611584960,"event":{"mods":["BaseMod","Block Reminder","Colored Map","Colored Powertips","DeckTracker","Highlight Path","Minty Spire (QoL Compilation)","Quick Restart","Random Character Button","StSLib","SuperFastMode","UnlockEverythingMod"],"gold_per_floor":[117,117,134,150,168,168,59,73,97,127,127,156,156,169,169,244,244,256,276,201,228,15,15,28,60,60,60,72,89,89,99,99,174,174,191,216,438,450,464,464,499,499,499,499,515,515,515],"floor_reached":46,"language":"JPN","playtime":3071,"items_purged":[],"score":1039,"play_id":"60d9fb93-300c-4286-a16e-e6c8fccf5c89","local_time":"20210125232920","is_ascension_mode":true,"campfire_choices":[{"data":"Streamline","floor":6,"key":"SMITH"},{"data":"Hologram","floor":13,"key":"SMITH"},{"floor":15,"key":"REST"},{"data":"Apotheosis","floor":23,"key":"SMITH"},{"floor":27,"key":"REST"},{"floor":30,"key":"REST"},{"floor":32,"key":"REST"},{"floor":40,"key":"REST"},{"floor":42,"key":"RECALL"},{"floor":44,"key":"REST"}],"circlet_count":0,"master_deck":["AscendersBane","Strike_B","Strike_B","Strike_B+1","Defend_B","Defend_B","Defend_B","Defend_B","Zap+1","Dualcast","Cold Snap","Scrape+1","Glacier","Streamline+1","Hologram+1","Darkness","Electrodynamics","Darkness","Defragment","Hyperbeam","Undo","Compile Driver+1","Conserve Battery","Apotheosis+1","Core Surge","Go for the Eyes","Genetic Algorithm+1","Hologram+1","Creative AI","Redo+1","Rebound","Hologram+1","Glacier+1","Turbo+1","Steam Power+1"],"relics":["Cracked Core","Ancient Tea Set","Orichalcum","Happy Flower","Black Star","Red Mask","Regal Pillow","Bottled Lightning","Toxic Egg 2","Fusion Hammer","Ice Cream","Whetstone","Blue Candle"],"acts_visited":["Exordium","TheCity","TheBeyond"],"potions_floor_usage":[10,10,10,12,19,21,29,38,41],"damage_taken":[{"damage":8,"enemies":"2 Louse","floor":1,"turns":3},{"damage":1,"enemies":"Cultist","floor":3,"turns":3},{"damage":7,"enemies":"Jaw Worm","floor":4,"turns":3},{"damage":34,"enemies":"Gremlin Gang","floor":5,"turns":5},{"damage":7,"enemies":"3 Louse","floor":8,"turns":4},{"damage":8,"enemies":"Gremlin Nob","floor":10,"turns":3},{"damage":16,"enemies":"Lagavulin","floor":12,"turns":5},{"damage":1,"enemies":"2 Fungi Beasts","floor":14,"turns":2},{"damage":24,"enemies":"The Guardian","floor":16,"turns":11},{"damage":0,"enemies":"Spheric Guardian","floor":18,"turns":3},{"damage":17,"enemies":"2 Thieves","floor":19,"turns":5},{"damage":4,"enemies":"Masked Bandits","floor":21,"turns":3},{"damage":17,"enemies":"Sentry and Sphere","floor":24,"turns":5},{"damage":21,"enemies":"Slavers","floor":25,"turns":4},{"damage":7,"enemies":"Centurion and Healer","floor":28,"turns":5},{"damage":23,"enemies":"3 Cultists","floor":29,"turns":5},{"damage":14,"enemies":"Cultist and Chosen","floor":31,"turns":5},{"damage":41,"enemies":"Champ","floor":33,"turns":22},{"damage":1,"enemies":"3 Shapes","floor":35,"turns":4},{"damage":0,"enemies":"Mind Bloom Boss Battle","floor":36,"turns":9},{"damage":14,"enemies":"3 Darklings","floor":38,"turns":6},{"damage":0,"enemies":"4 Shapes","floor":39,"turns":13},{"damage":11,"enemies":"Nemesis","floor":41,"turns":17},{"damage":16,"enemies":"Writhing Mass","floor":45,"turns":9},{"damage":74,"enemies":"Reptomancer","floor":46,"turns":7}],"seed_played":"-4471245106216886515","potions_obtained":[{"floor":8,"key":"EntropicBrew"},{"floor":10,"key":"AttackPotion"},{"floor":14,"key":"ColorlessPotion"},{"floor":19,"key":"Energy Potion"},{"floor":25,"key":"AttackPotion"},{"floor":31,"key":"FearPotion"},{"floor":38,"key":"Fruit Juice"},{"floor":39,"key":"Swift Potion"},{"floor":45,"key":"Ancient Potion"}],"is_trial":false,"path_per_floor":["M","?","M","M","M","R","$","M","T","E","?","E","R","M","R","B",null,"M","M","?","?","$","R","M","E","T","R","M","M","R","M","R","B",null,"M","?","?","M","M","R","E","R","T","R","M","E"],"character_chosen":"DEFECT","items_purchased":["Hologram","Explosive Potion","Apotheosis"],"campfire_rested":6,"item_purchase_floors":[7,7,22],"current_hp_per_floor":[38,81,80,73,39,39,39,32,32,24,24,8,8,7,31,7,63,63,46,46,42,42,42,25,4,4,43,36,13,52,38,77,36,70,69,69,69,60,60,86,75,75,75,86,70,0,0],"gold":515,"neow_bonus":"THREE_RARE_CARDS","is_daily":false,"chose_seed":false,"campfire_upgraded":3,"win_rate":0.0,"timestamp":1611584960,"path_taken":["M","?","M","M","?","R","$","M","T","E","?","E","R","M","R","BOSS","M","?","?","?","$","R","M","E","T","R","?","M","R","M","R","BOSS","M","?","?","M","M","R","E","R","T","R","M","E"],"items_purchased_type":["Card","Potion","Card"],"build_version":"2020-12-22","purchased_purges":0,"victory":false,"max_hp_per_floor":[71,81,81,81,81,81,81,81,81,81,81,81,81,81,81,81,81,81,81,81,81,81,81,81,81,81,81,81,81,81,81,81,81,81,81,81,81,86,86,86,86,86,86,86,86,86,86],"card_choices":[{"not_picked":["Multi-Cast","Buffer"],"picked":"Rainbow","floor":0},{"not_picked":["Turbo","Recycle"],"picked":"Cold Snap","floor":1},{"not_picked":["Beam Cell","Cold Snap"],"picked":"Scrape","floor":3},{"not_picked":["Leap","Barrage"],"picked":"Glacier","floor":4},{"not_picked":["Steam","Compile Driver"],"picked":"Streamline","floor":5},{"not_picked":["Buffer","Sweeping Beam"],"picked":"Darkness","floor":8},{"not_picked":["White Noise","Skim"],"picked":"Electrodynamics","floor":10},{"not_picked":["Barrage","Thunder Strike"],"picked":"Darkness","floor":12},{"not_picked":["Go for the Eyes","Sweeping Beam"],"picked":"Defragment","floor":14},{"not_picked":["Meteor Strike","Amplify"],"picked":"Hyperbeam","floor":16},{"not_picked":["Ball Lightning","Reprogram"],"picked":"Undo","floor":18},{"not_picked":["Barrage","Sweeping Beam"],"picked":"Compile Driver+1","floor":19},{"not_picked":["Scrape","Leap"],"picked":"Conserve Battery","floor":21},{"not_picked":["Streamline","Self Repair+1"],"picked":"Core Surge","floor":24},{"not_picked":["Compile Driver","Gash"],"picked":"Go for the Eyes","floor":25},{"not_picked":["Skim+1","Barrage"],"picked":"Genetic Algorithm+1","floor":28},{"not_picked":["Rebound","Stack+1"],"picked":"Hologram+1","floor":31},{"not_picked":["Core Surge","Amplify+1"],"picked":"Creative AI","floor":33},{"not_picked":["Leap+1","Turbo+1"],"picked":"Redo+1","floor":35},{"not_picked":["Go for the Eyes","Gash"],"picked":"Rebound","floor":36},{"not_picked":["Stack+1","Force Field+1"],"picked":"Hologram+1","floor":38},{"not_picked":["BootSequence+1","Streamline+1"],"picked":"Glacier+1","floor":39},{"not_picked":["Redo+1","Steam+1"],"picked":"Turbo+1","floor":41},{"not_picked":["Chaos+1","Heatsinks"],"picked":"Steam Power+1","floor":45}],"player_experience":4056313,"relics_obtained":[{"floor":9,"key":"Ancient Tea Set"},{"floor":10,"key":"Orichalcum"},{"floor":12,"key":"Happy Flower"},{"floor":21,"key":"Red Mask"},{"floor":25,"key":"Regal Pillow"},{"floor":25,"key":"Bottled Lightning"},{"floor":26,"key":"Toxic Egg 2"},{"floor":36,"key":"Ice Cream"},{"floor":41,"key":"Whetstone"},{"floor":41,"key":"Blue Candle"}],"event_choices":[{"cards_removed":["Rainbow"],"damage_healed":33,"gold_gain":0,"player_choice":"Offered Rare","damage_taken":0,"max_hp_gain":10,"max_hp_loss":0,"event_name":"Bonfire Elementals","floor":2,"gold_loss":0},{"damage_healed":0,"gold_gain":0,"player_choice":"Upgraded","damage_taken":0,"max_hp_gain":0,"max_hp_loss":0,"event_name":"Upgrade Shrine","floor":11,"gold_loss":0,"cards_upgraded":["Zap"]},{"cards_removed":["Strike_B"],"damage_healed":0,"gold_gain":0,"player_choice":"Gave Gold","damage_taken":0,"max_hp_gain":0,"max_hp_loss":0,"event_name":"Beggar","floor":20,"gold_loss":75},{"damage_healed":0,"gold_gain":0,"player_choice":"Fought Bandits","damage_taken":0,"max_hp_gain":0,"max_hp_loss":0,"event_name":"Masked Bandits","floor":21,"gold_loss":0},{"damage_healed":0,"gold_gain":0,"player_choice":"Fight","damage_taken":0,"max_hp_gain":0,"max_hp_loss":0,"event_name":"MindBloom","floor":36,"gold_loss":0},{"damage_healed":0,"gold_gain":222,"player_choice":"Wore Mask","damage_taken":0,"max_hp_gain":0,"max_hp_loss":0,"event_name":"Tomb of Lord Red Mask","floor":37,"gold_loss":0}],"is_beta":false,"boss_relics":[{"not_picked":["Sozu","Runic Dome"],"picked":"Black Star"},{"not_picked":["SacredBark","SlaversCollar"],"picked":"Fusion Hammer"}],"items_purged_floors":[],"is_endless":false,"potions_floor_spawned":[8,10,14,19,25,28,31,35,38,39,45],"killed_by":"Reptomancer","ascension_level":20}}