{"host":"swphzoo6hmc78epl","time":1611551636,"event":{"mods":["BaseMod","Highlight Path","Minty Spire (QoL Compilation)","Quick Restart"],"gold_per_floor":[113,123,140,152,167,167,185,185,185,201,201,212,212,66,66,168,168,184,202,127,127,146,177,200,246,258,270,270],"floor_reached":27,"language":"ENG","playtime":1286,"items_purged":[],"score":299,"play_id":"29acc625-c5f7-4b68-b203-fd1acb7febd9","local_time":"20210125001356","is_ascension_mode":true,"campfire_choices":[{"data":"Noxious Fumes","floor":6,"key":"SMITH"},{"data":"Wraith Form v2","floor":11,"key":"SMITH"},{"data":"Poisoned Stab","floor":13,"key":"SMITH"},{"data":"Deadly Poison","floor":15,"key":"SMITH"}],"circlet_count":0,"master_deck":["Strike_G","Strike_G","Strike_G","Defend_G","Defend_G","Defend_G","Defend_G","Defend_G","Survivor","Neutralize","Poisoned Stab+1","Blade Dance","Noxious Fumes+1","Deadly Poison+1","Masterful Stab","Wraith Form v2+1","Cloak And Dagger","Doppelganger","Bane+1","Catalyst+1","Deadly Poison"],"relics":["Ring of the Snake","Mango","Blue Candle","Snake Skull","Black Star","MawBank","Gremlin Horn","Molten Egg 2","Unceasing Top","Ninja Scroll"],"acts_visited":["Exordium","TheCity"],"potions_floor_usage":[16,16,22,22,23,24,25,27],"damage_taken":[{"damage":0,"enemies":"Small Slimes","floor":1,"turns":4},{"damage":0,"enemies":"Cultist","floor":2,"turns":3},{"damage":2,"enemies":"Jaw Worm","floor":3,"turns":3},{"damage":3,"enemies":"Exordium Wildlife","floor":4,"turns":4},{"damage":0,"enemies":"Large Slime","floor":5,"turns":5},{"damage":9,"enemies":"Blue Slaver","floor":7,"turns":4},{"damage":9,"enemies":"Exordium Thugs","floor":10,"turns":5},{"damage":0,"enemies":"Looter","floor":12,"turns":3},{"damage":32,"enemies":"Hexaghost","floor":16,"turns":8},{"damage":1,"enemies":"Spheric Guardian","floor":18,"turns":4},{"damage":3,"enemies":"Chosen","floor":19,"turns":4},{"damage":13,"enemies":"Centurion and Healer","floor":22,"turns":5},{"damage":6,"enemies":"Book of Stabbing","floor":23,"turns":6},{"damage":0,"enemies":"Snake Plant","floor":24,"turns":5},{"damage":49,"enemies":"Slavers","floor":25,"turns":9},{"damage":14,"enemies":"Shelled Parasite and Fungi","floor":27,"turns":1}],"seed_played":"3634399906912180880","potions_obtained":[{"floor":5,"key":"ColorlessPotion"},{"floor":12,"key":"Swift Potion"},{"floor":19,"key":"Fire Potion"},{"floor":21,"key":"Fire Potion"},{"floor":21,"key":"Energy Potion"},{"floor":22,"key":"Weak Potion"},{"floor":23,"key":"Explosive Potion"},{"floor":25,"key":"ColorlessPotion"}],"is_trial":false,"path_per_floor":["M","M","M","M","M","R","M","?","T","M","R","M","R","$","R","B",null,"M","M","?","?","M","E","M","E","T","M"],"character_chosen":"THE_SILENT","items_purchased":["Snake Skull"],"campfire_rested":0,"item_purchase_floors":[14],"current_hp_per_floor":[77,77,75,72,72,72,63,63,63,54,54,54,54,54,54,22,77,76,73,73,73,60,54,54,5,5,0,0],"gold":270,"neow_bonus":"ONE_RARE_RELIC","is_daily":false,"chose_seed":false,"campfire_upgraded":4,"win_rate":0.0,"timestamp":1611551636,"path_taken":["M","M","M","M","M","R","M","?","T","M","R","M","R","$","R","BOSS","M","M","?","?","M","E","M","E","T","M"],"items_purchased_type":["Relic"],"build_version":"2020-12-22","purchased_purges":0,"victory":false,"max_hp_per_floor":[77,77,77,77,77,77,77,77,77,77,77,77,77,77,77,77,77,77,77,77,77,77,77,77,77,77,77,77],"card_choices":[{"not_picked":["Deadly Poison","Dagger Spray"],"picked":"Poisoned Stab","floor":1},{"not_picked":["Sucker Punch","All Out Attack"],"picked":"Blade Dance","floor":2},{"not_picked":["Caltrops","Acrobatics"],"picked":"Noxious Fumes","floor":3},{"not_picked":["Blur","Blade Dance"],"picked":"Deadly Poison","floor":4},{"not_picked":["Prepared","PiercingWail"],"picked":"Masterful Stab","floor":5},{"not_picked":["Outmaneuver","PiercingWail"],"picked":"Wraith Form v2","floor":7},{"not_picked":["Tactician","Footwork"],"picked":"Cloak And Dagger","floor":10},{"not_picked":["Acrobatics","Prepared","PiercingWail"],"picked":"SKIP","floor":12},{"not_picked":["Phantasmal Killer","Storm of Steel"],"picked":"Doppelganger","floor":16},{"not_picked":["Quick Slash","Predator","Prepared"],"picked":"SKIP","floor":18},{"not_picked":["Backstab","Escape Plan","Quick Slash"],"picked":"SKIP","floor":19},{"not_picked":["Flying Knee","Underhanded Strike+1"],"picked":"Bane+1","floor":22},{"not_picked":["Predator","Dodge and Roll"],"picked":"Catalyst+1","floor":23},{"not_picked":["Quick Slash+1","Underhanded Strike"],"picked":"Deadly Poison","floor":24},{"not_picked":["Underhanded Strike+1","Blade Dance+1","Masterful Stab+1"],"picked":"SKIP","floor":25}],"player_experience":842612,"relics_obtained":[{"floor":9,"key":"Blue Candle"},{"floor":23,"key":"MawBank"},{"floor":23,"key":"Gremlin Horn"},{"floor":25,"key":"Molten Egg 2"},{"floor":25,"key":"Unceasing Top"},{"floor":26,"key":"Ninja Scroll"}],"event_choices":[{"cards_removed":["Strike_G"],"damage_healed":0,"gold_gain":0,"player_choice":"Forget","damage_taken":0,"max_hp_gain":0,"max_hp_loss":0,"event_name":"Living Wall","floor":8,"gold_loss":0},{"cards_removed":["Strike_G"],"damage_healed":0,"gold_gain":0,"player_choice":"Gave Gold","damage_taken":0,"max_hp_gain":0,"max_hp_loss":0,"event_name":"Beggar","floor":20,"gold_loss":75},{"damage_healed":0,"gold_gain":0,"player_choice":"Got Potions","damage_taken":0,"max_hp_gain":0,"max_hp_loss":0,"event_name":"Lab","floor":21,"gold_loss":0}],"is_beta":false,"boss_relics":[{"not_picked":["HoveringKite","Runic Dome"],"picked":"Black Star"}],"items_purged_floors":[],"is_endless":false,"potions_floor_spawned":[5,12,19,22,23,25],"killed_by":"Shelled Parasite and Fungi","ascension_level":4}}