{"host":"rw7a2h039i1hcs3q","time":1611584670,"event":{"mods":["BaseMod","Better Altar","Better Match","Better Note","Better Sensory Stone","Better Skull","Better Third Choice","Booster Modes","Colored Powertips","Downfall","Halation","Hermit","Highlight Path","Hubris","Infinite Spire","Ironclad Rager","Jedi Mod","Minty Spire (QoL Compilation)","Random Character Button","Rare Cards Sparkle","StSLib","The Cursed","The Disciple","The Dragon Tamer","The Hierophant","The Poker Player","Unceasing Turn Reminder"],"gold_per_floor":[0,0,0,14,14,0,0,0,0,0,18,33,33,33,48,152,152,52,69,79,95,5,24,24,34,34,34,34,54,54,70,81,186,186,86,100,117,117,131,131,131,131,165,165,65,50,65,65,65,65,65,65],"floor_reached":52,"language":"ENG","playtime":3712,"items_purged":["Guardian:Defend_Guardian","Guardian:Strike_Guardian"],"score":624,"play_id":"9f4ae782-0d3d-4dfa-99af-5acc80c40850","local_time":"20210125152430","is_ascension_mode":false,"campfire_choices":[{"floor":1.0,"key":"RECALL"},{"data":"Guardian:RefractedBeam","floor":13.0,"key":"SMITH"},{"data":"infinitespire:Starlight","floor":18.0,"key":"SMITH"},{"data":"Guardian:EvasiveProtocol","floor":26.0,"key":"SMITH"},{"data":"Guardian:PiercingHide","floor":30.0,"key":"SMITH"},{"data":"infinitespire:Collect","floor":35.0,"key":"SMITH"},{"data":"expansioncontent:Hexaburn","floor":42.0,"key":"SMITH"},{"floor":47.0,"key":"REST"}],"circlet_count":0,"master_deck":["Guardian:Strike_Guardian","Guardian:Strike_Guardian","Guardian:Defend_Guardian","Guardian:CurlUp","Guardian:TwinSlam","Guardian:PiercingHide+1","infinitespire:Starlight+1","Guardian:RevengeProtocol","Guardian:RefractedBeam+1","Guardian:EvasiveProtocol+1","Guardian:FierceBash","Guardian:Suspension","Guardian:Orbwalk+1","Guardian:BronzeArmor+1","infinitespire:Collect+1","Guardian:AncientConstruct","Guardian:PiercingHide+1","Guardian:Incinerate+1","Guardian:SpikerProtocol+1","hubris:NaturalOne","expansioncontent:Hexaburn+1","Guardian:Gem_Blue"],"relics":["Guardian:ModeShifter","halation:PromiseList","infinitespire:Satchel","infinitespire:Cupcake","downfall:HeartBlessingBlue","infinitespire:Lucky Rock","FossilizedHelix","hubris:ScarierMask","downfall:HeartBlessingRed","hubris:Icosahedron","hubris:Teleporter","hubris:64BitClover","downfall:HeartBlessingGreen"],"acts_visited":["Exordium","TheCity","TheBeyond","TheEnding"],"potions_floor_usage":[],"damage_taken":[{"damage":2.0,"enemies":"Small Slimes","floor":4.0,"turns":3.0},{"damage":0.0,"enemies":"downfall:FleeingMerchant","floor":6.0,"turns":4.0},{"damage":0.0,"enemies":"Cultist","floor":10.0,"turns":1.0},{"damage":0.0,"enemies":"2 Louse","floor":11.0,"turns":3.0},{"damage":13.0,"enemies":"Large Slime","floor":12.0,"turns":8.0},{"damage":0.0,"enemies":"2 Fungi Beasts","floor":15.0,"turns":2.0},{"damage":73.0,"enemies":"IC_STATUS_ARCHETYPE","floor":16.0,"turns":14.0},{"damage":4.0,"enemies":"Shell Parasite","floor":19.0,"turns":6.0},{"damage":5.0,"enemies":"Spheric Guardian","floor":20.0,"turns":6.0},{"damage":66.0,"enemies":"Cultist and Chosen","floor":21.0,"turns":11.0},{"damage":10.0,"enemies":"downfall:FleeingMerchant","floor":22.0,"turns":4.0},{"damage":20.0,"enemies":"Snake Plant","floor":23.0,"turns":4.0},{"damage":14.0,"enemies":"Centurion and Healer","floor":25.0,"turns":6.0},{"damage":14.0,"enemies":"Shelled Parasite and Fungi","floor":29.0,"turns":5.0},{"damage":11.0,"enemies":"Cultist and Chosen","floor":31.0,"turns":5.0},{"damage":10.0,"enemies":"Sentry and Sphere","floor":32.0,"turns":4.0},{"damage":25.0,"enemies":"SI_MIRROR_ARCHETYPE","floor":33.0,"turns":7.0},{"damage":0.0,"enemies":"3 Darklings","floor":36.0,"turns":4.0},{"damage":5.0,"enemies":"Orb Walker","floor":37.0,"turns":4.0},{"damage":6.0,"enemies":"Spire Growth","floor":39.0,"turns":4.0},{"damage":77.0,"enemies":"Nemesis","floor":44.0,"turns":7.0},{"damage":0.0,"enemies":"Transient","floor":46.0,"turns":1.0},{"damage":0.0,"enemies":"downfall:FleeingMerchant","floor":48.0,"turns":4.0},{"damage":14.0,"enemies":"Maw","floor":49.0,"turns":7.0},{"damage":28,"enemies":"WA_ARCHETYPE_DIVINITY","floor":50,"turns":10},{"damage":130,"enemies":"downfall:CharBossMerchant","floor":52,"turns":9}],"seed_played":"7944951858638873064","potions_obtained":[{"floor":11.0,"key":"bronze:BurnAndBuffPotion"},{"floor":21.0,"key":"Dexterity Potion"},{"floor":23.0,"key":"Energy Potion"},{"floor":25.0,"key":"SmokeBomb"},{"floor":37.0,"key":"Guardian:AcceleratePotion"},{"floor":49.0,"key":"SkillPotion"}],"is_trial":false,"path_per_floor":["R","?","?","M","?","$","T","?","?","M","M","M","R","?","M","B",null,"R","M","M","M","$","M","T","M","R","AVR","?","M","R","M","M","B",null,"R","M","M","?","M","?","T","R","E","M","R","$","M","B",null,"E"],"character_chosen":"GUARDIAN","items_purchased":[],"campfire_rested":1,"item_purchase_floors":[],"current_hp_per_floor":[80,80,80,78,57,67,67,67,67,67,77,67,67,67,67,4,80,90,86,81,28,33,28,28,29,29,29,34,35,35,39,44,34,90,90,90,85,85,79,79,79,79,17,17,44,59,60,47,90,0,0,0],"gold":65,"neow_bonus":"REMOVE_TWO","is_daily":false,"chose_seed":false,"campfire_upgraded":6,"win_rate":0.0,"timestamp":1611584670,"path_taken":["R","?","?","?","?","$","T","?","?","M","?","?","R","?","M","BOSS","R","M","M","?","$","M","T","M","R","AVR","?","M","R","M","M","BOSS","R","M","M","?","M","?","T","R","E","M","R","$","M","BOSS","E"],"items_purchased_type":[],"build_version":"2020-12-22","purchased_purges":2,"victory":false,"max_hp_per_floor":[80,80,80,80,80,80,80,80,80,80,80,80,80,80,80,80,80,90,90,90,90,90,90,90,90,90,90,90,90,90,90,90,90,90,90,90,90,90,90,90,90,90,90,90,90,90,90,90,90,90,90,90],"card_choices":[{"not_picked":["Guardian:Gem_Red","Guardian:TemporalShield"],"picked":"Guardian:PiercingHide","floor":4.0},{"not_picked":["infinitespire:Menacing","infinitespire:Oblivion"],"picked":"infinitespire:Starlight","floor":5.0},{"not_picked":["Guardian:Planning","Guardian:Preprogram"],"picked":"Guardian:RevengeProtocol","floor":6.0},{"not_picked":["Guardian:Suspension","Guardian:PrimingBeam"],"picked":"Guardian:RefractedBeam","floor":10.0},{"not_picked":["Guardian:Gem_Fragmented","Guardian:PrismaticBarrier"],"picked":"Guardian:EvasiveProtocol","floor":11.0},{"not_picked":["Guardian:WalkerClaw","Guardian:GuardianWhirl"],"picked":"Guardian:Gem_Green","floor":12.0},{"not_picked":["Guardian:ShieldSpikes","Guardian:TemporalStrike","Guardian:Incinerate"],"picked":"SKIP","floor":15.0},{"not_picked":["Guardian:Gem_Synthetic","Guardian:ExploitGems"],"picked":"Guardian:FierceBash","floor":16.0},{"not_picked":["Guardian:FloatingOrbs","Guardian:Gem_Green"],"picked":"Guardian:Suspension","floor":19.0},{"not_picked":["Guardian:Planning","Guardian:MultiBeam"],"picked":"Guardian:Gem_Green","floor":20.0},{"not_picked":["Guardian:ChargeCore","Guardian:GuardianWhirl"],"picked":"Guardian:Orbwalk+1","floor":21.0},{"not_picked":["Guardian:PrismaticBarrier","Guardian:PiercingHide"],"picked":"Guardian:BronzeArmor+1","floor":22.0},{"not_picked":["Guardian:Gem_Fragmented","Guardian:VentSteam"],"picked":"Guardian:Gem_White","floor":23.0},{"not_picked":["Guardian:DonusPower","Guardian:WalkerClaw"],"picked":"Guardian:Gem_Red","floor":25.0},{"not_picked":["Guardian:CrystalBeam+1","Guardian:Gem_Green"],"picked":"Guardian:AncientConstruct","floor":29.0},{"not_picked":["Guardian:TemporalStrike","Guardian:Gem_Green"],"picked":"Guardian:PiercingHide+1","floor":31.0},{"not_picked":["Guardian:VentSteam","Guardian:ShieldCharger"],"picked":"Guardian:Incinerate+1","floor":32.0},{"not_picked":["Guardian:FierceBash","Guardian:ExploitGems"],"picked":"Guardian:Gem_Orange","floor":33.0},{"not_picked":["Guardian:Gem_Lightblue","Guardian:BronzeArmor"],"picked":"Guardian:SpikerProtocol+1","floor":36.0},{"not_picked":["Guardian:Gem_Green","Guardian:CrystalBeam","Guardian:DecasProtection"],"picked":"SKIP","floor":37.0},{"not_picked":["Guardian:TimeBomb","Guardian:Gem_Purple","Guardian:TemporalStrike+1"],"picked":"SKIP","floor":39.0},{"not_picked":["expansioncontent:HyperBeam","expansioncontent:PrepareCrush"],"picked":"expansioncontent:Hexaburn","floor":40.0},{"not_picked":["Guardian:Gem_Crimson","Guardian:DecasProtection","Guardian:Reroute+1"],"picked":"SKIP","floor":44.0},{"not_picked":["Guardian:Reroute+1","Guardian:TemporalStrike+1"],"picked":"Guardian:Gem_Blue","floor":48.0},{"not_picked":["Guardian:ChargeCore+1","Guardian:Gem_Red","Guardian:CrystalBeam"],"picked":"SKIP","floor":49.0}],"player_experience":141543,"relics_obtained":[{"floor":8.0,"key":"halation:PromiseList"},{"floor":14.0,"key":"infinitespire:Satchel"},{"floor":24.0,"key":"infinitespire:Lucky Rock"},{"floor":41.0,"key":"hubris:Teleporter"},{"floor":44.0,"key":"hubris:64BitClover"}],"event_choices":[{"cards_removed":["Guardian:Defend_Guardian"],"damage_healed":0.0,"max_hp_gain":0.0,"max_hp_loss":0.0,"gold_gain":0.0,"event_name":"The Cleric","player_choice":"Card Removal","floor":2.0,"gold_loss":0.0,"damage_taken":0.0},{"damage_healed":0.0,"max_hp_gain":0.0,"max_hp_loss":0.0,"gold_gain":0.0,"event_name":"Wheel of Change","player_choice":"Relic","floor":14.0,"gold_loss":0.0,"damage_taken":0.0},{"cards_removed":["infinitespire:SevenWalls"],"damage_healed":5.0,"max_hp_gain":0.0,"max_hp_loss":0.0,"gold_gain":0.0,"event_name":"Bonfire Elementals","player_choice":"Offered Special","floor":28.0,"gold_loss":0.0,"damage_taken":0.0}],"is_beta":false,"boss_relics":[{"not_picked":["Fusion Hammer","Philosopher\u0027s Stone"],"picked":"infinitespire:Cupcake"},{"not_picked":["halation:PinkAlligatorPlush","Guardian:ModeShifterPlus"],"picked":"hubris:ScarierMask"}],"items_purged_floors":[22,27],"is_endless":false,"potions_floor_spawned":[11,21,23,25,29,32,33,37,39,49],"killed_by":"downfall:CharBossMerchant","ascension_level":0}}