{"host":"52lujqhsyicpcskq","time":1611580285,"event":{"mods":["BaseMod","Colored Map","Minty Spire (QoL Compilation)","Permanent Neow","StSLib","SuperFastMode","everything is the same but u backflip on backflip"],"gold_per_floor":[111,121,134,151,170,204,204,230,253,253,253,291,192,211,211,342,342,367,387,410,8,107,148,148,186,186,186,217,235,110,126,126,245,245,245,245],"floor_reached":35,"language":"KOR","playtime":1075,"items_purged":["Strike_P","Defend_P","Strike_P"],"score":589,"play_id":"9cec1db4-5982-4d68-84cf-5c363603d614","local_time":"20210125221125","is_ascension_mode":true,"campfire_choices":[{"data":"Judgement","floor":7.0,"key":"SMITH"},{"data":"Crescendo","floor":11.0,"key":"SMITH"},{"data":"BowlingBash","floor":15.0,"key":"SMITH"},{"floor":24.0,"key":"REST"},{"data":"Vault","floor":27.0,"key":"SMITH"},{"floor":32.0,"key":"REST"}],"circlet_count":0,"master_deck":["Strike_P+1","Defend_P+1","Defend_P","Eruption+1","Vigilance","FlurryOfBlows+1","BowlingBash+1","EmptyBody","MentalFortress","Judgement+1","SignatureMove","Crescendo+1","Halt+1","WaveOfTheHand","Vault+1","CrushJoints","TalkToTheHand+1","CarveReality","DeceiveReality","FlurryOfBlows","Vengeance","Evaluate+1","Consecrate+1","MasterReality"],"relics":["PureWater","Oddly Smooth Stone","Bottled Lightning","Boot","Golden Idol","Whetstone","Empty Cage","War Paint","Bronze Scales","MealTicket","Dream Catcher","Bottled Flame","Dead Branch","SacredBark"],"acts_visited":["Exordium","TheCity","TheBeyond"],"potions_floor_usage":[],"damage_taken":[{"damage":0.0,"enemies":"Small Slimes","floor":1.0,"turns":3.0},{"damage":0.0,"enemies":"Jaw Worm","floor":2.0,"turns":3.0},{"damage":0.0,"enemies":"2 Louse","floor":3.0,"turns":3.0},{"damage":0.0,"enemies":"Red Slaver","floor":4.0,"turns":2.0},{"damage":4.0,"enemies":"2 Fungi Beasts","floor":5.0,"turns":5.0},{"damage":5.0,"enemies":"3 Sentries","floor":6.0,"turns":5.0},{"damage":32.0,"enemies":"Gremlin Nob","floor":8.0,"turns":4.0},{"damage":1.0,"enemies":"3 Sentries","floor":12.0,"turns":4.0},{"damage":0.0,"enemies":"3 Louse","floor":14.0,"turns":3.0},{"damage":0.0,"enemies":"Slime Boss","floor":16.0,"turns":4.0},{"damage":18.0,"enemies":"3 Byrds","floor":18.0,"turns":3.0},{"damage":9.0,"enemies":"Shell Parasite","floor":19.0,"turns":3.0},{"damage":0.0,"enemies":"Sentry and Sphere","floor":20.0,"turns":2.0},{"damage":14.0,"enemies":"Book of Stabbing","floor":23.0,"turns":2.0},{"damage":0.0,"enemies":"Gremlin Leader","floor":25.0,"turns":4.0},{"damage":21.0,"enemies":"Book of Stabbing","floor":28.0,"turns":4.0},{"damage":9.0,"enemies":"Centurion and Healer","floor":29.0,"turns":4.0},{"damage":3.0,"enemies":"Shelled Parasite and Fungi","floor":31.0,"turns":3.0},{"damage":52.0,"enemies":"Champ","floor":33.0,"turns":9.0},{"damage":0,"enemies":"3 Darklings","floor":35,"turns":2}],"seed_played":"-6314966007787008020","potions_obtained":[{"floor":4.0,"key":"StancePotion"},{"floor":5.0,"key":"SkillPotion"},{"floor":16.0,"key":"AttackPotion"},{"floor":20.0,"key":"PowerPotion"},{"floor":25.0,"key":"BottledMiracle"},{"floor":28.0,"key":"ColorlessPotion"},{"floor":29.0,"key":"Strength Potion"},{"floor":31.0,"key":"Fruit Juice"}],"is_trial":false,"path_per_floor":["M","M","M","M","M","E","R","E","T","?","R","E","$","M","R","B",null,"M","M","M","$","?","E","R","E","T","R","E","M","$","M","R","B",null,"M"],"character_chosen":"WATCHER","items_purchased":["Halt","War Paint","Bronze Scales"],"campfire_rested":2,"item_purchase_floors":[13,21,21],"current_hp_per_floor":[72,72,72,72,68,63,63,31,31,31,31,30,30,30,30,30,67,49,40,40,40,40,26,46,46,46,46,25,16,31,28,48,1,72,72,72],"gold":245,"neow_bonus":"UPGRADE_CARD","is_daily":false,"chose_seed":false,"campfire_upgraded":4,"win_rate":0.0,"timestamp":1611580285,"path_taken":["M","M","M","M","M","E","R","E","T","?","R","E","$","M","R","BOSS","M","M","M","$","?","E","R","E","T","R","E","M","$","M","R","BOSS","M"],"items_purchased_type":["Card","Relic","Relic"],"build_version":"2020-12-22","purchased_purges":3,"victory":false,"max_hp_per_floor":[72,72,72,72,72,72,72,72,72,67,67,67,67,67,67,67,67,67,67,67,67,67,67,67,67,67,67,67,67,67,67,67,72,72,72,72],"card_choices":[{"not_picked":["ClearTheMind","PathToVictory"],"picked":"FlurryOfBlows","floor":1.0},{"not_picked":["CrushJoints","CutThroughFate"],"picked":"BowlingBash","floor":2.0},{"not_picked":["JustLucky","Study"],"picked":"EmptyBody","floor":3.0},{"not_picked":["EmptyBody","Fasting2"],"picked":"MentalFortress","floor":4.0},{"not_picked":["PathToVictory","Conclude"],"picked":"Judgement","floor":5.0},{"not_picked":["Pray","Perseverance"],"picked":"SignatureMove","floor":6.0},{"not_picked":["Crescendo","WheelKick","Prostrate"],"picked":"SKIP","floor":8.0},{"not_picked":["WheelKick","Prostrate"],"picked":"Crescendo","floor":8.0},{"not_picked":["BowlingBash","EmptyBody","Fasting2"],"picked":"SKIP","floor":12.0},{"not_picked":["Adaptation","FearNoEvil"],"picked":"WaveOfTheHand","floor":14.0},{"not_picked":["Alpha","Judgement"],"picked":"Vault","floor":16.0},{"not_picked":["EmptyBody+1","ReachHeaven"],"picked":"CrushJoints","floor":18.0},{"not_picked":["FlurryOfBlows","Study"],"picked":"TalkToTheHand+1","floor":19.0},{"not_picked":["Prostrate","Worship"],"picked":"CarveReality","floor":20.0},{"not_picked":["WindmillStrike","Nirvana+1"],"picked":"DeceiveReality","floor":23.0},{"not_picked":["Crescendo","BattleHymn"],"picked":"FlurryOfBlows","floor":25.0},{"not_picked":["Weave+1","Perseverance+1"],"picked":"Vengeance","floor":28.0},{"not_picked":["Fasting2+1","ClearTheMind"],"picked":"Evaluate+1","floor":29.0},{"not_picked":["Nirvana","EmptyBody","Vault"],"picked":"SKIP","floor":31.0},{"not_picked":["Halt","Wireheading"],"picked":"Consecrate+1","floor":32.0},{"not_picked":["LessonLearned","Devotion"],"picked":"MasterReality","floor":33.0}],"player_experience":742937,"relics_obtained":[{"floor":6.0,"key":"Oddly Smooth Stone"},{"floor":8.0,"key":"Bottled Lightning"},{"floor":9.0,"key":"Boot"},{"floor":12.0,"key":"Whetstone"},{"floor":23.0,"key":"MealTicket"},{"floor":25.0,"key":"Dream Catcher"},{"floor":26.0,"key":"Bottled Flame"},{"floor":28.0,"key":"Dead Branch"}],"event_choices":[{"damage_healed":0.0,"max_hp_gain":0.0,"max_hp_loss":5.0,"gold_gain":0.0,"event_name":"Golden Idol","player_choice":"Lose Max HP","floor":10.0,"gold_loss":0.0,"damage_taken":0.0,"relics_obtained":["Golden Idol"]},{"damage_healed":0.0,"max_hp_gain":0.0,"max_hp_loss":0.0,"gold_gain":99.0,"event_name":"Nest","player_choice":"Stole From Cult","floor":22.0,"gold_loss":0.0,"damage_taken":0.0}],"is_beta":false,"boss_relics":[{"not_picked":["Coffee Dripper","Runic Pyramid"],"picked":"Empty Cage"},{"not_picked":["Fusion Hammer","Velvet Choker"],"picked":"SacredBark"}],"items_purged_floors":[13,21,30],"is_endless":false,"potions_floor_spawned":[4,5,16,20,25,28,29,31],"killed_by":"3 Darklings","ascension_level":3}}