{"host":"v3mpq6flurzldi5g","time":1611615506,"event":{"mods":["AchievementEnabler","BaseMod","Colored Powertips","Highlight Path","Minty Spire (QoL Compilation)","StSLib"],"gold_per_floor":[118,193,208,223,236,236,264,264,264,339,356,356,24,34,34,107,157,168,168,168,168],"floor_reached":20,"language":"ENG","playtime":1461,"items_purged":["Strike_R"],"score":279,"play_id":"e7d148ad-b5ce-4806-8267-8e02ff5971b1","local_time":"20210125175826","is_ascension_mode":true,"campfire_choices":[{"floor":6,"key":"REST"},{"floor":8,"key":"REST"},{"floor":12,"key":"REST"},{"data":"Defend_R","floor":15,"key":"SMITH"}],"circlet_count":0,"master_deck":["AscendersBane","Strike_R","Strike_R","Strike_R","Strike_R","Defend_R","Defend_R","Defend_R","Defend_R+1","Bash","Heavy Blade","Twin Strike","Intimidate","Clothesline","Carnage","Juggernaut+1","Impervious+1","Armaments","Inflame+1"],"relics":["Burning Blood","Smiling Mask","Odd Mushroom","Frozen Egg 2","Pear","Tiny House"],"acts_visited":["Exordium","TheCity"],"potions_floor_usage":[7,16,16,18],"damage_taken":[{"damage":0,"enemies":"Small Slimes","floor":1,"turns":3},{"damage":14,"enemies":"2 Louse","floor":3,"turns":3},{"damage":8,"enemies":"Jaw Worm","floor":4,"turns":4},{"damage":26,"enemies":"Red Slaver","floor":5,"turns":4},{"damage":30,"enemies":"The Mushroom Lair","floor":7,"turns":5},{"damage":25,"enemies":"Exordium Thugs","floor":11,"turns":6},{"damage":2,"enemies":"2 Fungi Beasts","floor":14,"turns":4},{"damage":61,"enemies":"The Guardian","floor":16,"turns":14},{"damage":49,"enemies":"Shell Parasite","floor":18,"turns":10},{"damage":22,"enemies":"Chosen","floor":20,"turns":5}],"seed_played":"-2867640834110255746","potions_obtained":[{"floor":1,"key":"DistilledChaos"},{"floor":7,"key":"Explosive Potion"},{"floor":11,"key":"Strength Potion"},{"floor":16,"key":"Weak Potion"},{"floor":17,"key":"SpeedPotion"},{"floor":18,"key":"LiquidBronze"}],"is_trial":false,"path_per_floor":["M","?","M","M","M","R","?","R","T","?","M","R","$","M","R","B",null,"M","?","M"],"character_chosen":"IRONCLAD","items_purchased":["Pear","Carnage"],"campfire_rested":3,"item_purchase_floors":[13,13],"current_hp_per_floor":[74,74,66,64,44,66,42,64,64,53,34,56,66,70,70,15,73,30,21,0,0],"gold":168,"neow_bonus":"RANDOM_COMMON_RELIC","is_daily":false,"chose_seed":false,"campfire_upgraded":1,"win_rate":0.0,"timestamp":1611615506,"path_taken":["M","?","M","M","M","R","?","R","T","?","M","R","$","M","R","BOSS","M","?","M"],"items_purchased_type":["Relic","Card"],"build_version":"2020-12-22","purchased_purges":1,"victory":false,"max_hp_per_floor":[75,75,75,75,75,75,75,75,75,75,75,75,85,85,85,85,90,90,90,90,90],"card_choices":[{"not_picked":["Infernal Blade","Iron Wave"],"picked":"Heavy Blade","floor":1},{"not_picked":["Clash","Evolve","Combust"],"picked":"SKIP","floor":3},{"not_picked":["Blood for Blood","Intimidate"],"picked":"Twin Strike","floor":4},{"not_picked":["Rage","Entrench"],"picked":"Intimidate","floor":5},{"not_picked":["Power Through","Wild Strike"],"picked":"Clothesline","floor":7},{"not_picked":["Hemokinesis","Heavy Blade","Dropkick"],"picked":"SKIP","floor":11},{"not_picked":["True Grit","Perfected Strike"],"picked":"Juggernaut+1","floor":14},{"not_picked":["Corruption+1","Immolate"],"picked":"Impervious","floor":16},{"not_picked":["Anger","Body Slam"],"picked":"Armaments","floor":17},{"not_picked":["Power Through","Iron Wave"],"picked":"Inflame+1","floor":18}],"player_experience":1063929,"relics_obtained":[{"floor":7,"key":"Odd Mushroom"},{"floor":9,"key":"Frozen Egg 2"}],"event_choices":[{"damage_healed":0,"gold_gain":75,"player_choice":"Gained Gold","damage_taken":0,"max_hp_gain":0,"max_hp_loss":0,"event_name":"Golden Wing","floor":2,"gold_loss":0},{"damage_healed":0,"gold_gain":0,"player_choice":"Fought Mushrooms","damage_taken":0,"max_hp_gain":0,"max_hp_loss":0,"event_name":"Mushrooms","floor":7,"gold_loss":0},{"damage_healed":0,"gold_gain":75,"player_choice":"Gather Gold","damage_taken":11,"max_hp_gain":0,"max_hp_loss":0,"event_name":"World of Goop","floor":10,"gold_loss":0},{"damage_healed":0,"gold_gain":0,"player_choice":"Damaged","damage_taken":9,"max_hp_gain":0,"max_hp_loss":0,"event_name":"Wheel of Change","floor":19,"gold_loss":0}],"is_beta":false,"boss_relics":[{"not_picked":["SacredBark","Philosopher\u0027s Stone"],"picked":"Tiny House"}],"items_purged_floors":[13],"is_endless":false,"potions_floor_spawned":[1,7,11,16,18],"killed_by":"Chosen","ascension_level":14}}