{"host":"6hzrz31j95f2y1pa","time":1611544545,"event":{"mods":["BaseMod","Colored Map","Downfall","Minty Spire (QoL Compilation)","StSLib"],"gold_per_floor":[0,10,29,44,62,62,87,120,147,147,57,88,88,100,116,116,116,116],"floor_reached":16,"language":"ENG","playtime":705,"items_purged":["bronze:Defend"],"score":146,"play_id":"24226c2b-a4f4-4d89-ad83-6711ce2deb6b","local_time":"20210124221545","is_ascension_mode":true,"campfire_choices":[{"data":"bronze:Branch","floor":1,"key":"SMITH"},{"data":"bronze:Fortify","floor":6,"key":"SMITH"}],"circlet_count":0,"master_deck":["bronze:Strike","bronze:Defend","bronze:Defend","bronze:Replicate","bronze:Goto","bronze:Branch+1","bronze:MaxOutput","bronze:ItsAFeature","bronze:Turbo","bronze:InfiniteBeams","bronze:Fortify+1","bronze:Invalidate","bronze:Separator","bronze:FollowUp","bronze:BuggyMess"],"relics":["bronze:BronzeCore","Akabeko","Blood Vial","bronze:BronzeIdol","Potion Belt"],"acts_visited":["Exordium"],"potions_floor_usage":[11,16],"damage_taken":[{"damage":1,"enemies":"Cultist","floor":2,"turns":3},{"damage":5,"enemies":"Small Slimes","floor":3,"turns":4},{"damage":2,"enemies":"Jaw Worm","floor":4,"turns":4},{"damage":0,"enemies":"Large Slime","floor":5,"turns":3},{"damage":26,"enemies":"Gremlin Nob","floor":8,"turns":4},{"damage":0,"enemies":"downfall:FleeingMerchant","floor":11,"turns":4},{"damage":17,"enemies":"Lagavulin","floor":12,"turns":4},{"damage":6,"enemies":"3 Louse","floor":14,"turns":3},{"damage":4,"enemies":"Blue Slaver","floor":15,"turns":4},{"damage":16,"enemies":"WA_ARCHETYPE_RETAIN","floor":16,"turns":4}],"seed_played":"145572075846620464","potions_obtained":[{"floor":2,"key":"bronze:FreeFunctionsPotion"},{"floor":4,"key":"Energy Potion"},{"floor":5,"key":"LiquidBronze"},{"floor":15,"key":"SpeedPotion"}],"is_trial":false,"path_per_floor":["R","M","M","M","M","R","T","E","T","?","$","E","?","M","M","B"],"character_chosen":"THE_AUTOMATON","items_purchased":[],"campfire_rested":0,"item_purchase_floors":[],"current_hp_per_floor":[63,62,57,55,55,55,55,29,29,29,31,16,16,12,10,0,0,0],"gold":116,"neow_bonus":"TRANSFORM_TWO_CARDS","is_daily":false,"chose_seed":false,"campfire_upgraded":2,"win_rate":0.0,"timestamp":1611544545,"path_taken":["R","M","M","M","M","R","T","E","?","?","$","E","?","M","M","BOSS"],"items_purchased_type":[],"build_version":"2020-12-22","purchased_purges":1,"victory":false,"max_hp_per_floor":[70,70,70,70,70,70,70,70,70,70,70,70,70,70,70,70,70,70],"card_choices":[{"not_picked":["bronze:Constructor","bronze:BronzeOrb"],"picked":"bronze:ItsAFeature","floor":2},{"not_picked":["bronze:NullPointer","bronze:ClassDefault"],"picked":"bronze:Turbo","floor":3},{"not_picked":["bronze:Backtrace","bronze:NullPointer"],"picked":"bronze:InfiniteBeams","floor":4},{"not_picked":["bronze:OilSpill","bronze:ForLoop"],"picked":"bronze:Fortify","floor":5},{"not_picked":["bronze:BugBarrage","bronze:DelayedGuard","bronze:CutThrough"],"picked":"SKIP","floor":8},{"not_picked":["bronze:Shield","bronze:DigitalCarnage"],"picked":"bronze:Separator","floor":11},{"not_picked":["bronze:ClassDefault","bronze:ForceShield","bronze:Philosophize"],"picked":"SKIP","floor":12},{"not_picked":["bronze:Turbo","bronze:DelayedSlice"],"picked":"bronze:FollowUp","floor":14},{"not_picked":["bronze:Optimize","bronze:BugBarrage"],"picked":"bronze:BuggyMess","floor":15}],"player_experience":1391932,"relics_obtained":[{"floor":7,"key":"Akabeko"},{"floor":8,"key":"Blood Vial"},{"floor":9,"key":"bronze:BronzeIdol"},{"floor":12,"key":"Potion Belt"}],"event_choices":[{"cards_removed":["bronze:Strike"],"damage_healed":0,"gold_gain":0,"player_choice":"Card Removal","damage_taken":0,"max_hp_gain":0,"max_hp_loss":0,"event_name":"The Cleric","floor":13,"gold_loss":0}],"is_beta":false,"boss_relics":[],"items_purged_floors":[11],"is_endless":false,"potions_floor_spawned":[2,4,5,8,15],"killed_by":"WA_ARCHETYPE_RETAIN","ascension_level":6}}