{"host":"xihptmid2rbtf46t","time":1611612143,"event":{"mods":["Arknights The Spire","BaseMod","Minty Spire (QoL Compilation)","StSLib"],"gold_per_floor":[119,119,139,155,155,189,204,204,249,273,310,322,345,357,369,381,381],"floor_reached":16,"language":"KOR","playtime":1052,"items_purged":[],"score":112,"play_id":"6c2bdfc2-ab7a-44c4-9b35-a7e8d5fc79aa","local_time":"20210126070223","is_ascension_mode":false,"campfire_choices":[{"floor":8.0,"key":"REST"},{"floor":12.0,"key":"REST"},{"floor":15,"key":"REST"}],"circlet_count":0,"master_deck":["ats:Strike C","ats:Strike G","ats:Strike S","ats:Strike V","ats:Defend","ats:Defend","ats:Defend","ats:Emotion Absorption","ats:Ignite","ats:Closed Bolt Burst Fire","ats:Guardian Obelisk","ats:Volcano","ats:Directed Diagnosis","ats:Ignite","ats:Very Hot Blade","ats:Volcano","ats:Defend Order"],"relics":["ats:Sanity","NeowsBlessing","ats:Bonebreaker","ats:Originium","Orichalcum","MawBank","Incense Burner"],"acts_visited":["Exordium"],"potions_floor_usage":[16,16],"damage_taken":[{"damage":0.0,"enemies":"Small Slimes","floor":1.0,"turns":1.0},{"damage":0.0,"enemies":"Cultist","floor":3.0,"turns":1.0},{"damage":0.0,"enemies":"2 Louse","floor":4.0,"turns":1.0},{"damage":48.0,"enemies":"3 Sentries","floor":6.0,"turns":10.0},{"damage":9.0,"enemies":"Red Slaver","floor":7.0,"turns":3.0},{"damage":8.0,"enemies":"Blue Slaver","floor":10.0,"turns":4.0},{"damage":15.0,"enemies":"Gremlin Nob","floor":11.0,"turns":4.0},{"damage":7.0,"enemies":"Gremlin Gang","floor":13.0,"turns":4.0},{"damage":50,"enemies":"Hexaghost","floor":16,"turns":12}],"seed_played":"-3752572357104822016","potions_obtained":[{"floor":3.0,"key":"BlessingOfTheForge"},{"floor":6.0,"key":"LiquidMemories"},{"floor":7.0,"key":"Explosive Potion"},{"floor":11.0,"key":"ats:Emergency Sanity Potion"}],"is_trial":false,"path_per_floor":["M","?","M","M","?","E","M","R","T","M","E","R","M","?","R","B"],"character_chosen":"DOCTOR_CLASS","items_purchased":[],"campfire_rested":3,"item_purchase_floors":[],"current_hp_per_floor":[72,72,72,72,69,21,12,33,33,30,15,36,29,29,50,0,0],"gold":381,"neow_bonus":"THREE_ENEMY_KILL","is_daily":false,"chose_seed":false,"campfire_upgraded":0,"win_rate":0.0,"timestamp":1611612143,"path_taken":["M","?","M","?","?","E","M","R","T","M","E","R","M","?","R","BOSS"],"items_purchased_type":[],"build_version":"2020-12-22","purchased_purges":0,"victory":false,"max_hp_per_floor":[72,72,72,72,72,72,72,72,72,72,72,72,72,72,72,72,72],"card_choices":[{"not_picked":["ats:Hook Shot","ats:Shell Defense"],"picked":"ats:Ignite","floor":1.0},{"not_picked":["ats:LN2 Cannon","ats:Apocalypse"],"picked":"ats:Closed Bolt Burst Fire","floor":3.0},{"not_picked":["ats:Poison Spread","ats:Assault Order"],"picked":"ats:Guardian Obelisk","floor":4.0},{"not_picked":["ats:Guard Mode","ats:Poison Spread"],"picked":"ats:Volcano","floor":6.0},{"not_picked":["ats:Leaping Hammer","ats:Assault Order"],"picked":"ats:Directed Diagnosis","floor":7.0},{"not_picked":["ats:Overload","ats:Flexible Camouflage"],"picked":"ats:Ignite","floor":10.0},{"not_picked":["ats:Explosion Area Strengthen","ats:Absolute Focus"],"picked":"ats:Very Hot Blade","floor":11.0},{"not_picked":["ats:Closed Bolt Burst Fire","ats:Curse Doll"],"picked":"ats:Volcano","floor":13.0}],"player_experience":589872,"relics_obtained":[{"floor":6.0,"key":"ats:Originium"},{"floor":6.0,"key":"Orichalcum"},{"floor":9.0,"key":"MawBank"},{"floor":11.0,"key":"ats:Originium"},{"floor":11.0,"key":"Incense Burner"}],"event_choices":[{"cards_removed":["ats:Defend"],"damage_healed":0.0,"max_hp_gain":0.0,"max_hp_loss":0.0,"gold_gain":0.0,"event_name":"Purifier","player_choice":"Purged","floor":2.0,"gold_loss":0.0,"damage_taken":0.0},{"damage_healed":0.0,"max_hp_gain":0.0,"max_hp_loss":0.0,"gold_gain":0.0,"event_name":"Scrap Ooze","player_choice":"Success","floor":5.0,"gold_loss":0.0,"damage_taken":3.0,"relics_obtained":["ats:Bonebreaker"]},{"damage_healed":0,"gold_gain":0,"cards_transformed":["ats:Armor Crushing Shot"],"player_choice":"Transformed","damage_taken":0,"max_hp_gain":0,"max_hp_loss":0,"event_name":"Transmorgrifier","floor":14,"gold_loss":0,"cards_obtained":["ats:Defend Order"]}],"is_beta":false,"boss_relics":[],"items_purged_floors":[],"is_endless":false,"potions_floor_spawned":[3,6,7,11,13],"killed_by":"Hexaghost","ascension_level":0}}