{"host":"wmz27iczv4t8azac","time":1611549132,"event":{"mods":["AchievementEnabler","BaseMod","Colored Powertips","Minty Spire (QoL Compilation)","Quick Restart","Relic Stats","StSLib"],"gold_per_floor":[117,192,209,209,278,278,306,306,306,331,345,370,370,402,414,505,517,543,533,605,632,17,48,48,98,98,148,166,183,217,232,232,309,309,329,348,123,134,151,151,181,181,206,206,206,206],"floor_reached":45,"language":"ENG","playtime":2336,"items_purged":[],"score":1126,"play_id":"b1d7bdf3-7780-4bd7-a75e-275ad08df740","local_time":"20210124203212","is_ascension_mode":true,"campfire_choices":[{"data":"Cloak And Dagger","floor":6.0,"key":"SMITH"},{"data":"Neutralize","floor":8.0,"key":"SMITH"},{"data":"Blade Dance","floor":15.0,"key":"SMITH"},{"data":"Bullet Time","floor":24,"key":"SMITH"},{"data":"Envenom","floor":32,"key":"SMITH"},{"data":"Tactician","floor":40,"key":"SMITH"},{"data":"Prepared","floor":42,"key":"SMITH"},{"floor":44,"key":"RECALL"}],"circlet_count":0,"master_deck":["AscendersBane","Survivor","Neutralize+1","Cloak And Dagger+1","Dash+1","Dagger Spray+1","Blade Dance+1","Backflip","Phantasmal Killer","Acrobatics","Envenom+1","Malaise","Flechettes+1","Backstab+1","Dash+1","Leg Sweep","Malaise","PiercingWail","Calculated Gamble","Infinite Blades","Tactician+1","Terror","Accuracy","Flying Knee+1","Flash of Steel+1","Bullet Time+1","Well Laid Plans+1","Poisoned Stab+1","Acrobatics","Endless Agony+1","Die Die Die+1","Dodge and Roll+1","Wraith Form v2+1","Prepared+1","Blade Dance+1","Deflect","Escape Plan","Blade Dance"],"relics":["Ring of the Snake","NeowsBlessing","Molten Egg 2","Meat on the Bone","White Beast Statue","Pear","Tough Bandages","SsserpentHead","MawBank","Pandora\u0027s Box","Frozen Egg 2","Singing Bowl","Kunai","Runic Dome","ClockworkSouvenir","Bronze Scales","Anchor"],"acts_visited":["Exordium","TheCity","TheBeyond"],"potions_floor_usage":[16,16,18,21,33],"damage_taken":[{"damage":0.0,"enemies":"Jaw Worm","floor":1.0,"turns":1.0},{"damage":0.0,"enemies":"2 Louse","floor":3.0,"turns":1.0},{"damage":0.0,"enemies":"Gremlin Nob","floor":7.0,"turns":1.0},{"damage":22.0,"enemies":"Lagavulin","floor":10.0,"turns":6.0},{"damage":0.0,"enemies":"Cultist","floor":11.0,"turns":3.0},{"damage":10.0,"enemies":"3 Sentries","floor":12.0,"turns":5.0},{"damage":5.0,"enemies":"Gremlin Nob","floor":14.0,"turns":3.0},{"damage":37,"enemies":"Hexaghost","floor":16,"turns":10},{"damage":4,"enemies":"Shell Parasite","floor":18,"turns":3},{"damage":2,"enemies":"2 Thieves","floor":19,"turns":4},{"damage":8,"enemies":"Sentry and Sphere","floor":20,"turns":6},{"damage":5,"enemies":"3 Cultists","floor":21,"turns":4},{"damage":17,"enemies":"Book of Stabbing","floor":23,"turns":5},{"damage":4,"enemies":"Cultist and Chosen","floor":28,"turns":3},{"damage":10,"enemies":"Snecko","floor":29,"turns":6},{"damage":8,"enemies":"Gremlin Leader","floor":30,"turns":5},{"damage":9,"enemies":"Snake Plant","floor":31,"turns":3},{"damage":21,"enemies":"Champ","floor":33,"turns":10},{"damage":0,"enemies":"Orb Walker","floor":35,"turns":2},{"damage":32,"enemies":"3 Darklings","floor":36,"turns":4},{"damage":15,"enemies":"Writhing Mass","floor":38,"turns":6},{"damage":0,"enemies":"Transient","floor":39,"turns":6},{"damage":28,"enemies":"Nemesis","floor":41,"turns":9},{"damage":41,"enemies":"Giant Head","floor":45,"turns":5}],"seed_played":"-6945421632621925865","potions_obtained":[{"floor":1.0,"key":"Fire Potion"},{"floor":10.0,"key":"Dexterity Potion"},{"floor":11.0,"key":"Explosive Potion"},{"floor":12.0,"key":"Strength Potion"},{"floor":14.0,"key":"SteroidPotion"},{"floor":16,"key":"CunningPotion"},{"floor":18,"key":"Poison Potion"},{"floor":19,"key":"Swift Potion"},{"floor":20,"key":"Ancient Potion"},{"floor":21,"key":"Explosive Potion"},{"floor":23,"key":"PowerPotion"},{"floor":33,"key":"LiquidBronze"}],"is_trial":false,"path_per_floor":["M","?","M","?","T","R","E","R","T","E","M","E","?","E","R","B",null,"M","M","M","M","$","E","R","?","T","?","M","M","E","M","R","B",null,"M","M","$","M","M","R","E","R","T","R","E"],"character_chosen":"THE_SILENT","items_purchased":["Flash of Steel+1","Frozen Egg 2","Bullet Time","Well Laid Plans+1","Deflect","ClockworkSouvenir"],"campfire_rested":0,"item_purchase_floors":[22,22,22,22,37,37],"current_hp_per_floor":[59,48,48,28,28,28,28,28,28,28,40,42,42,49,49,24,63,59,57,49,44,44,39,39,39,39,76,72,62,54,45,45,36,66,66,46,46,45,45,45,29,29,29,29,0,0],"gold":206,"neow_bonus":"THREE_ENEMY_KILL","is_daily":false,"chose_seed":false,"campfire_upgraded":7,"win_rate":0.0,"timestamp":1611549132,"path_taken":["M","?","M","?","?","R","E","R","T","E","M","E","?","E","R","BOSS","M","M","?","M","$","E","R","?","T","?","M","M","E","M","R","BOSS","M","M","$","M","M","R","E","R","T","R","E"],"items_purchased_type":["Card","Relic","Card","Card","Card","Relic"],"build_version":"2020-12-22","purchased_purges":0,"victory":false,"max_hp_per_floor":[66,66,66,66,66,66,66,66,66,76,76,76,76,76,76,76,76,76,76,76,76,76,76,76,76,76,76,76,76,76,76,76,76,76,76,76,76,78,78,78,78,78,78,78,78,78],"relic_stats":{"SsserpentHead":150,"Tough Bandages":[180],"Singing Bowl":2,"counters":[24,111],"Bronze Scales":[6],"Pandora\u0027s Box":["Malaise","Flechettes","Backstab","Dash","Leg Sweep","Malaise","PiercingWail","Distraction","Calculated Gamble","Infinite Blades"],"Kunai":[43],"MawBank":96,"obtain_stats":[{"Pear":10,"NeowsBlessing":0,"Singing Bowl":23,"Frozen Egg 2":22,"MawBank":14,"White Beast Statue":9,"ClockworkSouvenir":37,"SsserpentHead":13,"Runic Dome":34,"Tough Bandages":12,"Anchor":43,"Bronze Scales":41,"Molten Egg 2":5,"Pandora\u0027s Box":17,"Kunai":30,"Ring of the Snake":0,"Meat on the Bone":7},{"Pear":4,"NeowsBlessing":0,"Singing Bowl":13,"Frozen Egg 2":12,"MawBank":7,"White Beast Statue":3,"ClockworkSouvenir":20,"SsserpentHead":6,"Runic Dome":18,"Tough Bandages":6,"Anchor":23,"Bronze Scales":23,"Molten Egg 2":2,"Pandora\u0027s Box":8,"Kunai":16,"Ring of the Snake":0,"Meat on the Bone":3},{"Pear":9,"NeowsBlessing":0,"Singing Bowl":52,"Frozen Egg 2":47,"MawBank":20,"White Beast Statue":3,"ClockworkSouvenir":85,"SsserpentHead":17,"Runic Dome":79,"Tough Bandages":17,"Anchor":106,"Bronze Scales":106,"Molten Egg 2":2,"Pandora\u0027s Box":30,"Kunai":66,"Ring of the Snake":0,"Meat on the Bone":3}],"Ring of the Snake":[49],"Meat on the Bone":120},"card_choices":[{"not_picked":["Flying Knee","Finisher"],"picked":"Cloak And Dagger","floor":1.0},{"not_picked":["Deadly Poison","Flechettes"],"picked":"Dash","floor":3.0},{"not_picked":["Prepared","After Image"],"picked":"Dagger Spray+1","floor":7.0},{"not_picked":["Blur","Endless Agony+1"],"picked":"Blade Dance","floor":10.0},{"not_picked":["Predator+1","Flying Knee+1"],"picked":"Backflip","floor":11.0},{"not_picked":["Prepared","Cloak And Dagger"],"picked":"Phantasmal Killer","floor":12.0},{"not_picked":["Dagger Throw+1","Eviscerate+1"],"picked":"Acrobatics","floor":14.0},{"not_picked":["Adrenaline","Burst"],"picked":"Envenom","floor":16},{"not_picked":["Blade Dance","Bane+1"],"picked":"Tactician","floor":18},{"not_picked":["Endless Agony+1","PiercingWail"],"picked":"Terror","floor":19},{"not_picked":["Predator+1","Sucker Punch+1"],"picked":"Accuracy","floor":20},{"not_picked":["Slice+1","Deadly Poison"],"picked":"Flying Knee+1","floor":21},{"not_picked":["Dash+1","Predator+1"],"picked":"Poisoned Stab+1","floor":23},{"not_picked":["Phantasmal Killer","Outmaneuver"],"picked":"Acrobatics","floor":28},{"not_picked":["Predator+1","Flying Knee+1"],"picked":"Endless Agony+1","floor":29},{"not_picked":["Outmaneuver","Venomology"],"picked":"Die Die Die+1","floor":30},{"not_picked":["Terror+1","Crippling Poison"],"picked":"Dodge and Roll+1","floor":31},{"not_picked":["Malaise","Venomology"],"picked":"Wraith Form v2+1","floor":33},{"not_picked":["Slice+1","Setup"],"picked":"Prepared","floor":35},{"not_picked":["Dodge and Roll","Flying Knee+1"],"picked":"Blade Dance+1","floor":36},{"not_picked":["Backflip","Sucker Punch+1","Infinite Blades+1"],"picked":"Singing Bowl","floor":38},{"not_picked":["Masterful Stab+1","Sucker Punch+1"],"picked":"Escape Plan","floor":39},{"not_picked":["Expertise","Escape Plan"],"picked":"Blade Dance","floor":41}],"player_experience":929249,"relics_obtained":[{"floor":5.0,"key":"Molten Egg 2"},{"floor":7.0,"key":"Meat on the Bone"},{"floor":9.0,"key":"White Beast Statue"},{"floor":10.0,"key":"Pear"},{"floor":12.0,"key":"Tough Bandages"},{"floor":14.0,"key":"MawBank"},{"floor":23,"key":"Singing Bowl"},{"floor":30,"key":"Kunai"},{"floor":41,"key":"Bronze Scales"},{"floor":43,"key":"Anchor"}],"event_choices":[{"damage_healed":0.0,"max_hp_gain":0.0,"max_hp_loss":0.0,"gold_gain":75.0,"event_name":"World of Goop","player_choice":"Gather Gold","floor":2.0,"gold_loss":0.0,"damage_taken":11.0},{"damage_healed":0.0,"max_hp_gain":0.0,"max_hp_loss":0.0,"gold_gain":0.0,"event_name":"Shining Light","player_choice":"Entered Light","floor":4.0,"gold_loss":0.0,"damage_taken":20.0,"cards_upgraded":["Dash","Strike_G"]},{"damage_healed":0.0,"max_hp_gain":0.0,"max_hp_loss":0.0,"gold_gain":0.0,"event_name":"FaceTrader","player_choice":"Trade","floor":13.0,"gold_loss":0.0,"damage_taken":0.0,"relics_obtained":["SsserpentHead"]},{"damage_healed":0,"gold_gain":0,"player_choice":"Ignored","damage_taken":0,"max_hp_gain":0,"max_hp_loss":0,"event_name":"Vampires","floor":25,"gold_loss":0},{"cards_removed":["Distraction"],"damage_healed":37,"gold_gain":0,"player_choice":"Offered Uncommon","damage_taken":0,"max_hp_gain":0,"max_hp_loss":0,"event_name":"Bonfire Elementals","floor":27,"gold_loss":0}],"is_beta":false,"boss_relics":[{"not_picked":["SacredBark","Ectoplasm"],"picked":"Pandora\u0027s Box"},{"not_picked":["Empty Cage","Black Star"],"picked":"Runic Dome"}],"items_purged_floors":[],"is_endless":false,"potions_floor_spawned":[1,10,11,12,14,16,18,19,20,21,23,28,29,30,31,33,35,36,38,39,41],"killed_by":"Giant Head","ascension_level":20}}