{"host":"zrerxgu8lagrk16e","time":1611606294,"event":{"mods":["AchievementEnabler","BaseMod","Better Altar","Better Match","Better Note","Better Sensory Stone","Better Skull","Better Third Choice","Colored Map","Colored Powertips","Minty Spire (QoL Compilation)","Permanent Neow","Quick Restart","Relic Stats","StSLib","slay the spire mod where everything is the same but ironclad has a cowboy hat"],"gold_per_floor":[141,141,141,176,176,176,209,256,256,270,301,346,357,407,407,535,535,576,152,152,152,164,192,192,192,192],"floor_reached":25,"language":"ENG","playtime":1468,"items_purged":[],"score":455,"play_id":"875a479d-ba21-464f-865f-3edcac4f5195","local_time":"20210125152454","is_ascension_mode":true,"campfire_choices":[{"floor":6.0,"key":"REST"},{"floor":15,"key":"REST"},{"data":"Establishment","floor":24,"key":"SMITH"}],"circlet_count":0,"master_deck":["Strike_P","Strike_P","Strike_P","Strike_P","Defend_P","Defend_P","Defend_P","Defend_P","Eruption","Vigilance","Wish+1","Pray","Endless Agony","BattleHymn","EmptyBody","Alpha","Prostrate","FearNoEvil","Sanctity","Meditate","ThirdEye","Establishment+1","CutThroughFate","Perseverance","Crescendo","SandsOfTime","WindmillStrike","Decay","FlyingSleeves","Protect"],"relics":["HolyWater","White Beast Statue","Mercury Hourglass","Pocketwatch","Lee\u0027s Waffle","Yang","Bloody Idol"],"acts_visited":["Exordium","TheCity"],"potions_floor_usage":[11,12,12,18,18,23,23,23],"damage_taken":[{"damage":37.0,"enemies":"Cultist","floor":1.0,"turns":7.0},{"damage":1.0,"enemies":"2 Louse","floor":4.0,"turns":2.0},{"damage":0.0,"enemies":"Lagavulin","floor":7.0,"turns":3.0},{"damage":6.0,"enemies":"Jaw Worm","floor":8.0,"turns":4.0},{"damage":6.0,"enemies":"Looter","floor":10.0,"turns":3.0},{"damage":12,"enemies":"3 Sentries","floor":11,"turns":7},{"damage":4,"enemies":"Blue Slaver","floor":12,"turns":3},{"damage":6,"enemies":"Lots of Slimes","floor":13,"turns":3},{"damage":0,"enemies":"Exordium Wildlife","floor":14,"turns":2},{"damage":11,"enemies":"The Guardian","floor":16,"turns":7},{"damage":29,"enemies":"2 Thieves","floor":18,"turns":3},{"damage":0,"enemies":"Chosen","floor":22,"turns":3},{"damage":47,"enemies":"Slavers","floor":23,"turns":6}],"seed_played":"7051777098624883540","potions_obtained":[{"floor":1.0,"key":"SteroidPotion"},{"floor":4.0,"key":"Ancient Potion"},{"floor":7.0,"key":"SneckoOil"},{"floor":8.0,"key":"Fruit Juice"},{"floor":11,"key":"Fruit Juice"},{"floor":12,"key":"Block Potion"},{"floor":13,"key":"Fire Potion"},{"floor":14,"key":"AttackPotion"},{"floor":16,"key":"Energy Potion"},{"floor":18,"key":"SpeedPotion"},{"floor":22,"key":"Dexterity Potion"},{"floor":23,"key":"Explosive Potion"}],"is_trial":false,"path_per_floor":["M","?","?","M","?","R","E","M","T","M","E","M","M","M","R","B",null,"M","$","?","?","M","E","R","?"],"character_chosen":"WATCHER","items_purchased":["Lee\u0027s Waffle","Perseverance","Crescendo","SandsOfTime","WindmillStrike"],"campfire_rested":2,"item_purchase_floors":[19,19,19,19,19],"current_hp_per_floor":[35,18,18,17,17,38,38,32,32,26,19,20,14,14,38,27,82,53,89,89,89,89,42,42,0,0],"gold":192,"neow_bonus":"ONE_RANDOM_RARE_CARD","is_daily":false,"chose_seed":false,"campfire_upgraded":1,"win_rate":0.0,"timestamp":1611606294,"path_taken":["M","?","?","M","?","R","E","M","T","M","E","M","M","M","R","BOSS","M","$","?","?","?","E","R","?"],"items_purchased_type":["Relic","Card","Card","Card","Card"],"build_version":"2020-12-22","purchased_purges":0,"victory":false,"max_hp_per_floor":[72,72,72,72,72,72,72,72,72,72,77,82,82,82,82,82,82,82,89,89,89,89,89,89,89,89],"relic_stats":{"Lee\u0027s Waffle":36,"counters":[13,53],"Bloody Idol":0,"Yang":[0],"obtain_stats":[{"Lee\u0027s Waffle":19,"Bloody Idol":25,"HolyWater":17,"Yang":23,"PureWater":0,"White Beast Statue":2,"Mercury Hourglass":7,"Pocketwatch":11},{"Lee\u0027s Waffle":11,"Bloody Idol":13,"HolyWater":10,"Yang":13,"PureWater":0,"White Beast Statue":1,"Mercury Hourglass":3,"Pocketwatch":6},{"Lee\u0027s Waffle":44,"Bloody Idol":53,"HolyWater":41,"Yang":53,"PureWater":0,"White Beast Statue":7,"Mercury Hourglass":12,"Pocketwatch":26}],"Mercury Hourglass":[216],"Pocketwatch":[12]},"card_choices":[{"not_picked":["Evaluate","PathToVictory"],"picked":"Pray","floor":1.0},{"not_picked":["FlyingSleeves","Crescendo"],"picked":"BattleHymn","floor":4.0},{"not_picked":["FlyingSleeves","FearNoEvil"],"picked":"EmptyBody","floor":7.0},{"not_picked":["WaveOfTheHand","Pray"],"picked":"Alpha","floor":8.0},{"not_picked":["PathToVictory","Nirvana"],"picked":"Prostrate","floor":10.0},{"not_picked":["ClearTheMind","EmptyFist"],"picked":"FearNoEvil","floor":11},{"not_picked":["SignatureMove","EmptyFist"],"picked":"Sanctity","floor":12},{"not_picked":["CrushJoints","JustLucky"],"picked":"Meditate","floor":13},{"not_picked":["EmptyFist","SashWhip"],"picked":"ThirdEye","floor":14},{"not_picked":["Brilliance","ConjureBlade"],"picked":"Establishment","floor":16},{"not_picked":["Evaluate","EmptyMind"],"picked":"CutThroughFate","floor":18},{"not_picked":["WheelKick","Crescendo"],"picked":"FlyingSleeves","floor":22},{"not_picked":["Study","ClearTheMind+1"],"picked":"Protect","floor":23}],"player_experience":161834,"relics_obtained":[{"floor":7.0,"key":"Mercury Hourglass"},{"floor":11,"key":"Pocketwatch"},{"floor":23,"key":"Yang"}],"event_choices":[{"damage_healed":0.0,"max_hp_gain":0.0,"max_hp_loss":0.0,"gold_gain":0.0,"event_name":"Golden Wing","player_choice":"Ignored","floor":3.0,"gold_loss":0.0,"damage_taken":0.0},{"damage_healed":0.0,"max_hp_gain":0.0,"max_hp_loss":0.0,"gold_gain":0.0,"event_name":"Living Wall","player_choice":"Grow","floor":5.0,"gold_loss":0.0,"damage_taken":0.0,"cards_upgraded":["Wish"]},{"damage_healed":0,"gold_gain":0,"player_choice":"Ignored","damage_taken":0,"max_hp_gain":0,"max_hp_loss":0,"event_name":"Beggar","floor":20,"gold_loss":0},{"damage_healed":0,"gold_gain":0,"player_choice":"Cursed","damage_taken":0,"max_hp_gain":0,"max_hp_loss":0,"event_name":"Wheel of Change","floor":21,"gold_loss":0,"cards_obtained":["Decay"]}],"is_beta":false,"boss_relics":[{"not_picked":["Pandora\u0027s Box","Tiny House"],"picked":"HolyWater"}],"items_purged_floors":[],"is_endless":false,"potions_floor_spawned":[1,4,7,8,10,11,12,13,14,16,18,22,23],"ascension_level":4}}