{"host":"bplbr8uekuotory4","time":1611565527,"event":{"mods":["Act Like it!","BaseMod","Minty Spire (QoL Compilation)","Quick Restart","Replay The Spire","Spicy Shops","StSLib","TestMod","The Blackbeard","[IsaacMod]ÒÔÈö¼âËþ"],"gold_per_floor":[115,190,245,38,54,54,85,85,85,12,46,65,123,139,139,243,243,260,110,205,205,57,57,72,101,124,223,253,267,267,287,287,287,287,307,207,226,226,226,226,240,240,266,266,278,278,288,371,371,371,371],"floor_reached":50,"language":"ZHS","playtime":1842,"items_purged":["Zap","Defend_B","Strike_B","Dualcast"],"score":1373,"play_id":"b59504ad-561b-4379-8c49-f2a5ab87e213","local_time":"20210125170527","is_ascension_mode":true,"campfire_choices":[{"data":"Conserve Battery","floor":6,"key":"SMITH"},{"floor":8,"key":"RECALL"},{"data":"Defend_B","floor":15,"key":"PURGE"},{"data":"Gash","floor":23,"key":"SMITH"},{"data":"Cold Snap","floor":30,"key":"SMITH"},{"data":"Auto Shields","floor":32,"key":"SMITH"},{"floor":40,"key":"REST"},{"floor":42,"key":"REST"},{"data":"ReplayRNGCard","floor":46,"key":"SMITH"},{"floor":49,"key":"REST"}],"circlet_count":0,"master_deck":["AscendersBane","Strike_B","Strike_B","Strike_B","Defend_B","Defend_B","Conserve Battery+1","Auto Shields+1","Gash+1","BootSequence+1","ReplayRNGCard+1"],"relics":["Cracked Core","testmod-TestBox","HushsDoor","Void","testmod-ChristmasGift","ClockworkSouvenir","Carrot","Divine Protection","Pet Ghost","Replay:Kaleidoscope","MagicMushroom","Chemical X","TheAbacus","Onion Ring","Potion Belt","BookOfRevelations","testmod-CardMagician","BelialBook","Happy Flower"],"acts_visited":["Exordium","TheCity","TheBeyond"],"potions_floor_usage":[28,28,31,31,33,33,33,33,33,33,33,33,33,33,41,41,45,45,47,47,50,50,50,50,50,50,50,50,50,50,50,50,50,50,50,50,50,50,50,50,50],"damage_taken":[{"damage":0,"enemies":"Jaw Worm","floor":1,"turns":1},{"damage":0,"enemies":"2 Louse","floor":5,"turns":2},{"damage":0,"enemies":"Lagavulin","floor":7,"turns":1},{"damage":16,"enemies":"Gremlin Nob","floor":11,"turns":4},{"damage":0,"enemies":"Cultist","floor":12,"turns":3},{"damage":0,"enemies":"Gremlin Nob","floor":13,"turns":5},{"damage":0,"enemies":"Large Slime","floor":14,"turns":5},{"damage":0,"enemies":"Hexaghost","floor":16,"turns":8},{"damage":0,"enemies":"Spheric Guardian","floor":18,"turns":4},{"damage":0,"enemies":"Chosen","floor":24,"turns":3},{"damage":0,"enemies":"Replay:Snechameleon","floor":25,"turns":6},{"damage":2,"enemies":"Book of Stabbing","floor":28,"turns":4},{"damage":0,"enemies":"Snecko","floor":29,"turns":5},{"damage":0,"enemies":"Chosen and Byrds","floor":31,"turns":4},{"damage":0,"enemies":"Pondfish","floor":33,"turns":6},{"damage":0,"enemies":"3 Shapes","floor":35,"turns":3},{"damage":0,"enemies":"Orb Walker","floor":37,"turns":3},{"damage":0,"enemies":"Sphere and 2 Shapes","floor":41,"turns":4},{"damage":13,"enemies":"Transient","floor":45,"turns":5},{"damage":0,"enemies":"Maw","floor":47,"turns":8},{"damage":0,"enemies":"Replay:Hell Engine","floor":50,"turns":5}],"seed_played":"8500393009784330040","potions_obtained":[],"is_trial":false,"path_per_floor":["M","?","?","$","M","R","E","R","T","$","E","M","?","M","R","B",null,"M","$","?","?","$","R","M","E","T","?","E","M","R","M","R","B",null,"M","$","M","?","?","R","M","R","T","?","M","R","M","?","R","B"],"character_chosen":"DEFECT","items_purchased":["Conserve Battery","ClockworkSouvenir","Pet Ghost","Chemical X","TheAbacus","BelialBook"],"campfire_rested":3,"item_purchase_floors":[4,4,10,19,22,34],"current_hp_per_floor":[68,57,42,42,42,42,42,42,42,42,30,34,40,50,50,74,77,77,77,62,62,62,62,68,77,77,77,77,77,77,77,77,77,60,60,60,60,60,60,60,60,60,60,60,49,49,60,45,60,60,60],"gold":371,"neow_bonus":"THREE_ENEMY_KILL","is_daily":false,"chose_seed":false,"campfire_upgraded":5,"win_rate":0.0,"timestamp":1611565527,"path_taken":["M","?","?","$","M","R","E","R","T","?","E","M","?","M","R","BOSS","M","$","?","?","$","R","?","E","T","?","E","M","R","M","R","BOSS","M","$","M","?","?","R","M","R","T","?","M","R","M","?","R","BOSS"],"items_purchased_type":["Card","Relic","Relic","Relic","Relic","Relic"],"build_version":"2020-12-22","purchased_purges":4,"victory":false,"max_hp_per_floor":[75,75,75,75,75,75,75,75,75,75,75,75,75,75,75,75,77,77,77,77,77,77,77,77,77,77,77,77,77,77,77,77,77,60,60,60,60,60,60,60,60,60,60,60,60,60,60,60,60,60,60],"card_choices":[{"not_picked":["Chill","ReplayTheSpireMod:Fabricate Wheel"],"picked":"Bomb","floor":1},{"not_picked":["BasicCrystalCard","Hologram","Fusion"],"picked":"SKIP","floor":5},{"not_picked":["Heatsinks","ReplayTheSpireMod:Repulse","ReplaySort"],"picked":"SKIP","floor":7},{"not_picked":["ReplayTheSpireMod:Repulse","ReplayTheSpireMod:GoodbyeWorld"],"picked":"Cold Snap","floor":11},{"not_picked":["Conserve Battery","Redo"],"picked":"Auto Shields","floor":12},{"not_picked":["Fan","Auto Shields","Sweeping Beam"],"picked":"SKIP","floor":14},{"not_picked":["Coolheaded","Time Bomb","ReplaySolidLightProjector+1"],"picked":"SKIP","floor":18},{"not_picked":["ReplayGash+1","Chill","Panic Button+1"],"picked":"SKIP","floor":24},{"not_picked":["Beam Cell+1","Melter","Barrage+1"],"picked":"SKIP","floor":25},{"not_picked":["Static Discharge","Stack","Undo"],"picked":"SKIP","floor":28},{"not_picked":["Fusion","ReplayTheSpireMod:Calculation Training+1"],"picked":"BootSequence+1","floor":29},{"not_picked":["Steam+1","FTL","Compile Driver+1"],"picked":"SKIP","floor":31},{"not_picked":["Conserve Battery","FIFO Queue","Beam Cell"],"picked":"SKIP","floor":35},{"not_picked":["Darkness","Leap","Rebound"],"picked":"SKIP","floor":37},{"not_picked":["Coolheaded+1","Beam Cell+1","Go for the Eyes"],"picked":"SKIP","floor":41},{"not_picked":["White Noise","Scrape"],"picked":"ReplayRNGCard","floor":42},{"not_picked":["Sweeping Beam+1","Beam Cell","Sunder"],"picked":"SKIP","floor":45},{"not_picked":["Distribution+1","Chill","Redo+1"],"picked":"SKIP","floor":47}],"player_experience":493790,"relics_obtained":[{"floor":7,"key":"Carrot"},{"floor":9,"key":"Divine Protection"},{"floor":11,"key":"Replay:Kaleidoscope"},{"floor":13,"key":"Dream Catcher"},{"floor":25,"key":"Onion Ring"},{"floor":26,"key":"Potion Belt"},{"floor":28,"key":"BookOfRevelations"},{"floor":48,"key":"Happy Flower"}],"event_choices":[{"damage_healed":0,"gold_gain":75,"player_choice":"Gather Gold","damage_taken":11,"max_hp_gain":0,"max_hp_loss":0,"event_name":"World of Goop","floor":2,"gold_loss":0},{"damage_healed":0,"gold_gain":30,"player_choice":"Searched \u00273\u0027 times","damage_taken":0,"max_hp_gain":0,"max_hp_loss":0,"event_name":"Dead Adventurer","floor":13,"gold_loss":0},{"damage_healed":0,"gold_gain":0,"player_choice":"Read","damage_taken":0,"max_hp_gain":0,"max_hp_loss":0,"event_name":"The Library","floor":21,"gold_loss":0,"cards_obtained":["Gash"]},{"damage_healed":0,"gold_gain":99,"player_choice":"Stole From Cult","damage_taken":0,"max_hp_gain":0,"max_hp_loss":0,"event_name":"Nest","floor":27,"gold_loss":0},{"damage_healed":0,"gold_gain":0,"player_choice":"Ignored","damage_taken":0,"max_hp_gain":0,"max_hp_loss":0,"event_name":"SecretPortal","floor":38,"gold_loss":0},{"damage_healed":0,"gold_gain":0,"player_choice":"Copied","damage_taken":0,"max_hp_gain":0,"max_hp_loss":0,"event_name":"Duplicator","floor":39,"gold_loss":0,"cards_obtained":["Bomb"]},{"cards_removed":["Cold Snap"],"damage_healed":0,"gold_gain":0,"player_choice":"Removed Attack","damage_taken":0,"max_hp_gain":0,"max_hp_loss":0,"event_name":"Falling","floor":44,"gold_loss":0}],"is_beta":false,"boss_relics":[{"not_picked":["Abe\u0027s Treasure","testmod-PortableAltar"],"picked":"MagicMushroom"},{"not_picked":[]},{"not_picked":["Replay:Ancient Bell","SlaversCollar"],"picked":"testmod-CardMagician"},{"not_picked":[]}],"items_purged_floors":[17,19,34,36],"is_endless":false,"potions_floor_spawned":[5,11,13,25,28,31,35,47],"killed_by":"Replay:Hell Engine","ascension_level":11}}