{"host":"3c27c697js19kaoo","time":1611573424,"event":{"mods":["ATMod(°¢èªMod)","Aspiration","BaseMod","CapriCore","Dota2Spire","Hermit","Minty Spire (QoL Compilation)","Quick Restart","Replay The Spire","Spicy Shops","StSLib","The Alterego","The Cursed","The Marked","The Runesmith","The Servant 0.9.4","¡¾¹¦ÄÜMod¡¿»ìãçÖ®»·ÐÞ¸´²¹¶¡","¡¾ÒÅÎï¿¨ÅÆ¡¿REMEMod"],"gold_per_floor":[114,114,164,164,264,302,302,325,350,350,373,373,400,421,421,431,431],"floor_reached":16,"language":"ZHS","playtime":591,"items_purged":[],"score":100,"play_id":"ad069f9c-8c48-41c4-af34-3ef298c84ff4","local_time":"20210125191704","daily_mods":["Chimera","Colorless Cards","Lethality"],"is_ascension_mode":false,"campfire_choices":[{"data":"AT_Dispersion","floor":7,"key":"SMITH"},{"data":"TheCursedMod:CircleOfFlame","floor":10,"key":"SMITH"},{"data":"alterego_mod:Valentines","floor":12,"key":"SMITH"},{"floor":15,"key":"REST"}],"circlet_count":0,"master_deck":["Bash","Survivor+1","Zap","Eruption","Strike_R","Strike_G","Strike_B","Defend_R","Defend_G","Defend_P","AT_Dispersion+1","alterego_mod:Valentines+1","Amnesia","TheCursedMod:CursedShiv","TheCursedMod:CircleOfFlame+1","TheCursedMod:HellfireBreathing","Spreading Infection","TheCursedMod:SurpriseAttack","TheCursedMod:SpitefulPray"],"relics":["TheCursedMod:BlackMagic101","REME_ComplimentaryCards","AT_ATBox","Ring of Greed","Replay:Wax Seal","Replay:Bandana","Orichalcum","Dream Catcher"],"acts_visited":["Exordium"],"potions_floor_usage":[6,13,16,16],"damage_taken":[{"damage":6,"enemies":"Cultist","floor":1,"turns":3},{"damage":25,"enemies":"Gremlin Nob","floor":6,"turns":4},{"damage":5,"enemies":"2 Louse","floor":8,"turns":3},{"damage":1,"enemies":"Small Slimes","floor":11,"turns":3},{"damage":20,"enemies":"Exordium Thugs","floor":13,"turns":4},{"damage":21,"enemies":"Exordium Wildlife","floor":14,"turns":2},{"damage":50,"enemies":"Hexaghost","floor":16,"turns":3}],"seed_played":"7295166269203286773","potions_obtained":[{"floor":1,"key":"Elixir"},{"floor":8,"key":"Ancient Potion"},{"floor":11,"key":"SkillPotion"},{"floor":13,"key":"Dota2Spire:Clarity"}],"is_trial":false,"path_per_floor":["M","?","?","?","?","E","R","M","T","R","M","R","M","M","R","B"],"character_chosen":"THE_CURSED","items_purchased":[],"campfire_rested":1,"item_purchase_floors":[],"current_hp_per_floor":[69,69,69,62,62,44,44,53,53,53,66,66,53,32,54,4,4],"gold":431,"neow_bonus":"","is_daily":true,"chose_seed":false,"campfire_upgraded":3,"win_rate":0.0,"timestamp":1611573424,"path_taken":["M","?","?","?","?","E","R","M","T","R","M","R","M","M","R","BOSS"],"items_purchased_type":[],"build_version":"2020-12-22","purchased_purges":0,"victory":false,"max_hp_per_floor":[75,75,75,75,75,75,75,75,75,75,75,75,75,75,75,75,75],"card_choices":[{"not_picked":["AT_CelerityRune","TheCursedMod:Torture","TheCursedMod:TroublousMinions"],"picked":"SKIP","floor":1},{"not_picked":["TheCursedMod:Obscuration","TheCursedMod:Stigma"],"picked":"TheCursedMod:CursedShiv","floor":6},{"not_picked":["TheCursedMod:Stigma","TheCursedMod:CursedAmulet"],"picked":"TheCursedMod:CircleOfFlame","floor":8},{"not_picked":["ReplayTheSpireMod:Trickstab","TheCursedMod:Obscuration","TheCursedMod:Stigma"],"picked":"SKIP","floor":11},{"not_picked":["TheCursedMod:AbyssShockwave","TheCursedMod:CursedShiv"],"picked":"TheCursedMod:HellfireBreathing","floor":13},{"not_picked":["TheCursedMod:FleshFromBone","TheCursedMod:CircleOfBlood"],"picked":"TheCursedMod:SurpriseAttack","floor":14},{"not_picked":["TheCursedMod:HellfireBreathing","TheCursedMod:RavingStaff"],"picked":"TheCursedMod:SpitefulPray","floor":15}],"player_experience":217494,"relics_obtained":[{"floor":3,"key":"Ring of Greed"},{"floor":3,"key":"Replay:Wax Seal"},{"floor":3,"key":"Replay:Bandana"},{"floor":6,"key":"Orichalcum"},{"floor":9,"key":"Dream Catcher"}],"event_choices":[{"cards_removed":["Languid"],"damage_healed":0,"gold_gain":0,"player_choice":"Card Removal","damage_taken":7,"max_hp_gain":0,"max_hp_loss":0,"event_name":"Golden Wing","floor":4,"gold_loss":0},{"damage_healed":0,"gold_gain":100,"player_choice":"Pray","damage_taken":0,"max_hp_gain":0,"max_hp_loss":0,"event_name":"Golden Shrine","floor":5,"gold_loss":0}],"is_beta":false,"boss_relics":[],"items_purged_floors":[],"is_endless":false,"potions_floor_spawned":[1,8,11,13],"killed_by":"Hexaghost","ascension_level":0}}