{"host":"5raohst9sk3kvp5v","time":1611552525,"event":{"mods":["BaseMod","Colored Powertips","Highlight Path","Minty Spire (QoL Compilation)","Quick Restart","Relic Stats","StSLib"],"gold_per_floor":[116,35,35,35,46,76,90,121,172,172,182,182,182,196,196,267,267,167,9,9,9,9,9],"floor_reached":22,"language":"ENG","playtime":689,"items_purged":[],"score":427,"play_id":"0e4c7f66-9b52-4a78-aca8-ff2bdff7bc31","local_time":"20210124232845","is_ascension_mode":true,"campfire_choices":[{"data":"Barricade","floor":10.0,"key":"SMITH"},{"data":"Body Slam","floor":15.0,"key":"SMITH"}],"circlet_count":0,"master_deck":["AscendersBane","Strike_R","Strike_R","Strike_R","Strike_R","Strike_R","Defend_R","Defend_R","Defend_R","Defend_R","Bash","True Grit+1","Evolve","Body Slam+1","Body Slam+1","Clothesline","Barricade+1","Feel No Pain","Double Tap","Body Slam+1","Uppercut+1","Pommel Strike+1"],"relics":["Burning Blood","NeowsBlessing","Singing Bowl","Bag of Marbles","Vajra","Molten Egg 2","Ectoplasm"],"acts_visited":["Exordium","TheCity"],"potions_floor_usage":[16,16],"damage_taken":[{"damage":0.0,"enemies":"Cultist","floor":1.0,"turns":1.0},{"damage":0.0,"enemies":"Jaw Worm","floor":5.0,"turns":1.0},{"damage":0.0,"enemies":"3 Sentries","floor":6.0,"turns":2.0},{"damage":2.0,"enemies":"Small Slimes","floor":7.0,"turns":5.0},{"damage":36.0,"enemies":"Gremlin Nob","floor":8.0,"turns":5.0},{"damage":6.0,"enemies":"Red Slaver","floor":11.0,"turns":3.0},{"damage":4.0,"enemies":"Blue Slaver","floor":14.0,"turns":3.0},{"damage":31,"enemies":"The Guardian","floor":16,"turns":11},{"damage":38,"enemies":"2 Thieves","floor":18,"turns":5},{"damage":15,"enemies":"Shell Parasite","floor":20,"turns":5},{"damage":32,"enemies":"Snake Plant","floor":22,"turns":2}],"seed_played":"5082567770293258240","potions_obtained":[{"floor":5.0,"key":"EssenceOfSteel"},{"floor":6.0,"key":"Block Potion"},{"floor":14.0,"key":"Energy Potion"}],"is_trial":false,"path_per_floor":["M","$","?","?","M","E","M","E","T","R","M","?","T","M","R","B",null,"M","$","M","?","M"],"character_chosen":"IRONCLAD","items_purchased":["Evolve","Body Slam+1","Uppercut+1","Fire Potion"],"campfire_rested":0,"item_purchase_floors":[2,19,19,19],"current_hp_per_floor":[74,74,74,74,75,75,75,45,45,45,47,47,47,49,49,24,64,34,34,25,25,0,0],"gold":9,"neow_bonus":"THREE_ENEMY_KILL","is_daily":false,"chose_seed":false,"campfire_upgraded":2,"win_rate":0.0,"timestamp":1611552525,"path_taken":["M","?","?","?","?","E","M","E","T","R","M","?","?","M","R","BOSS","M","$","M","?","M"],"items_purchased_type":["Card","Card","Card","Potion"],"build_version":"2020-12-22","purchased_purges":0,"victory":false,"max_hp_per_floor":[75,75,75,75,75,75,75,75,75,75,77,77,77,77,77,77,77,79,79,79,79,79,79],"relic_stats":{"Singing Bowl":4,"counters":[11,43],"Ectoplasm":75,"obtain_stats":[{"NeowsBlessing":0,"Singing Bowl":6,"Vajra":9,"Molten Egg 2":13,"Ectoplasm":17,"Bag of Marbles":8,"Burning Blood":0},{"NeowsBlessing":0,"Singing Bowl":3,"Vajra":5,"Molten Egg 2":6,"Ectoplasm":8,"Bag of Marbles":5,"Burning Blood":0},{"NeowsBlessing":0,"Singing Bowl":4,"Vajra":14,"Molten Egg 2":17,"Ectoplasm":31,"Bag of Marbles":14,"Burning Blood":0}],"Burning Blood":45},"card_choices":[{"not_picked":["Flex","Cleave"],"picked":"True Grit","floor":1.0},{"not_picked":["Cleave","Rage"],"picked":"Body Slam","floor":5.0},{"not_picked":["Blood for Blood","Sword Boomerang"],"picked":"Body Slam","floor":6.0},{"not_picked":["Pummel","Seeing Red"],"picked":"Clothesline","floor":7.0},{"not_picked":["Rupture","Ghostly Armor"],"picked":"Barricade","floor":8.0},{"not_picked":["Evolve","True Grit","Clash"],"picked":"Singing Bowl","floor":11.0},{"not_picked":["Heavy Blade+1","Perfected Strike+1"],"picked":"Feel No Pain","floor":14.0},{"not_picked":["Berserk","Exhume"],"picked":"Double Tap","floor":16},{"not_picked":["Anger+1","Perfected Strike+1","Flex"],"picked":"Singing Bowl","floor":18},{"not_picked":["Sword Boomerang+1","Wild Strike+1"],"picked":"Pommel Strike+1","floor":20}],"player_experience":1710925,"relics_obtained":[{"floor":6.0,"key":"Singing Bowl"},{"floor":8.0,"key":"Bag of Marbles"},{"floor":9.0,"key":"Vajra"},{"floor":13.0,"key":"Molten Egg 2"}],"event_choices":[{"damage_healed":0.0,"max_hp_gain":0.0,"max_hp_loss":0.0,"gold_gain":0.0,"event_name":"The Cleric","player_choice":"Leave","floor":3.0,"gold_loss":0.0,"damage_taken":0.0},{"damage_healed":0.0,"max_hp_gain":0.0,"max_hp_loss":0.0,"gold_gain":0.0,"event_name":"Accursed Blacksmith","player_choice":"Forge","floor":4.0,"gold_loss":0.0,"damage_taken":0.0,"cards_upgraded":["True Grit"]},{"damage_healed":0.0,"max_hp_gain":0.0,"max_hp_loss":0.0,"gold_gain":0.0,"event_name":"Living Wall","player_choice":"Grow","floor":12.0,"gold_loss":0.0,"damage_taken":0.0,"cards_upgraded":["Body Slam"]}],"is_beta":false,"boss_relics":[{"not_picked":["Pandora\u0027s Box","Coffee Dripper"],"picked":"Ectoplasm"}],"items_purged_floors":[],"is_endless":false,"potions_floor_spawned":[5,6,14],"killed_by":"Snake Plant","ascension_level":19}}