{"host":"1tl36azeqm6yhdgj","time":1611604145,"event":{"mods":["AchievementEnabler","BaseMod","Minty Spire (QoL Compilation)","StSLib","The IronCluck","everything is the same but u backflip on backflip"],"gold_per_floor":[112,37,37,37,60,96,170,170,195,236,12,36,36,36,36,127,127,141,197,197,35,35,71,14,14,14,54,54,89,89,128,128,221,221,241,260,260,260],"floor_reached":37,"language":"ENG","playtime":866,"items_purged":[],"score":908,"play_id":"6268dbb9-9d8a-4a35-9be5-4f79034609e5","local_time":"20210125144905","is_ascension_mode":true,"campfire_choices":[{"data":"Bludgeon","floor":8.0,"key":"SMITH"},{"floor":13.0,"key":"REST"},{"floor":15.0,"key":"REST"},{"floor":28.0,"key":"REST"},{"floor":30.0,"key":"REST"},{"floor":32.0,"key":"REST"}],"circlet_count":0,"master_deck":["AscendersBane","Strike_R","Strike_R","Defend_R","Defend_R","Defend_R","Defend_R","Bash+1","Carnage+1","Thunderclap","Disarm","Bludgeon+1","Seeing Red+1","Inflame","Dropkick","Limit Break","Cleave","Warcry","Spot Weakness","Flex","Limit Break+1","True Grit+1"],"relics":["Burning Blood","NeowsBlessing","Golden Idol","Omamori","Matryoshka","Bag of Marbles","Whetstone","Red Skull","SacredBark","HandDrill","Gambling Chip","Toxic Egg 2","Paper Frog","Singing Bowl","Mercury Hourglass","Red Mask","Black Star"],"acts_visited":["Exordium","TheCity","TheBeyond"],"potions_floor_usage":[],"damage_taken":[{"damage":0.0,"enemies":"Small Slimes","floor":1.0,"turns":1.0},{"damage":0.0,"enemies":"2 Louse","floor":5.0,"turns":1.0},{"damage":0.0,"enemies":"Gremlin Nob","floor":6.0,"turns":1.0},{"damage":34.0,"enemies":"Gremlin Nob","floor":7.0,"turns":4.0},{"damage":36.0,"enemies":"Lagavulin","floor":10.0,"turns":5.0},{"damage":0.0,"enemies":"Jaw Worm","floor":12.0,"turns":2.0},{"damage":15.0,"enemies":"The Guardian","floor":16.0,"turns":4.0},{"damage":17.0,"enemies":"2 Thieves","floor":18.0,"turns":4.0},{"damage":19.0,"enemies":"3 Byrds","floor":19.0,"turns":6.0},{"damage":44.0,"enemies":"Book of Stabbing","floor":23.0,"turns":4.0},{"damage":32.0,"enemies":"Gremlin Leader","floor":27.0,"turns":3.0},{"damage":43.0,"enemies":"Slavers","floor":29.0,"turns":5.0},{"damage":23.0,"enemies":"Masked Bandits","floor":31.0,"turns":3.0},{"damage":40.0,"enemies":"Automaton","floor":33.0,"turns":6.0},{"damage":12.0,"enemies":"Orb Walker","floor":35.0,"turns":2.0},{"damage":23.0,"enemies":"3 Shapes","floor":36.0,"turns":6.0},{"damage":51,"enemies":"3 Darklings","floor":37,"turns":5}],"seed_played":"-8825263746462244312","potions_obtained":[{"floor":1.0,"key":"Dexterity Potion"},{"floor":5.0,"key":"Swift Potion"},{"floor":6.0,"key":"CultistPotion"},{"floor":7.0,"key":"SkillPotion"},{"floor":12.0,"key":"ColorlessPotion"},{"floor":18.0,"key":"ColorlessPotion"},{"floor":23.0,"key":"SneckoOil"},{"floor":31.0,"key":"AttackPotion"}],"is_trial":false,"path_per_floor":["M","?","?","?","M","E","?","R","T","E","$","M","R","$","R","B",null,"M","M","?","$","?","E","$","?","T","E","R","E","R","?","R","B",null,"M","M","M"],"character_chosen":"IRONCLAD","items_purchased":["Inflame","Dropkick","Strength Potion","HandDrill","BloodPotion"],"campfire_rested":5,"item_purchase_floors":[11,11,11,21,24],"current_hp_per_floor":[74,74,74,74,75,75,47,47,47,17,17,23,45,45,67,58,71,60,47,47,47,47,9,39,54,54,30,53,18,41,26,50,16,65,59,44,0,0],"gold":260,"neow_bonus":"THREE_ENEMY_KILL","is_daily":false,"chose_seed":false,"campfire_upgraded":1,"win_rate":0.0,"timestamp":1611604145,"path_taken":["M","?","?","?","?","E","?","R","T","E","$","M","R","$","R","BOSS","M","M","?","?","?","E","$","?","T","E","R","E","R","?","R","BOSS","M","M","M"],"items_purchased_type":["Card","Card","Potion","Relic","Potion"],"build_version":"2020-12-22","purchased_purges":0,"victory":false,"max_hp_per_floor":[75,75,75,75,75,75,75,75,75,75,75,75,75,75,75,75,75,75,75,75,75,75,75,75,75,75,77,77,79,79,81,81,81,81,81,83,83,83],"card_choices":[{"not_picked":["Sever Soul","Body Slam"],"picked":"Carnage","floor":1.0},{"not_picked":["Heavy Blade","True Grit"],"picked":"Thunderclap","floor":5.0},{"not_picked":["Flex","Reckless Charge"],"picked":"Disarm","floor":6.0},{"not_picked":["Flex","Flame Barrier"],"picked":"Bludgeon","floor":7.0},{"not_picked":["Warcry","True Grit"],"picked":"Seeing Red","floor":10.0},{"not_picked":["Perfected Strike","Clash","Sword Boomerang"],"picked":"SKIP","floor":12.0},{"not_picked":["Berserk","Juggernaut"],"picked":"Limit Break","floor":16.0},{"not_picked":["Sword Boomerang","Havoc","Wild Strike+1"],"picked":"SKIP","floor":18.0},{"not_picked":["Whirlwind","Headbutt"],"picked":"Cleave","floor":19.0},{"not_picked":["Sever Soul","Bloodletting"],"picked":"Flex","floor":23.0},{"not_picked":["Wild Strike","Bloodletting+1","Power Through+1"],"picked":"Singing Bowl","floor":27.0},{"not_picked":["Pommel Strike+1","Headbutt","Sword Boomerang"],"picked":"Singing Bowl","floor":29.0},{"not_picked":["Sever Soul","Hemokinesis","Clothesline+1"],"picked":"Singing Bowl","floor":31.0},{"not_picked":["Brutality","Corruption"],"picked":"Limit Break+1","floor":33.0},{"not_picked":["Seeing Red+1","Wild Strike"],"picked":"True Grit+1","floor":35.0},{"not_picked":["Bloodletting+1","Twin Strike","Feel No Pain"],"picked":"Singing Bowl","floor":36.0}],"player_experience":2055258,"relics_obtained":[{"floor":6.0,"key":"Omamori"},{"floor":7.0,"key":"Matryoshka"},{"floor":9.0,"key":"Bag of Marbles"},{"floor":9.0,"key":"Whetstone"},{"floor":10.0,"key":"Red Skull"},{"floor":23.0,"key":"Gambling Chip"},{"floor":26.0,"key":"Toxic Egg 2"},{"floor":26.0,"key":"Paper Frog"},{"floor":27.0,"key":"Singing Bowl"},{"floor":29.0,"key":"Mercury Hourglass"},{"floor":31.0,"key":"Red Mask"}],"event_choices":[{"cards_removed":["Strike_R"],"damage_healed":0.0,"max_hp_gain":0.0,"max_hp_loss":0.0,"gold_gain":0.0,"event_name":"The Cleric","player_choice":"Card Removal","floor":2.0,"gold_loss":75.0,"damage_taken":0.0},{"damage_healed":0.0,"max_hp_gain":0.0,"max_hp_loss":0.0,"gold_gain":0.0,"event_name":"Golden Idol","player_choice":"Take Wound","floor":3.0,"gold_loss":0.0,"damage_taken":0.0,"relics_obtained":["Golden Idol"],"cards_obtained":["Injury"]},{"cards_removed":["Injury"],"damage_healed":0.0,"max_hp_gain":0.0,"max_hp_loss":0.0,"gold_gain":0.0,"event_name":"Living Wall","player_choice":"Forget","floor":4.0,"gold_loss":0.0,"damage_taken":0.0},{"damage_healed":0.0,"max_hp_gain":0.0,"max_hp_loss":0.0,"gold_gain":0.0,"event_name":"Dead Adventurer","player_choice":"Searched \u00271\u0027 times","floor":7.0,"gold_loss":0.0,"damage_taken":0.0},{"damage_healed":0.0,"max_hp_gain":0.0,"max_hp_loss":0.0,"gold_gain":0.0,"event_name":"Upgrade Shrine","player_choice":"Upgraded","floor":20.0,"gold_loss":0.0,"damage_taken":0.0,"cards_upgraded":["Seeing Red"]},{"damage_healed":0.0,"max_hp_gain":0.0,"max_hp_loss":0.0,"gold_gain":0.0,"cards_transformed":["Strike_R","Strike_R"],"event_name":"Drug Dealer","player_choice":"Became Test Subject","floor":22.0,"gold_loss":0.0,"damage_taken":0.0,"cards_obtained":["Warcry","Spot Weakness"]},{"damage_healed":15.0,"max_hp_gain":0.0,"max_hp_loss":0.0,"gold_gain":0.0,"event_name":"The Library","player_choice":"Heal","floor":25.0,"gold_loss":0.0,"damage_taken":0.0},{"damage_healed":0.0,"max_hp_gain":0.0,"max_hp_loss":0.0,"gold_gain":0.0,"event_name":"Masked Bandits","player_choice":"Fought Bandits","floor":31.0,"gold_loss":0.0,"damage_taken":0.0}],"is_beta":false,"boss_relics":[{"not_picked":["Busted Crown","Sozu"],"picked":"SacredBark"},{"not_picked":["Velvet Choker","SlaversCollar"],"picked":"Black Star"}],"items_purged_floors":[],"is_endless":false,"potions_floor_spawned":[1,5,6,7,12,18,23,31],"killed_by":"3 Darklings","ascension_level":20}}