{"host":"wn5psrz55l2vtftw","time":1611597798,"event":{"mods":["BaseMod","Colored Powertips","Good Game Mod","Minty Spire (QoL Compilation)","Relic Filter Mod","Spicy Shops","StSLib","UnlockEverythingMod"],"gold_per_floor":[117,117,130,130,145,145,173,191,191,141,141,174,174,124,124,220,220,235,249,249,174,174,174,74,74,100,110,60,60,70,84,84,184,184,204,204,218,218,218,229,254,254,279,293,293,312,332,358,358,358,358],"floor_reached":50,"language":"ZHS","playtime":3915,"items_purged":["MentalFortress","Crescendo","Nirvana","Wallop"],"score":636,"play_id":"7ab726d4-08ac-4030-832a-095b9eaa479c","local_time":"20210126020318","daily_mods":["Draft"],"is_ascension_mode":true,"campfire_choices":[{"data":"PathToVictory","floor":6.0,"key":"SMITH"},{"floor":13.0,"key":"REST"},{"data":"Wallop","floor":15.0,"key":"SMITH"},{"data":"Study","floor":23.0,"key":"SMITH"},{"data":"EmptyBody","floor":25.0,"key":"SMITH"},{"floor":32.0,"key":"REST"},{"floor":42.0,"key":"REST"},{"floor":45.0,"key":"REST"},{"floor":49.0,"key":"REST"}],"circlet_count":0,"master_deck":["ThirdEye","FlurryOfBlows","EmptyBody+1","Study+1","Wallop+1","EmptyBody","SashWhip","PathToVictory+1","FollowUp","PathToVictory","CutThroughFate+1","Vengeance","Collect","Perseverance","DeusExMachina","ThirdEye+1","Pain","SignatureMove+1","SignatureMove+1","Prostrate+1","DeceiveReality+1"],"relics":["PureWater","REME:ComplimentaryCards","Vajra","Mummified Hand","StrikeDummy","Smiling Mask","Philosopher\u0027s Stone","Nilry\u0027s Codex","Orichalcum","Sozu","WarpedTongs","Prayer Wheel","Bag of Preparation","Blood Vial"],"acts_visited":["Exordium","TheCity","TheBeyond"],"potions_floor_usage":[],"damage_taken":[{"damage":0.0,"enemies":"2 Louse","floor":1.0,"turns":2.0},{"damage":3.0,"enemies":"Small Slimes","floor":3.0,"turns":3.0},{"damage":0.0,"enemies":"Cultist","floor":5.0,"turns":2.0},{"damage":13.0,"enemies":"Lagavulin","floor":7.0,"turns":5.0},{"damage":11.0,"enemies":"Large Slime","floor":8.0,"turns":4.0},{"damage":12.0,"enemies":"3 Sentries","floor":12.0,"turns":6.0},{"damage":0.0,"enemies":"Slime Boss","floor":16.0,"turns":6.0},{"damage":3.0,"enemies":"Chosen","floor":18.0,"turns":2.0},{"damage":11.0,"enemies":"3 Byrds","floor":19.0,"turns":4.0},{"damage":13.0,"enemies":"Centurion and Healer","floor":27.0,"turns":5.0},{"damage":7.0,"enemies":"Snake Plant","floor":30.0,"turns":2.0},{"damage":5.0,"enemies":"Snecko","floor":31.0,"turns":6.0},{"damage":21.0,"enemies":"Collector","floor":33.0,"turns":7.0},{"damage":10.0,"enemies":"Orb Walker","floor":35.0,"turns":3.0},{"damage":5.0,"enemies":"3 Shapes","floor":37.0,"turns":3.0},{"damage":23.0,"enemies":"Sphere and 2 Shapes","floor":40.0,"turns":4.0},{"damage":13.0,"enemies":"Giant Head","floor":41.0,"turns":6.0},{"damage":14.0,"enemies":"3 Darklings","floor":44.0,"turns":4.0},{"damage":23.0,"enemies":"Jaw Worm Horde","floor":46.0,"turns":2.0},{"damage":22.0,"enemies":"4 Shapes","floor":47.0,"turns":5.0},{"damage":30,"enemies":"Awakened One","floor":50,"turns":2}],"seed_played":"-2869869544985531197","potions_obtained":[{"floor":4.0,"key":"Block Potion"},{"floor":4.0,"key":"Strength Potion"},{"floor":4.0,"key":"CultistPotion"},{"floor":8.0,"key":"ColorlessPotion"},{"floor":12.0,"key":"StancePotion"}],"is_trial":true,"path_per_floor":["M","?","M","?","M","R","E","M","T","?","?","E","R","$","R","B",null,"M","M","?","?","?","R","$","R","T","M","$","?","M","M","R","B",null,"M","?","M","?","?","M","E","R","T","M","R","M","M","T","R","B"],"character_chosen":"WATCHER","items_purchased":[],"campfire_rested":5,"item_purchase_floors":[],"current_hp_per_floor":[72,65,62,62,62,62,49,38,38,38,20,8,29,29,29,29,72,69,58,58,58,42,42,42,42,42,29,29,29,22,17,38,17,72,62,62,57,57,57,34,21,42,42,28,49,26,4,4,25,0,0],"gold":358,"neow_bonus":"","is_daily":false,"chose_seed":false,"campfire_upgraded":4,"win_rate":0.0,"timestamp":1611597798,"path_taken":["M","?","M","?","?","R","E","M","T","?","?","E","R","?","R","BOSS","M","?","?","?","?","R","$","R","T","M","$","?","M","?","R","BOSS","M","?","M","?","?","M","E","R","T","M","R","?","M","?","R","BOSS"],"items_purchased_type":[],"build_version":"2020-12-22","purchased_purges":4,"victory":false,"max_hp_per_floor":[72,72,72,72,72,72,72,72,72,72,72,72,72,72,72,72,72,72,72,72,72,72,72,72,72,72,72,72,72,72,72,72,72,72,72,72,72,72,72,72,72,72,72,72,72,72,72,72,72,72,72],"card_choices":[{"not_picked":["Consecrate","ThirdEye"],"picked":"BattleHymn","floor":0.0},{"not_picked":["SandsOfTime","Halt"],"picked":"MentalFortress","floor":0.0},{"not_picked":["Protect","ClearTheMind"],"picked":"Crescendo","floor":0.0},{"not_picked":["Crescendo","WindmillStrike"],"picked":"Wallop","floor":0.0},{"not_picked":["CutThroughFate","SignatureMove"],"picked":"Prostrate","floor":0.0},{"not_picked":["Indignation","WheelKick"],"picked":"ThirdEye","floor":0.0},{"not_picked":["Wireheading","Evaluate"],"picked":"FlurryOfBlows","floor":0.0},{"not_picked":["CutThroughFate","ThirdEye"],"picked":"EmptyBody","floor":0.0},{"not_picked":["WreathOfFlame","Indignation"],"picked":"Study","floor":0.0},{"not_picked":["BowlingBash","EmptyFist"],"picked":"Wallop","floor":0.0},{"not_picked":["EmptyFist","BattleHymn"],"picked":"EmptyBody","floor":0.0},{"not_picked":["ThirdEye","Sanctity"],"picked":"SashWhip","floor":0.0},{"not_picked":["Sanctity","ClearTheMind"],"picked":"PathToVictory","floor":0.0},{"not_picked":["Crescendo","ReachHeaven"],"picked":"CarveReality","floor":0.0},{"not_picked":["Consecrate","WaveOfTheHand"],"picked":"FollowUp","floor":0.0},{"not_picked":["SignatureMove","FlyingSleeves"],"picked":"PathToVictory","floor":1.0},{"not_picked":["WheelKick","WreathOfFlame"],"picked":"PathToVictory","floor":3.0},{"not_picked":["JustLucky","ThirdEye","CrushJoints"],"picked":"SKIP","floor":5.0},{"not_picked":["WaveOfTheHand","BowlingBash","Protect"],"picked":"SKIP","floor":7.0},{"not_picked":["EmptyBody","PathToVictory","Adaptation"],"picked":"SKIP","floor":8.0},{"not_picked":["SignatureMove","BowlingBash"],"picked":"Nirvana","floor":12.0},{"not_picked":["SpiritShield","DeusExMachina"],"picked":"Judgement","floor":16.0},{"not_picked":["JustLucky","Protect"],"picked":"CutThroughFate+1","floor":18.0},{"not_picked":["ReachHeaven","Collect","JustLucky"],"picked":"SKIP","floor":19.0},{"not_picked":["SashWhip","WaveOfTheHand+1","CutThroughFate"],"picked":"SKIP","floor":27.0},{"not_picked":["Study","WaveOfTheHand"],"picked":"Perseverance","floor":30.0},{"not_picked":["Consecrate","CutThroughFate","Vengeance"],"picked":"SKIP","floor":31.0},{"not_picked":["Devotion","Establishment"],"picked":"DeusExMachina","floor":33.0},{"not_picked":["BattleHymn+1","FlyingSleeves"],"picked":"ThirdEye+1","floor":35.0},{"not_picked":["Conclude","EmptyMind+1","Vengeance+1"],"picked":"SKIP","floor":37.0},{"not_picked":["Pray","Fasting2+1"],"picked":"SignatureMove+1","floor":40.0},{"not_picked":["Crescendo","Evaluate"],"picked":"SignatureMove+1","floor":41.0},{"not_picked":["Protect","EmptyFist"],"picked":"Prostrate+1","floor":44.0},{"not_picked":["SignatureMove+1","EmptyBody","WaveOfTheHand+1"],"picked":"SKIP","floor":44.0},{"not_picked":["MasterReality","EmptyBody","SashWhip+1"],"picked":"SKIP","floor":46.0},{"not_picked":["ForeignInfluence","SignatureMove","FollowUp+1"],"picked":"SKIP","floor":46.0},{"not_picked":["LikeWater+1","Consecrate"],"picked":"DeceiveReality+1","floor":47.0},{"not_picked":["CutThroughFate","Nirvana+1","LikeWater"],"picked":"SKIP","floor":47.0}],"player_experience":64734,"relics_obtained":[{"floor":7.0,"key":"Vajra"},{"floor":9.0,"key":"Mummified Hand"},{"floor":12.0,"key":"Smiling Mask"},{"floor":22.0,"key":"Nilry\u0027s Codex"},{"floor":26.0,"key":"Orichalcum"},{"floor":41.0,"key":"Prayer Wheel"},{"floor":43.0,"key":"Bag of Preparation"},{"floor":48.0,"key":"Blood Vial"}],"event_choices":[{"cards_removed":["Prostrate"],"damage_healed":0.0,"max_hp_gain":0.0,"max_hp_loss":0.0,"gold_gain":0.0,"event_name":"Golden Wing","player_choice":"Card Removal","floor":2.0,"gold_loss":0.0,"damage_taken":7.0},{"damage_healed":0.0,"max_hp_gain":0.0,"max_hp_loss":0.0,"gold_gain":0.0,"event_name":"Lab","player_choice":"Got Potions","floor":4.0,"gold_loss":0.0,"damage_taken":0.0},{"cards_removed":["BattleHymn"],"damage_healed":0.0,"max_hp_gain":0.0,"max_hp_loss":0.0,"gold_gain":0.0,"event_name":"The Cleric","player_choice":"Card Removal","floor":10.0,"gold_loss":50.0,"damage_taken":0.0},{"damage_healed":0.0,"max_hp_gain":0.0,"max_hp_loss":0.0,"gold_gain":0.0,"event_name":"Scrap Ooze","player_choice":"Success","floor":11.0,"gold_loss":0.0,"damage_taken":18.0,"relics_obtained":["StrikeDummy"]},{"damage_healed":0.0,"max_hp_gain":0.0,"max_hp_loss":0.0,"gold_gain":0.0,"event_name":"The Library","player_choice":"Read","floor":20.0,"gold_loss":0.0,"damage_taken":0.0,"cards_obtained":["Vengeance"]},{"cards_removed":["CarveReality"],"damage_healed":0.0,"max_hp_gain":0.0,"max_hp_loss":0.0,"gold_gain":0.0,"event_name":"Beggar","player_choice":"Gave Gold","floor":21.0,"gold_loss":75.0,"damage_taken":0.0},{"damage_healed":0.0,"max_hp_gain":0.0,"max_hp_loss":0.0,"gold_gain":0.0,"event_name":"Cursed Tome","player_choice":"Obtained Book","floor":22.0,"gold_loss":0.0,"damage_taken":16.0},{"damage_healed":0.0,"max_hp_gain":0.0,"max_hp_loss":0.0,"gold_gain":0.0,"cards_transformed":["PathToVictory"],"event_name":"Transmorgrifier","player_choice":"Transformed","floor":29.0,"gold_loss":0.0,"damage_taken":0.0,"cards_obtained":["Collect"]},{"cards_removed":["Judgement"],"damage_healed":0.0,"max_hp_gain":0.0,"max_hp_loss":0.0,"gold_gain":0.0,"event_name":"Falling","player_choice":"Removed Skill","floor":36.0,"gold_loss":0.0,"damage_taken":0.0},{"damage_healed":0.0,"max_hp_gain":0.0,"max_hp_loss":0.0,"gold_gain":0.0,"event_name":"Tomb of Lord Red Mask","player_choice":"Ignored","floor":38.0,"gold_loss":0.0,"damage_taken":0.0},{"damage_healed":0.0,"max_hp_gain":0.0,"max_hp_loss":0.0,"gold_gain":0.0,"event_name":"Accursed Blacksmith","player_choice":"Rummage","floor":39.0,"gold_loss":0.0,"damage_taken":0.0,"relics_obtained":["WarpedTongs"],"cards_obtained":["Pain"]}],"is_beta":false,"boss_relics":[{"not_picked":["Snecko Eye","SlaversCollar"],"picked":"Philosopher\u0027s Stone"},{"not_picked":["Fusion Hammer","Astrolabe"],"picked":"Sozu"}],"items_purged_floors":[14,24,24,28],"is_endless":false,"potions_floor_spawned":[5,8,12,19,27,30,37,41],"killed_by":"Awakened One","ascension_level":2}}