{"host":"snn1c4qsf0fj7fzf","time":1611592256,"event":{"mods":["AchievementEnabler","Aspiration","Astrologer","BaseMod","Colored Powertips","Downfall","Hermit","Infinite Spire","Lobotomy","Marisa????????","Minty Spire (QoL Compilation)","Random Character Button","Rare Cards Sparkle","Reimu??????","Reliquary","Replay The Spire","Shop Mod","Spire Arcade","StSLib","The Administrix","The Cursed","The Gatherer","The Hierophant","The Poker Player","The Runesmith","Wandering Minibosses"],"gold_per_floor":[119,135,148,164,184,212,212,244,244,244,419,12,31,31,31,31,31],"floor_reached":16,"language":"ENG","playtime":743,"items_purged":["Doubt"],"score":123,"play_id":"c0dd60dc-74d7-4ce1-9982-867eb375de3e","local_time":"20210126003056","is_ascension_mode":true,"campfire_choices":[{"floor":7,"key":"REST"},{"floor":10,"key":"REST"},{"data":"Crystallizer","floor":15,"key":"SMITH"}],"circlet_count":0,"master_deck":["Strike_B","Strike_B","Strike_B","Strike_B","Defend_B","Defend_B","Defend_B","Defend_B","Zap","Dualcast","ReplayTheSpireMod:Reroute Power","Heatsinks","Double Energy","Conserve Battery","Multi-Cast","Crystallizer+1","Consume","Hello World","Pain"],"relics":["Cracked Core","aspiration:Nostalgia","PureWater","HornCleat","PreservedInsect","ReplayTheSpireMod:Shallot","Raider\u0027s Mask","reliquary:TuningFork","WarpedTongs"],"acts_visited":["Exordium"],"potions_floor_usage":[8],"damage_taken":[{"damage":1,"enemies":"Cultist","floor":1,"turns":3},{"damage":0,"enemies":"Small Slimes","floor":2,"turns":2},{"damage":2,"enemies":"Jaw Worm","floor":3,"turns":4},{"damage":6,"enemies":"3 Louse","floor":4,"turns":3},{"damage":6,"enemies":"Blue Slaver","floor":5,"turns":3},{"damage":58,"enemies":"Gremlin Nob","floor":6,"turns":5},{"damage":9,"enemies":"Lagavulin","floor":8,"turns":7},{"damage":11,"enemies":"Red Slaver","floor":13,"turns":3},{"damage":39,"enemies":"Fading Forest","floor":16,"turns":7}],"seed_played":"-7533855385702296186","potions_obtained":[{"floor":2,"key":"champ:CounterPotion"},{"floor":8,"key":"SteroidPotion"}],"is_trial":false,"path_per_floor":["M","M","M","M","M","E","R","E","T","R","?","$","M","?","R","B"],"character_chosen":"DEFECT","items_purchased":["Raider\u0027s Mask","reliquary:TuningFork","Consume"],"campfire_rested":2,"item_purchase_floors":[12,12,12],"current_hp_per_floor":[74,74,72,66,60,2,24,15,15,37,37,37,26,26,26,0,0],"gold":31,"neow_bonus":"NOSTALGIA","is_daily":false,"chose_seed":false,"campfire_upgraded":1,"win_rate":0.0,"timestamp":1611592256,"path_taken":["M","M","M","M","?","E","R","E","T","R","?","$","M","?","R","BOSS"],"items_purchased_type":["Relic","Relic","Card"],"build_version":"2020-12-22","purchased_purges":1,"victory":false,"max_hp_per_floor":[75,75,75,75,75,75,75,75,75,75,75,75,75,75,75,75,75],"card_choices":[{"not_picked":["Barrage","Panic Button"],"picked":"ReplayTheSpireMod:Reroute Power","floor":1},{"not_picked":["ReplayTheSpireMod:GoodbyeWorld","Turbo"],"picked":"Heatsinks","floor":2},{"not_picked":["BasicCrystalCard","Turbo","Redo"],"picked":"SKIP","floor":3},{"not_picked":["Coolheaded","Reprogram"],"picked":"Double Energy","floor":4},{"not_picked":["Compile Driver","Sweeping Beam"],"picked":"Conserve Battery","floor":5},{"not_picked":["Steam Power","Stack"],"picked":"Multi-Cast","floor":6},{"not_picked":["Scrape","Hologram"],"picked":"Crystallizer","floor":8},{"not_picked":["Fusion","Panic Button"],"picked":"Hello World","floor":13}],"player_experience":320570,"relics_obtained":[{"floor":6,"key":"HornCleat"},{"floor":8,"key":"PreservedInsect"},{"floor":9,"key":"ReplayTheSpireMod:Shallot"}],"event_choices":[{"damage_healed":0,"gold_gain":175,"player_choice":"AGREE","damage_taken":0,"max_hp_gain":0,"max_hp_loss":0,"event_name":"Liars Game","floor":11,"gold_loss":0,"cards_obtained":["Doubt"]},{"damage_healed":0,"gold_gain":0,"player_choice":"Rummage","damage_taken":0,"relics_obtained":["WarpedTongs"],"max_hp_gain":0,"max_hp_loss":0,"event_name":"Accursed Blacksmith","floor":14,"gold_loss":0,"cards_obtained":["Pain"]}],"is_beta":false,"boss_relics":[],"items_purged_floors":[12],"is_endless":false,"potions_floor_spawned":[2,8,13],"killed_by":"Fading Forest","ascension_level":2}}