{"host":"bpkhhmvsfrvlto2l","time":1611597335,"event":{"mods":["2.2 Compatiblity","AchievementEnabler","Act Like it!","AlwaysNeverKeys","Aspiration","BaseMod","Better Silent Start","Challenge The Spire","Colored Map","Colored Powertips","Custom Start","Energized Spire","Friendly Minions","GifTheSpireLib","Halation","Hubris","Infinite Spire","Ironclad Rager","Mimic Mod","Minty Spire (QoL Compilation)","Permanent Neow","Quick Restart","Random Character Button","Relic Sorter","Replay The Spire","Spikes Relics","StSLib","Stuff the Spire","Swap Starting Deck Mod","Trackpad"],"gold_per_floor":[113,113,133,56,56,56,70,70,70,82,82,82,116,140,140,261,261,246,345,345,358,358,392,410,426,426,426,459,459,480,480,480,649,649,709,709,709,709,781,986,986,1108,1108,1225,1225,1335,0,17,17,31,31],"floor_reached":50,"language":"ENG","playtime":1565,"items_purged":[],"score":908,"play_id":"5ec3f21b-69df-4fd1-8bfe-988be22d18be","local_time":"20210125125535","is_ascension_mode":true,"campfire_choices":[{"data":"Fire Breathing","floor":6.0,"key":"SMITH"},{"data":"Power Through","floor":8.0,"key":"SMITH"},{"data":"Power Through","floor":15.0,"key":"SMITH"},{"data":"Fire Breathing","floor":27.0,"key":"SMITH"},{"data":"Battle Trance","floor":29.0,"key":"SMITH"},{"data":"Power Through","floor":32.0,"key":"SMITH"},{"data":"Power Through","floor":41.0,"key":"SMITH"},{"data":"Wild Strike","floor":45,"key":"SMITH"},{"data":"Reckless Charge","floor":49,"key":"SMITH"}],"circlet_count":0,"master_deck":["Reckless Charge","Reckless Charge","Reckless Charge","Reckless Charge+1","Wild Strike+1","Power Through+1","Power Through+1","Power Through+1","Power Through+1","Fire Breathing+1","Fire Breathing+1","Battle Trance+1","Intimidate"],"relics":["Burning Blood","hubris:Icosahedron","Ring of Peace","aspiration:ChemicalBlood","Replay:Ringing Soul","Golden Idol","CeramicFish","halation:ForbiddenBikini","Orrery","Empty Cage","halation:IllGainedPizza","infinitespire:EvilPickle","Philosopher\u0027s Stone","Gremlin Food","Peace Pipe","StuffTheSpire:EmeraldSignet","PreservedInsect","Red Mask"],"acts_visited":["Exordium","TheCity","TheBeyond"],"potions_floor_usage":[44,44,50,50,50,50],"damage_taken":[{"damage":0.0,"enemies":"2 Louse","floor":1.0,"turns":2.0},{"damage":0.0,"enemies":"Cultist","floor":3.0,"turns":3.0},{"damage":0.0,"enemies":"Small Slimes","floor":7.0,"turns":3.0},{"damage":0.0,"enemies":"Exordium Thugs","floor":10.0,"turns":3.0},{"damage":0.0,"enemies":"Gremlin Nob","floor":13.0,"turns":5.0},{"damage":0.0,"enemies":"Looter","floor":14.0,"turns":3.0},{"damage":3.0,"enemies":"Slime Boss","floor":16.0,"turns":7.0},{"damage":8.0,"enemies":"2 Thieves","floor":18.0,"turns":4.0},{"damage":4.0,"enemies":"Chosen","floor":21.0,"turns":4.0},{"damage":2.0,"enemies":"Slavers","floor":23.0,"turns":4.0},{"damage":0.0,"enemies":"3 Cultists","floor":25.0,"turns":4.0},{"damage":7.0,"enemies":"Book of Stabbing","floor":28.0,"turns":5.0},{"damage":0.0,"enemies":"Centurion and Healer","floor":30.0,"turns":3.0},{"damage":9.0,"enemies":"Pondfish","floor":33.0,"turns":7.0},{"damage":0.0,"enemies":"3 Shapes","floor":35.0,"turns":2.0},{"damage":0.0,"enemies":"Orb Walker","floor":39.0,"turns":3.0},{"damage":0.0,"enemies":"Nemesis","floor":40.0,"turns":7.0},{"damage":12,"enemies":"Reptomancer","floor":42,"turns":5},{"damage":12,"enemies":"R_Hoarder","floor":44,"turns":7},{"damage":30,"enemies":"Writhing Mass","floor":46,"turns":4},{"damage":0,"enemies":"4 Shapes","floor":48,"turns":2},{"damage":57,"enemies":"Replay:Hell Engine","floor":50,"turns":6}],"seed_played":"-7043671608148661366","potions_obtained":[{"floor":3.0,"key":"LifebloodPotion"},{"floor":7.0,"key":"Dexterity Potion"},{"floor":16.0,"key":"DistilledChaos"},{"floor":23.0,"key":"Block Potion"},{"floor":25.0,"key":"Flashbang"},{"floor":33.0,"key":"DistilledChaos"},{"floor":42,"key":"LiquidMemories"}],"is_trial":false,"path_per_floor":["M","?","M","?","$","R","M","R","T","M","?","?","E","M","R","B",null,"M","?","$","M","?","E","AVR","M","T","R","E","R","M","$","R","B",null,"M","$","?","?","M","E","R","E","T","E","R","M","?","M","R","B"],"character_chosen":"IRONCLAD","items_purchased":[],"campfire_rested":0,"item_purchase_floors":[],"current_hp_per_floor":[60,60,60,60,60,60,60,60,60,60,63,63,63,63,63,63,63,61,61,61,63,63,63,66,66,66,66,65,65,66,66,66,63,65,66,66,66,66,66,66,66,63,63,59,59,39,39,47,47,0,0],"gold":31,"neow_bonus":"","is_daily":false,"chose_seed":false,"campfire_upgraded":9,"win_rate":0.0,"timestamp":1611597335,"path_taken":["M","?","M","?","$","R","?","R","T","M","?","?","E","M","R","BOSS","M","?","$","M","?","E","AVR","M","T","R","E","R","M","$","R","BOSS","M","$","?","?","?","E","R","E","T","E","R","M","?","M","R","BOSS"],"items_purchased_type":[],"build_version":"2020-12-22","purchased_purges":0,"victory":false,"max_hp_per_floor":[60,60,60,60,60,60,60,60,60,60,63,63,63,63,63,63,63,63,63,63,63,63,63,66,66,66,66,66,66,66,66,66,66,66,66,66,66,66,66,66,66,69,69,69,69,69,69,69,69,69,69],"card_choices":[{"not_picked":["ReplayReversal","Defy Death","Warcry+1"],"picked":"SKIP","floor":18.0},{"not_picked":["StuffTheSpire:Slingshot","Havoc+1"],"picked":"Fire Breathing","floor":24.0},{"not_picked":["Clothesline","Eclipse"],"picked":"Battle Trance","floor":24.0},{"not_picked":["Whirlwind+1","Clash","Metallicize"],"picked":"SKIP","floor":35.0},{"not_picked":["True Grit+1","Pommel Strike","Heavy Blade+1"],"picked":"SKIP","floor":39.0},{"not_picked":["Barricade","Whirlwind"],"picked":"Intimidate","floor":42}],"player_experience":112136,"relics_obtained":[{"floor":2.0,"key":"Ring of Peace"},{"floor":9.0,"key":"Replay:Ringing Soul"},{"floor":13.0,"key":"CeramicFish"},{"floor":28.0,"key":"halation:IllGainedPizza"},{"floor":40.0,"key":"Gremlin Food"},{"floor":42,"key":"Peace Pipe"},{"floor":43,"key":"StuffTheSpire:EmeraldSignet"},{"floor":44,"key":"PreservedInsect"}],"event_choices":[{"damage_healed":0.0,"max_hp_gain":0.0,"max_hp_loss":0.0,"gold_gain":0.0,"event_name":"WeMeetAgain","player_choice":"Paid Gold","floor":4.0,"gold_loss":77.0,"damage_taken":0.0,"relics_obtained":["aspiration:ChemicalBlood"]},{"damage_healed":0.0,"max_hp_gain":0.0,"max_hp_loss":0.0,"gold_gain":0.0,"event_name":"Golden Idol","player_choice":"Take Wound","floor":11.0,"gold_loss":0.0,"damage_taken":0.0,"relics_obtained":["Golden Idol"],"cards_obtained":["Injury"]},{"damage_healed":0.0,"max_hp_gain":0.0,"max_hp_loss":0.0,"gold_gain":99.0,"event_name":"Nest","player_choice":"Stole From Cult","floor":19.0,"gold_loss":0.0,"damage_taken":0.0},{"damage_healed":0.0,"max_hp_gain":0.0,"max_hp_loss":0.0,"gold_gain":0.0,"event_name":"Wheel of Change","player_choice":"Full Heal","floor":38.0,"gold_loss":0.0,"damage_taken":0.0},{"damage_healed":0,"gold_gain":0,"player_choice":"Paid","damage_taken":0,"relics_obtained":["Red Mask"],"max_hp_gain":0,"max_hp_loss":0,"event_name":"Tomb of Lord Red Mask","floor":47,"gold_loss":1335}],"is_beta":false,"boss_relics":[{"not_picked":["StuffTheSpire:RunicConfusion","hubris:BlackHole"],"picked":"halation:ForbiddenBikini"},{"not_picked":["energizedSpire:DeadBattery","Runic Pyramid"],"picked":"Philosopher\u0027s Stone"}],"items_purged_floors":[],"is_endless":false,"potions_floor_spawned":[3,7,16,23,25,33,39,42,46],"killed_by":"Replay:Hell Engine","ascension_level":5}}