{"host":"s8ccp9jw4vzp58l1","time":1611537348,"event":{"mods":["BaseMod","Colored Map","Colored Powertips","Minty Spire (QoL Compilation)","Relic Stats"],"gold_per_floor":[114,133,133,152,168,168,198,198,221,240,274,274,274,314,314,440,440,453,453,476,81,100,100,118,118,118,143,156,156,181,206,206,330,330,349,682,732,751,34,59,76,76,154,189,206,166,180,199,199,199,199,199,2,31,31,31],"floor_reached":55,"language":"ENG","playtime":10922,"items_purged":["Defend_G"],"score":778,"play_id":"d68eb2b8-d6f2-41ad-b9c6-623f4e457d8b","local_time":"20210124191548","is_ascension_mode":false,"campfire_choices":[{"data":"Neutralize","floor":6,"key":"SMITH"},{"floor":8,"key":"REST"},{"floor":15,"key":"REST"},{"data":"Deadly Poison","floor":23,"key":"SMITH"},{"data":"Catalyst","floor":25,"key":"SMITH"},{"data":"Flying Knee","floor":29,"key":"SMITH"},{"floor":32,"key":"RECALL"},{"data":"Sucker Punch","floor":42,"key":"SMITH"},{"data":"Adrenaline","floor":49,"key":"SMITH"},{"data":"Terror","floor":52,"key":"SMITH"}],"circlet_count":0,"master_deck":["Strike_G","Strike_G","Strike_G","Strike_G","Defend_G","Defend_G","Defend_G","Defend_G","Survivor","Neutralize+1","Deflect","Heel Hook","Escape Plan","Acrobatics","Backflip+1","Blur","Deadly Poison+1","Footwork+1","Injury","Prepared+1","Envenom+1","Dodge and Roll+1","Catalyst+1","Bouncing Flask+1","Burst+1","Flying Knee+1","Sucker Punch+1","Catalyst+1","Envenom+1","Backstab+1","Backstab","Terror+1","Noxious Fumes+1","Slice","Underhanded Strike+1","Acrobatics+1","Adrenaline+1","Infinite Blades+1","Flying Knee+1","Blur+1","Noxious Fumes+1","Slice+1"],"relics":["Ring of the Snake","Eternal Feather","Pen Nib","Frozen Egg 2","Regal Pillow","Runic Pyramid","TwistedFunnel","Bottled Tornado","FossilizedHelix","HoveringKite","Mango","Ice Cream","Matryoshka","Bag of Preparation","Smiling Mask","Kunai","Letter Opener","War Paint"],"acts_visited":["Exordium","TheCity","TheBeyond","TheEnding"],"potions_floor_usage":[7,11,14,20,22,24,27,31,33,38,40,47,50,54,55],"damage_taken":[{"damage":0,"enemies":"Cultist","floor":1,"turns":5},{"damage":2,"enemies":"Jaw Worm","floor":2,"turns":7},{"damage":0,"enemies":"Small Slimes","floor":4,"turns":3},{"damage":4,"enemies":"3 Louse","floor":5,"turns":4},{"damage":60,"enemies":"Gremlin Nob","floor":7,"turns":7},{"damage":4,"enemies":"Exordium Thugs","floor":10,"turns":8},{"damage":13,"enemies":"Lagavulin","floor":11,"turns":7},{"damage":24,"enemies":"3 Sentries","floor":14,"turns":20},{"damage":15,"enemies":"The Guardian","floor":16,"turns":15},{"damage":1,"enemies":"Chosen","floor":18,"turns":7},{"damage":14,"enemies":"3 Byrds","floor":20,"turns":9},{"damage":0,"enemies":"3 Cultists","floor":22,"turns":8},{"damage":4,"enemies":"Snake Plant","floor":24,"turns":5},{"damage":0,"enemies":"Chosen and Byrds","floor":27,"turns":5},{"damage":0,"enemies":"Shelled Parasite and Fungi","floor":28,"turns":6},{"damage":5,"enemies":"Snake Plant","floor":30,"turns":3},{"damage":0,"enemies":"Centurion and Healer","floor":31,"turns":6},{"damage":82,"enemies":"Collector","floor":33,"turns":9},{"damage":28,"enemies":"3 Darklings","floor":35,"turns":17},{"damage":0,"enemies":"Mind Bloom Boss Battle","floor":37,"turns":4},{"damage":0,"enemies":"Orb Walker","floor":38,"turns":3},{"damage":6,"enemies":"Giant Head","floor":40,"turns":6},{"damage":0,"enemies":"3 Darklings","floor":41,"turns":6},{"damage":18,"enemies":"Reptomancer","floor":44,"turns":5},{"damage":0,"enemies":"Maw","floor":45,"turns":5},{"damage":0,"enemies":"Spire Growth","floor":47,"turns":4},{"damage":0,"enemies":"4 Shapes","floor":48,"turns":2},{"damage":26,"enemies":"Awakened One","floor":50,"turns":11},{"damage":57,"enemies":"Shield and Spear","floor":54,"turns":7},{"damage":42,"enemies":"The Heart","floor":55,"turns":3}],"seed_played":"-590181949954216821","potions_obtained":[{"floor":4,"key":"Explosive Potion"},{"floor":7,"key":"FearPotion"},{"floor":11,"key":"ColorlessPotion"},{"floor":20,"key":"EntropicBrew"},{"floor":24,"key":"Energy Potion"},{"floor":28,"key":"FairyPotion"},{"floor":30,"key":"Explosive Potion"},{"floor":37,"key":"PowerPotion"},{"floor":38,"key":"CunningPotion"},{"floor":41,"key":"SteroidPotion"},{"floor":44,"key":"Dexterity Potion"},{"floor":45,"key":"SmokeBomb"}],"is_trial":false,"path_per_floor":["M","M","T","M","M","R","E","R","T","M","E","?","?","E","R","B",null,"M","?","M","$","M","R","M","R","T","M","M","R","M","M","R","B",null,"M","?","?","M","$","E","M","R","T","E","M","?","M","M","R","B",null,"R","$","E","B"],"character_chosen":"THE_SILENT","items_purchased":["TwistedFunnel","Bottled Tornado","Ice Cream","Noxious Fumes+1","Matryoshka","Slice","Noxious Fumes+1","Regen Potion","BlessingOfTheForge"],"campfire_rested":2,"item_purchase_floors":[21,21,39,39,39,39,53,53,53],"current_hp_per_floor":[70,68,68,68,64,64,4,34,34,30,17,40,40,16,64,49,70,69,69,55,55,55,67,63,70,70,70,70,70,65,65,70,17,70,42,42,56,56,56,50,50,71,71,53,53,53,53,53,77,51,84,84,84,42,0,0],"gold":31,"neow_bonus":"TRANSFORM_CARD","is_daily":false,"chose_seed":false,"campfire_upgraded":7,"win_rate":0.0,"timestamp":1611537348,"path_taken":["M","M","?","M","M","R","E","R","T","M","E","?","?","E","R","BOSS","M","?","M","?","M","R","M","R","T","M","?","R","M","M","R","BOSS","M","?","?","M","$","E","M","R","T","E","M","?","M","?","R","BOSS","R","$","E","BOSS"],"items_purchased_type":["Relic","Relic","Relic","Card","Relic","Card","Card","Potion","Potion"],"build_version":"2020-12-22","purchased_purges":1,"victory":false,"max_hp_per_floor":[70,70,70,70,70,70,70,70,70,70,70,70,70,70,70,70,70,70,70,70,70,70,70,70,70,70,70,70,70,70,70,70,70,70,70,70,84,84,84,84,84,84,84,84,84,84,84,84,84,84,84,84,84,84,84,84],"relic_stats":{"Regal Pillow":15,"counters":[30,207],"HoveringKite":[31],"Eternal Feather":90,"Pen Nib":[30],"Bag of Preparation":[16],"Kunai":[17],"Letter Opener":[136],"War Paint":["Backflip","Prepared"],"Smiling Mask":0,"obtain_stats":[{"TwistedFunnel":21,"Ice Cream":39,"Regal Pillow":14,"Golden Idol":13,"HoveringKite":34,"Eternal Feather":7,"Mango":37,"Pen Nib":9,"Bag of Preparation":40,"Letter Opener":44,"Frozen Egg 2":11,"Bottled Tornado":21,"War Paint":54,"Smiling Mask":43,"Matryoshka":39,"Kunai":43,"FossilizedHelix":26,"Ring of the Snake":0,"Runic Pyramid":17},{"TwistedFunnel":11,"Ice Cream":21,"Regal Pillow":8,"Golden Idol":7,"HoveringKite":18,"Eternal Feather":5,"Mango":20,"Pen Nib":5,"Bag of Preparation":22,"Letter Opener":24,"Frozen Egg 2":7,"Bottled Tornado":11,"War Paint":29,"Smiling Mask":23,"Matryoshka":21,"Kunai":23,"FossilizedHelix":13,"Ring of the Snake":0,"Runic Pyramid":9},{"TwistedFunnel":92,"Ice Cream":158,"Regal Pillow":61,"Golden Idol":41,"HoveringKite":134,"Eternal Feather":26,"Mango":155,"Pen Nib":26,"Bag of Preparation":164,"Letter Opener":175,"Frozen Egg 2":41,"Bottled Tornado":92,"War Paint":204,"Smiling Mask":170,"Matryoshka":158,"Kunai":170,"FossilizedHelix":105,"Ring of the Snake":0,"Runic Pyramid":76}],"Ring of the Snake":[60]},"card_choices":[{"not_picked":["Quick Slash","Dagger Throw"],"picked":"Heel Hook","floor":1},{"not_picked":["Choke","Expertise"],"picked":"Escape Plan","floor":2},{"not_picked":["Backflip","Slice"],"picked":"Acrobatics","floor":4},{"not_picked":["Acrobatics","Dagger Throw"],"picked":"Backflip","floor":5},{"not_picked":["Wraith Form v2","Eviscerate"],"picked":"Blur","floor":7},{"not_picked":["Deflect","Bane"],"picked":"Deadly Poison","floor":10},{"not_picked":["Bouncing Flask","Glass Knife"],"picked":"Footwork+1","floor":11},{"not_picked":["Riddle With Holes","Predator"],"picked":"Prepared","floor":14},{"not_picked":["Corpse Explosion","Burst"],"picked":"Envenom+1","floor":16},{"not_picked":["Flying Knee","Acrobatics"],"picked":"Dodge and Roll+1","floor":18},{"not_picked":["Dagger Throw","Escape Plan"],"picked":"Catalyst","floor":20},{"not_picked":["Acrobatics","All Out Attack","Backflip"],"picked":"SKIP","floor":22},{"not_picked":["Dodge and Roll+1","Flying Knee"],"picked":"Bouncing Flask+1","floor":24},{"not_picked":["Calculated Gamble","Riddle With Holes"],"picked":"Burst","floor":27},{"not_picked":["Caltrops+1","Predator"],"picked":"Flying Knee","floor":28},{"not_picked":["Well Laid Plans+1","Dodge and Roll+1"],"picked":"Sucker Punch","floor":30},{"not_picked":["Footwork+1","PiercingWail+1"],"picked":"Catalyst+1","floor":31},{"not_picked":["Storm of Steel","Glass Knife"],"picked":"Envenom+1","floor":33},{"not_picked":["Deflect","Predator"],"picked":"Backstab+1","floor":35},{"not_picked":["PiercingWail+1","Deadly Poison"],"picked":"Backstab","floor":37},{"not_picked":["Accuracy+1","Choke+1"],"picked":"Terror","floor":38},{"not_picked":["Predator","Deflect"],"picked":"Underhanded Strike+1","floor":40},{"not_picked":["Expertise+1","Blade Dance"],"picked":"Acrobatics+1","floor":41},{"not_picked":["Flying Knee","Masterful Stab"],"picked":"Adrenaline","floor":44},{"not_picked":["Escape Plan","Well Laid Plans+1"],"picked":"Infinite Blades+1","floor":45},{"not_picked":["Quick Slash","Heel Hook+1"],"picked":"Flying Knee+1","floor":47},{"not_picked":["Quick Slash","Choke"],"picked":"Blur+1","floor":48},{"not_picked":["Caltrops+1","Quick Slash+1"],"picked":"Slice+1","floor":54}],"player_experience":182405,"relics_obtained":[{"floor":7,"key":"Eternal Feather"},{"floor":9,"key":"Pen Nib"},{"floor":11,"key":"Frozen Egg 2"},{"floor":14,"key":"Regal Pillow"},{"floor":26,"key":"FossilizedHelix"},{"floor":37,"key":"Mango"},{"floor":40,"key":"Bag of Preparation"},{"floor":43,"key":"Smiling Mask"},{"floor":43,"key":"Kunai"},{"floor":44,"key":"Letter Opener"},{"floor":54,"key":"War Paint"}],"event_choices":[{"damage_healed":23,"gold_gain":0,"player_choice":"Banana","damage_taken":0,"max_hp_gain":0,"max_hp_loss":0,"event_name":"Big Fish","floor":12,"gold_loss":0},{"damage_healed":0,"gold_gain":0,"player_choice":"Take Wound","damage_taken":0,"relics_obtained":["Golden Idol"],"max_hp_gain":0,"max_hp_loss":0,"event_name":"Golden Idol","floor":13,"gold_loss":0,"cards_obtained":["Injury"]},{"damage_healed":0,"gold_gain":0,"player_choice":"Ignored","damage_taken":0,"max_hp_gain":0,"max_hp_loss":0,"event_name":"Ghosts","floor":19,"gold_loss":0},{"damage_healed":0,"gold_gain":333,"player_choice":"Gave Idol","damage_taken":0,"max_hp_gain":0,"max_hp_loss":0,"event_name":"The Moai Head","floor":36,"relics_lost":["Golden Idol"],"gold_loss":0},{"damage_healed":0,"gold_gain":0,"player_choice":"Fight","damage_taken":0,"max_hp_gain":0,"max_hp_loss":0,"event_name":"MindBloom","floor":37,"gold_loss":0},{"damage_healed":0,"gold_gain":0,"player_choice":"Upgrade","damage_taken":0,"max_hp_gain":0,"max_hp_loss":0,"event_name":"Designer","floor":46,"gold_loss":40,"cards_upgraded":["Burst"]}],"is_beta":false,"boss_relics":[{"not_picked":["Empty Cage","Fusion Hammer"],"picked":"Runic Pyramid"},{"not_picked":["Tiny House","Philosopher\u0027s Stone"],"picked":"HoveringKite"}],"items_purged_floors":[39],"is_endless":false,"potions_floor_spawned":[4,7,11,20,24,28,30,37,38,41,44,45],"killed_by":"The Heart","ascension_level":0}}