{"host":"d61fcf2p3sjwe6yo","time":1611598439,"event":{"mods":["AchievementEnabler","BaseMod","Colored Map","Downfall","Minty Spire (QoL Compilation)","StSLib","SuperFastMode"],"gold_per_floor":[99,111,126,126,136,36,108,108,108,123,148,248,258,258,271,271,271,271],"floor_reached":16,"language":"ENG","playtime":526,"items_purged":[],"score":179,"play_id":"83a8b92f-461c-4187-88f7-ebc16b032fbc","local_time":"20210125211359","is_ascension_mode":true,"campfire_choices":[{"floor":1,"key":"RECALL"},{"data":"Guardian:TwinSlam","floor":6,"key":"SMITH"},{"data":"Guardian:PrimingBeam","floor":8,"key":"SMITH"}],"circlet_count":0,"master_deck":["AscendersBane","Guardian:Strike_Guardian","Guardian:Strike_Guardian","Guardian:Strike_Guardian","Guardian:Defend_Guardian+1","Guardian:Defend_Guardian","Guardian:Defend_Guardian","Guardian:Defend_Guardian+1","Guardian:CurlUp+1","Guardian:TwinSlam+1","Guardian:PrimingBeam+1","Guardian:FloatingOrbs","downfall:Malfunctioning","Guardian:PiercingHide","Guardian:Recover","Guardian:RollAttack","Guardian:EvasiveProtocol","Guardian:Gem_Blue"],"relics":["Guardian:ModeShifter","downfall:HeartBlessingRed","InkBottle","Eternal Feather"],"acts_visited":["Exordium"],"potions_floor_usage":[16],"damage_taken":[{"damage":2,"enemies":"Jaw Worm","floor":2,"turns":5},{"damage":0,"enemies":"Small Slimes","floor":3,"turns":3},{"damage":0,"enemies":"Cultist","floor":5,"turns":4},{"damage":0,"enemies":"Large Slime","floor":10,"turns":6},{"damage":8,"enemies":"Gremlin Nob","floor":11,"turns":4},{"damage":5,"enemies":"Exordium Wildlife","floor":13,"turns":6},{"damage":9,"enemies":"Red Slaver","floor":15,"turns":2},{"damage":51,"enemies":"WA_ARCHETYPE_RETAIN","floor":16,"turns":13}],"seed_played":"4495588174682317463","potions_obtained":[{"floor":5,"key":"Guardian:BlockOnCardUsePotion"},{"floor":10,"key":"Ancient Potion"}],"is_trial":false,"path_per_floor":["R","M","M","?","M","R","T","R","?","M","E","?","M","?","M","B"],"character_chosen":"GUARDIAN","items_purchased":[],"campfire_rested":0,"item_purchase_floors":[],"current_hp_per_floor":[72,70,70,70,70,70,70,70,70,70,62,62,57,57,48,0,0,0],"gold":271,"neow_bonus":"TEN_PERCENT_HP_BONUS","is_daily":false,"chose_seed":false,"campfire_upgraded":2,"win_rate":0.0,"timestamp":1611598439,"path_taken":["R","M","M","?","M","R","T","R","?","?","E","?","M","?","M","BOSS"],"items_purchased_type":[],"build_version":"2020-12-22","purchased_purges":0,"victory":false,"max_hp_per_floor":[79,79,79,79,79,79,79,79,79,79,79,79,79,79,79,79,79,79],"card_choices":[{"not_picked":["Guardian:TemporalShield","Guardian:Gem_Yellow"],"picked":"Guardian:PrimingBeam","floor":2},{"not_picked":["Guardian:Gem_Red","Guardian:Recover"],"picked":"Guardian:FloatingOrbs","floor":3},{"not_picked":["Guardian:ShieldCharger","Guardian:TemporalShield"],"picked":"Guardian:PiercingHide","floor":5},{"not_picked":["Guardian:PiercingHide","Guardian:BronzeArmor"],"picked":"Guardian:RollAttack","floor":10},{"not_picked":["Guardian:TemporalShield","Guardian:Gem_Red"],"picked":"Guardian:EvasiveProtocol","floor":11},{"not_picked":["Guardian:VentSteam","Guardian:Reroute","Guardian:CrystalBeam"],"picked":"SKIP","floor":13},{"not_picked":["Guardian:BaubleBeam","Guardian:Preprogram"],"picked":"Guardian:Gem_Blue","floor":15}],"player_experience":702382,"relics_obtained":[{"floor":7,"key":"InkBottle"},{"floor":11,"key":"Eternal Feather"}],"event_choices":[],"is_beta":false,"boss_relics":[],"items_purged_floors":[],"is_endless":false,"potions_floor_spawned":[5,10,13],"killed_by":"WA_ARCHETYPE_RETAIN","ascension_level":15}}