{"host":"srk2drlvga69hbot","time":1611549396,"event":{"mods":["BaseMod","Bestiary","Block Reminder","Colored Map","Colored Powertips","Dark Map","DeckTracker","Highlight Path","Minty Spire (QoL Compilation)","Quick Restart","Rare Cards Sparkle","Relic Stats","SuperFastMode","Unceasing Turn Reminder"],"gold_per_floor":[112,287,111,186,186,212,212,246,246,46,46,64,64,144,144,245,245,265,265,265],"floor_reached":19,"language":"ZHS","playtime":570,"items_purged":["Doubt"],"score":239,"play_id":"aae7bd3f-8425-448c-9237-ea2589199b50","local_time":"20210125123636","is_ascension_mode":true,"campfire_choices":[{"floor":7.0,"key":"REST"},{"floor":11.0,"key":"REST"},{"data":"Choke","floor":13.0,"key":"SMITH"},{"floor":15.0,"key":"REST"}],"circlet_count":0,"master_deck":["Strike_G","Strike_G","Strike_G","Strike_G+1","Strike_G","Defend_G","Defend_G","Defend_G","Defend_G","Defend_G","Survivor","Neutralize+1","Choke+1","Slice","Deflect","Regret","Grand Finale","Backflip","Finesse","Outmaneuver","Corpse Explosion"],"relics":["Ring of the Snake","Oddly Smooth Stone","Shuriken","WingedGreaves","Blood Vial","Whetstone","Membership Card","Frozen Egg 2","Sozu"],"acts_visited":["Exordium","TheCity"],"potions_floor_usage":[],"damage_taken":[{"damage":1.0,"enemies":"2 Louse","floor":1.0,"turns":4.0},{"damage":35.0,"enemies":"Lagavulin","floor":6.0,"turns":7.0},{"damage":36.0,"enemies":"Gremlin Nob","floor":8.0,"turns":4.0},{"damage":0.0,"enemies":"Jaw Worm","floor":12.0,"turns":3.0},{"damage":43,"enemies":"Slime Boss","floor":16,"turns":12},{"damage":29,"enemies":"Spheric Guardian","floor":18,"turns":6},{"damage":30,"enemies":"Masked Bandits","floor":19,"turns":3}],"seed_played":"5162356156711334169","potions_obtained":[{"floor":6.0,"key":"AttackPotion"},{"floor":8.0,"key":"SteroidPotion"}],"is_trial":false,"path_per_floor":["M","?","$","?","?","E","R","E","T","$","R","M","R","T","R","B",null,"M","?"],"character_chosen":"THE_SILENT","items_purchased":["Slice","Deflect","Membership Card","Finesse"],"campfire_rested":3,"item_purchase_floors":[3,3,10,10],"current_hp_per_floor":[62,62,62,51,51,16,37,1,1,1,22,24,24,24,45,4,54,27,0,0],"gold":265,"neow_bonus":"RANDOM_COMMON_RELIC","is_daily":false,"chose_seed":false,"campfire_upgraded":1,"win_rate":0.0,"timestamp":1611549396,"path_taken":["M","?","$","?","?","E","R","E","T","$","R","M","R","?","R","BOSS","M","?"],"items_purchased_type":["Card","Card","Relic","Card"],"build_version":"2020-12-22","purchased_purges":1,"victory":false,"max_hp_per_floor":[70,70,70,70,70,70,70,70,70,70,70,70,70,70,70,70,70,70,70,70],"relic_stats":{"Blood Vial":8,"Sozu":1,"counters":[7,39],"Shuriken":[13],"Whetstone":["Neutralize","Strike_G"],"obtain_stats":[{"Blood Vial":8,"Sozu":17,"Shuriken":5,"Oddly Smooth Stone":0,"WingedGreaves":6,"Whetstone":9,"Membership Card":10,"Frozen Egg 2":14,"Ring of the Snake":0},{"Blood Vial":3,"Sozu":5,"Shuriken":1,"Oddly Smooth Stone":0,"WingedGreaves":2,"Whetstone":3,"Membership Card":3,"Frozen Egg 2":4,"Ring of the Snake":0},{"Blood Vial":15,"Sozu":30,"Shuriken":4,"Oddly Smooth Stone":0,"WingedGreaves":11,"Whetstone":15,"Membership Card":15,"Frozen Egg 2":18,"Ring of the Snake":0}],"Ring of the Snake":[14]},"card_choices":[{"not_picked":["Prepared","Slice"],"picked":"Choke","floor":1.0},{"not_picked":["Deadly Poison","Doppelganger"],"picked":"Grand Finale","floor":6.0},{"not_picked":["Masterful Stab","Predator"],"picked":"Backflip","floor":8.0},{"not_picked":["Setup","PiercingWail"],"picked":"Outmaneuver","floor":12.0},{"not_picked":["Malaise","Bullet Time"],"picked":"Corpse Explosion","floor":16},{"not_picked":["Endless Agony+1","Riddle With Holes","Sucker Punch+1"],"picked":"SKIP","floor":18}],"player_experience":240375,"relics_obtained":[{"floor":6.0,"key":"WingedGreaves"},{"floor":8.0,"key":"Blood Vial"},{"floor":9.0,"key":"Whetstone"},{"floor":14.0,"key":"Frozen Egg 2"}],"event_choices":[{"damage_healed":0.0,"max_hp_gain":0.0,"max_hp_loss":0.0,"gold_gain":175.0,"event_name":"Liars Game","player_choice":"AGREE","floor":2.0,"gold_loss":0.0,"damage_taken":0.0,"cards_obtained":["Doubt"]},{"damage_healed":0.0,"max_hp_gain":0.0,"max_hp_loss":0.0,"gold_gain":75.0,"event_name":"World of Goop","player_choice":"Gather Gold","floor":4.0,"gold_loss":0.0,"damage_taken":11.0},{"damage_healed":0.0,"max_hp_gain":0.0,"max_hp_loss":0.0,"gold_gain":0.0,"event_name":"Big Fish","player_choice":"Box","floor":5.0,"gold_loss":0.0,"damage_taken":0.0,"relics_obtained":["Shuriken"],"cards_obtained":["Regret"]},{"damage_healed":0,"gold_gain":0,"player_choice":"Fought Bandits","damage_taken":0,"max_hp_gain":0,"max_hp_loss":0,"event_name":"Masked Bandits","floor":19,"gold_loss":0}],"is_beta":false,"boss_relics":[{"not_picked":["Runic Dome","Ectoplasm"],"picked":"Sozu"}],"items_purged_floors":[3],"is_endless":false,"potions_floor_spawned":[6,8,18],"killed_by":"Masked Bandits","ascension_level":8}}