{"host":"i7jfea87xc8lz16p","time":1611612871,"event":{"mods":["AchievementEnabler","BaseMod","Colored Powertips","Minty Spire (QoL Compilation)","Relic Stats"],"gold_per_floor":[99,99,99,24,24,24,24,24,24,24,24,24,24,24,24,24,24,4,4,4,4,4,4,4,4,4,4,4,4,4,4,4],"floor_reached":31,"language":"ENG","playtime":1070,"items_purged":["Strike_P"],"score":562,"play_id":"0bae02e2-aea9-4ab1-b5b3-092b58a26da7","local_time":"20210125231431","is_ascension_mode":true,"campfire_choices":[{"data":"Tantrum","floor":7,"key":"SMITH"},{"data":"LessonLearned","floor":15,"key":"SMITH"},{"floor":23,"key":"REST"},{"floor":29,"key":"REST"}],"circlet_count":0,"master_deck":["AscendersBane","Strike_P","Strike_P","Strike_P+1","Defend_P+1","Defend_P+1","Defend_P","Defend_P+1","Eruption+1","Vigilance+1","CutThroughFate","CutThroughFate","FearNoEvil","Tantrum+1","BowlingBash+1","LessonLearned+1","Scrawl+1","Evaluate+1","Halt+1","EmptyFist+1"],"relics":["Ectoplasm","Blue Candle","Du-Vu Doll","Strawberry","Toxic Egg 2","Boot","Black Star","Shuriken","FossilizedHelix","Mummified Hand"],"acts_visited":["Exordium","TheCity"],"potions_floor_usage":[31],"damage_taken":[{"damage":0,"enemies":"Cultist","floor":1,"turns":3},{"damage":0,"enemies":"Small Slimes","floor":2,"turns":2},{"damage":0,"enemies":"2 Louse","floor":3,"turns":4},{"damage":8,"enemies":"Gremlin Nob","floor":6,"turns":3},{"damage":2,"enemies":"3 Sentries","floor":8,"turns":3},{"damage":0,"enemies":"Large Slime","floor":10,"turns":1},{"damage":12,"enemies":"Gremlin Gang","floor":11,"turns":3},{"damage":19,"enemies":"Gremlin Nob","floor":12,"turns":3},{"damage":3,"enemies":"3 Louse","floor":14,"turns":2},{"damage":23,"enemies":"Hexaghost","floor":16,"turns":9},{"damage":0,"enemies":"2 Thieves","floor":18,"turns":2},{"damage":0,"enemies":"3 Byrds","floor":19,"turns":2},{"damage":36,"enemies":"Shelled Parasite and Fungi","floor":21,"turns":3},{"damage":8,"enemies":"Snecko","floor":24,"turns":3},{"damage":9,"enemies":"Snake Plant","floor":25,"turns":3},{"damage":0,"enemies":"Centurion and Healer","floor":27,"turns":2},{"damage":0,"enemies":"Cultist and Chosen","floor":28,"turns":3},{"damage":28,"enemies":"Book of Stabbing","floor":30,"turns":5},{"damage":26,"enemies":"Shelled Parasite and Fungi","floor":31,"turns":2}],"seed_played":"-5840616518319874134","potions_obtained":[{"floor":6,"key":"StancePotion"},{"floor":8,"key":"Strength Potion"},{"floor":14,"key":"FairyPotion"},{"floor":19,"key":"Explosive Potion"}],"is_trial":false,"path_per_floor":["M","M","M","$","T","E","R","E","T","M","M","E","?","M","R","B",null,"M","M","?","M","?","R","M","M","T","M","M","R","E","M"],"character_chosen":"WATCHER","items_purchased":[],"campfire_rested":2,"item_purchase_floors":[],"current_hp_per_floor":[61,61,61,61,61,53,53,58,58,58,46,27,16,13,13,13,60,60,60,60,24,24,46,38,29,29,29,29,51,23,0,0],"gold":4,"neow_bonus":"BOSS_RELIC","is_daily":false,"chose_seed":false,"campfire_upgraded":2,"win_rate":0.0,"timestamp":1611612871,"path_taken":["M","M","M","$","?","E","R","E","T","M","M","E","?","M","R","BOSS","M","M","?","M","?","R","M","?","T","M","M","R","E","M"],"items_purchased_type":[],"build_version":"2020-12-22","purchased_purges":1,"victory":false,"max_hp_per_floor":[68,68,68,68,68,68,68,75,75,75,75,75,75,75,75,75,75,75,75,75,75,75,75,75,75,75,75,75,75,75,75,75],"relic_stats":{"counters":[19,58],"Shuriken":[6],"Mummified Hand":[0],"Blue Candle":[0],"Ectoplasm":539,"Black Star":1,"Boot":[40],"obtain_stats":[{"Du-Vu Doll":6,"Shuriken":26,"Mummified Hand":30,"Blue Candle":5,"Strawberry":8,"Ectoplasm":0,"Black Star":17,"PureWater":0,"Toxic Egg 2":9,"Boot":12,"FossilizedHelix":30},{"Du-Vu Doll":4,"Shuriken":15,"Mummified Hand":18,"Blue Candle":3,"Strawberry":5,"Ectoplasm":0,"Black Star":10,"PureWater":0,"Toxic Egg 2":5,"Boot":8,"FossilizedHelix":18},{"Du-Vu Doll":12,"Shuriken":46,"Mummified Hand":56,"Blue Candle":9,"Strawberry":15,"Ectoplasm":0,"Black Star":33,"PureWater":0,"Toxic Egg 2":15,"Boot":22,"FossilizedHelix":56}]},"card_choices":[{"not_picked":["EmptyBody","JustLucky"],"picked":"CutThroughFate","floor":1},{"not_picked":["Crescendo","SashWhip"],"picked":"CutThroughFate","floor":2},{"not_picked":["Worship","WreathOfFlame"],"picked":"FearNoEvil","floor":3},{"not_picked":["Omniscience","WaveOfTheHand"],"picked":"Tantrum","floor":6},{"not_picked":["ClearTheMind","Fasting2","FollowUp"],"picked":"SKIP","floor":8},{"not_picked":["SandsOfTime","ReachHeaven","Prostrate+1"],"picked":"SKIP","floor":10},{"not_picked":["SashWhip","CrushJoints"],"picked":"BowlingBash","floor":11},{"not_picked":["Halt+1","Nirvana"],"picked":"LessonLearned","floor":12},{"not_picked":["Crescendo+1","Worship+1","SignatureMove"],"picked":"SKIP","floor":14},{"not_picked":["Ragnarok","Brilliance"],"picked":"Scrawl+1","floor":16},{"not_picked":["CutThroughFate","Crescendo+1","Fasting2"],"picked":"SKIP","floor":18},{"not_picked":["BowlingBash","WindmillStrike","JustLucky"],"picked":"SKIP","floor":19},{"not_picked":["Pray+1","Crescendo+1","Collect+1"],"picked":"SKIP","floor":21},{"not_picked":["Worship+1","BowlingBash+1"],"picked":"Evaluate+1","floor":24},{"not_picked":["CutThroughFate","Vengeance+1"],"picked":"Halt+1","floor":25},{"not_picked":["PathToVictory+1","BowlingBash","Protect+1"],"picked":"SKIP","floor":27},{"not_picked":["Sanctity+1","Omniscience+1"],"picked":"EmptyFist","floor":28},{"not_picked":["EmptyFist","BattleHymn","SandsOfTime+1"],"picked":"SKIP","floor":30}],"player_experience":1840142,"relics_obtained":[{"floor":5,"key":"Blue Candle"},{"floor":6,"key":"Du-Vu Doll"},{"floor":8,"key":"Strawberry"},{"floor":9,"key":"Toxic Egg 2"},{"floor":12,"key":"Boot"},{"floor":26,"key":"Shuriken"},{"floor":30,"key":"FossilizedHelix"},{"floor":30,"key":"Mummified Hand"}],"event_choices":[{"damage_healed":0,"gold_gain":75,"player_choice":"Gather Gold","damage_taken":11,"max_hp_gain":0,"max_hp_loss":0,"event_name":"World of Goop","floor":13,"gold_loss":0},{"damage_healed":0,"gold_gain":50,"player_choice":"Stole From Cult","damage_taken":0,"max_hp_gain":0,"max_hp_loss":0,"event_name":"Nest","floor":20,"gold_loss":0},{"damage_healed":0,"gold_gain":0,"player_choice":"Upgraded","damage_taken":0,"max_hp_gain":0,"max_hp_loss":0,"event_name":"Upgrade Shrine","floor":22,"gold_loss":0,"cards_upgraded":["Eruption"]}],"is_beta":false,"boss_relics":[{"not_picked":["SacredBark","Busted Crown"],"picked":"Black Star"}],"items_purged_floors":[4],"is_endless":false,"potions_floor_spawned":[6,8,10,12,14,19,24,25,30],"killed_by":"Shelled Parasite and Fungi","ascension_level":20}}