{"host":"a1eatafr7pisesky","time":1611571861,"event":{"mods":["AchievementEnabler","BaseMod","Colored Map","Keyboard Shortcuts","Minty Spire (QoL Compilation)","Say the Spire","StSLib","SuperFastMode","everything is the same but u backflip on backflip"],"gold_per_floor":[112,37,37,37,49,84,100,175,175,175,193,18,48,59,59,162,162,178,178,178,192,67,67,100,100,100,126,126,152,152,169,169,269,269,281,298,315,165,165,192,208,240,240,65,77,77,77,91,91,91,91,91,91,121,121],"floor_reached":56,"language":"KOR","playtime":1861,"items_purged":["Defend_P","Defend_P","Strike_P","Strike_P","Strike_P+1"],"score":1786,"play_id":"56568556-3237-476c-b053-62fd996059b8","local_time":"20210125195101","is_ascension_mode":true,"campfire_choices":[{"data":"MentalFortress","floor":10.0,"key":"SMITH"},{"data":"FlurryOfBlows","floor":15.0,"key":"SMITH"},{"floor":23.0,"key":"REST"},{"floor":25.0,"key":"REST"},{"floor":30.0,"key":"REST"},{"data":"Adaptation","floor":32.0,"key":"SMITH"},{"floor":47.0,"key":"RECALL"},{"floor":49.0,"key":"REST"},{"floor":52.0,"key":"REST"}],"circlet_count":0,"master_deck":["Strike_P+1","Defend_P+1","Eruption+1","Vigilance+1","MentalFortress+1","MentalFortress+1","EmptyFist+1","FlurryOfBlows+1","Wallop+1","LessonLearned+1","Adaptation+1","Adaptation+1","Meditate+1","Scrawl+1","TalkToTheHand+1"],"relics":["PureWater","NeowsBlessing","Shuriken","Lantern","Thread and Needle","Black Star","Bird Faced Urn","Centennial Puzzle","Nunchaku","Sundial","MealTicket","Du-Vu Doll","FossilizedHelix","CaptainsWheel","SacredBark","Akabeko","Gremlin Horn","Blue Candle","Unceasing Top","Mercury Hourglass","Ornamental Fan"],"acts_visited":["Exordium","TheCity","TheBeyond","TheEnding"],"potions_floor_usage":[54,55,55],"damage_taken":[{"damage":0.0,"enemies":"2 Louse","floor":1.0,"turns":1.0},{"damage":0.0,"enemies":"Jaw Worm","floor":5.0,"turns":1.0},{"damage":0.0,"enemies":"Gremlin Nob","floor":6.0,"turns":1.0},{"damage":0.0,"enemies":"Cultist","floor":7.0,"turns":2.0},{"damage":11.0,"enemies":"Blue Slaver","floor":11.0,"turns":4.0},{"damage":11.0,"enemies":"3 Sentries","floor":13.0,"turns":6.0},{"damage":0.0,"enemies":"Exordium Wildlife","floor":14.0,"turns":2.0},{"damage":15.0,"enemies":"The Guardian","floor":16.0,"turns":8.0},{"damage":5.0,"enemies":"2 Thieves","floor":18.0,"turns":4.0},{"damage":23.0,"enemies":"Shell Parasite","floor":21.0,"turns":7.0},{"damage":19.0,"enemies":"Slavers","floor":24.0,"turns":5.0},{"damage":28.0,"enemies":"Book of Stabbing","floor":27.0,"turns":6.0},{"damage":0.0,"enemies":"Cultist and Chosen","floor":28.0,"turns":1.0},{"damage":18.0,"enemies":"Slavers","floor":29.0,"turns":5.0},{"damage":0.0,"enemies":"Centurion and Healer","floor":31.0,"turns":5.0},{"damage":20.0,"enemies":"Automaton","floor":33.0,"turns":11.0},{"damage":0.0,"enemies":"3 Shapes","floor":35.0,"turns":3.0},{"damage":27.0,"enemies":"3 Darklings","floor":36.0,"turns":4.0},{"damage":15.0,"enemies":"Jaw Worm Horde","floor":37.0,"turns":4.0},{"damage":0.0,"enemies":"Reptomancer","floor":40.0,"turns":3.0},{"damage":0.0,"enemies":"Sphere and 2 Shapes","floor":41.0,"turns":3.0},{"damage":12.0,"enemies":"Giant Head","floor":42.0,"turns":6.0},{"damage":0.0,"enemies":"Spire Growth","floor":45.0,"turns":4.0},{"damage":0.0,"enemies":"Jaw Worm Horde","floor":48.0,"turns":3.0},{"damage":51.0,"enemies":"Time Eater","floor":50.0,"turns":13.0},{"damage":20,"enemies":"Shield and Spear","floor":54,"turns":6},{"damage":4,"enemies":"The Heart","floor":55,"turns":6}],"seed_played":"1926191751047615875","potions_obtained":[{"floor":1.0,"key":"LiquidBronze"},{"floor":11.0,"key":"EssenceOfSteel"},{"floor":21.0,"key":"SmokeBomb"},{"floor":29.0,"key":"Dexterity Potion"},{"floor":33.0,"key":"FearPotion"},{"floor":41.0,"key":"Ambrosia"},{"floor":42.0,"key":"DuplicationPotion"},{"floor":45.0,"key":"LiquidMemories"}],"is_trial":false,"path_per_floor":["M","$","?","?","M","E","M","?","T","R","M","$","E","M","R","B",null,"M","?","T","M","$","R","E","R","T","E","M","E","R","M","R","B",null,"M","M","M","$","?","E","M","E","T","$","M","?","R","M","R","B",null,"R","$","E","B",null],"character_chosen":"WATCHER","items_purchased":["DuplicationPotion"],"campfire_rested":5,"item_purchase_floors":[12],"current_hp_per_floor":[65,65,70,70,70,70,70,59,59,59,48,48,37,37,37,22,63,58,44,44,27,27,51,36,60,60,40,40,30,54,62,62,50,74,80,59,52,67,67,75,82,70,70,82,82,78,78,78,78,33,67,78,78,62,68],"gold":121,"neow_bonus":"THREE_ENEMY_KILL","is_daily":false,"chose_seed":false,"campfire_upgraded":3,"win_rate":0.0,"timestamp":1611571861,"path_taken":["M","$","?","?","?","E","M","?","T","R","M","?","E","M","R","BOSS","M","?","?","M","$","R","E","R","T","E","M","E","R","M","R","BOSS","M","M","M","$","?","E","M","E","T","$","M","?","R","M","R","BOSS","R","$","E","BOSS"],"items_purchased_type":["Potion"],"build_version":"2020-12-22","purchased_purges":5,"victory":true,"max_hp_per_floor":[72,72,77,77,77,77,77,77,77,77,77,77,77,77,77,77,77,77,82,82,82,82,82,82,82,82,82,82,82,82,82,82,82,82,82,82,82,82,82,82,82,82,82,82,82,78,78,78,78,78,78,78,78,78,78],"card_choices":[{"not_picked":["EmptyBody","Meditate"],"picked":"MentalFortress","floor":1.0},{"not_picked":["ClearTheMind","PathToVictory","Protect"],"picked":"SKIP","floor":5.0},{"not_picked":["Consecrate","ConjureBlade","SignatureMove"],"picked":"SKIP","floor":6.0},{"not_picked":["Tantrum","Collect"],"picked":"MentalFortress","floor":7.0},{"not_picked":["PathToVictory","CarveReality"],"picked":"EmptyFist","floor":11.0},{"not_picked":["Evaluate","CrushJoints"],"picked":"FlurryOfBlows","floor":13.0},{"not_picked":["FollowUp","SashWhip"],"picked":"Wallop","floor":14.0},{"not_picked":["Devotion","SpiritShield"],"picked":"LessonLearned","floor":16.0},{"not_picked":["Fasting2","Wallop+1"],"picked":"Adaptation","floor":18.0},{"not_picked":["Collect+1","BowlingBash+1","Protect"],"picked":"SKIP","floor":21.0},{"not_picked":["WaveOfTheHand","DevaForm"],"picked":"Adaptation","floor":24.0},{"not_picked":["Evaluate","PathToVictory","BowlingBash+1"],"picked":"SKIP","floor":27.0},{"not_picked":["Evaluate+1","Crescendo"],"picked":"Meditate","floor":29.0},{"not_picked":["ThirdEye","BowlingBash+1","Protect"],"picked":"SKIP","floor":31.0},{"not_picked":["MasterReality","Devotion"],"picked":"Scrawl","floor":33.0},{"not_picked":["FollowUp","Halt+1","FlurryOfBlows"],"picked":"SKIP","floor":35.0},{"not_picked":["Fasting2+1","Prostrate","Consecrate+1"],"picked":"SKIP","floor":36.0},{"not_picked":["Vengeance+1","Evaluate","CarveReality"],"picked":"SKIP","floor":37.0},{"not_picked":["SandsOfTime","Wireheading+1","Collect+1"],"picked":"SKIP","floor":40.0},{"not_picked":["Meditate+1","CrushJoints+1","EmptyBody"],"picked":"SKIP","floor":41.0},{"not_picked":["EmptyFist+1","Pray+1","PathToVictory"],"picked":"SKIP","floor":42.0},{"not_picked":["Vengeance","JustLucky+1","Nirvana+1"],"picked":"SKIP","floor":45.0},{"not_picked":["Collect","WindmillStrike"],"picked":"TalkToTheHand+1","floor":48.0},{"not_picked":["BowlingBash","EmptyFist+1","EmptyMind"],"picked":"SKIP","floor":54}],"player_experience":350160,"relics_obtained":[{"floor":6.0,"key":"Shuriken"},{"floor":9.0,"key":"Lantern"},{"floor":13.0,"key":"Thread and Needle"},{"floor":20.0,"key":"Bird Faced Urn"},{"floor":24.0,"key":"Centennial Puzzle"},{"floor":24.0,"key":"Nunchaku"},{"floor":26.0,"key":"Sundial"},{"floor":27.0,"key":"MealTicket"},{"floor":27.0,"key":"Du-Vu Doll"},{"floor":29.0,"key":"FossilizedHelix"},{"floor":29.0,"key":"CaptainsWheel"},{"floor":40.0,"key":"Akabeko"},{"floor":40.0,"key":"Gremlin Horn"},{"floor":42.0,"key":"Blue Candle"},{"floor":42.0,"key":"Unceasing Top"},{"floor":54,"key":"Mercury Hourglass"},{"floor":54,"key":"Ornamental Fan"}],"event_choices":[{"damage_healed":0.0,"max_hp_gain":5.0,"max_hp_loss":0.0,"gold_gain":0.0,"event_name":"Big Fish","player_choice":"Donut","floor":3.0,"gold_loss":0.0,"damage_taken":0.0},{"damage_healed":0.0,"max_hp_gain":0.0,"max_hp_loss":0.0,"gold_gain":0.0,"event_name":"Accursed Blacksmith","player_choice":"Forge","floor":4.0,"gold_loss":0.0,"damage_taken":0.0,"cards_upgraded":["Eruption"]},{"damage_healed":0.0,"max_hp_gain":0.0,"max_hp_loss":0.0,"gold_gain":75.0,"event_name":"World of Goop","player_choice":"Gather Gold","floor":8.0,"gold_loss":0.0,"damage_taken":11.0},{"damage_healed":0.0,"max_hp_gain":5.0,"max_hp_loss":0.0,"gold_gain":0.0,"event_name":"Forgotten Altar","player_choice":"Shed Blood","floor":19.0,"gold_loss":0.0,"damage_taken":19.0},{"cards_removed":["Defend_P"],"damage_healed":0.0,"max_hp_gain":0.0,"max_hp_loss":0.0,"gold_gain":0.0,"event_name":"Falling","player_choice":"Removed Skill","floor":39.0,"gold_loss":0.0,"damage_taken":0.0},{"damage_healed":0.0,"max_hp_gain":0.0,"max_hp_loss":4.0,"gold_gain":0.0,"event_name":"Winding Halls","player_choice":"Max HP","floor":46.0,"gold_loss":0.0,"damage_taken":0.0}],"is_beta":false,"boss_relics":[{"not_picked":["Velvet Choker","Busted Crown"],"picked":"Black Star"},{"not_picked":["Tiny House","Coffee Dripper"],"picked":"SacredBark"}],"items_purged_floors":[2,12,22,38,44],"is_endless":false,"potions_floor_spawned":[1,11,14,16,21,27,28,29,33,36,41,42,45],"ascension_level":9}}