{"host":"dm4yvegl9um2tlqd","time":1611577510,"event":{"mods":["2.2 Compatiblity","AchievementEnabler","BaseMod","Colored Map","DeckTracker","Highlight Path","KOR Keyword Fix","Keyboard Shortcuts","Minty Spire (QoL Compilation)","Permanent Neow","Quick Restart","Random Character Button","StSLib","SuperFastMode","everything is the same but u backflip on backflip"],"gold_per_floor":[117,117,135,152,152,152,163,163,163,163,174,188,213,233,233,233,233],"floor_reached":16,"language":"KOR","playtime":498,"items_purged":[],"score":151,"play_id":"570254e6-fac7-46d6-8ed4-db903f13a950","local_time":"20210125212510","is_ascension_mode":true,"campfire_choices":[{"data":"Neutralize","floor":6.0,"key":"SMITH"},{"data":"Quick Slash","floor":8.0,"key":"SMITH"},{"data":"Bouncing Flask","floor":10.0,"key":"SMITH"},{"data":"Concentrate","floor":15.0,"key":"SMITH"}],"circlet_count":0,"master_deck":["Strike_G","Strike_G","Strike_G","Strike_G","Strike_G","Defend_G","Defend_G","Defend_G","Defend_G","Defend_G","Survivor","Neutralize+1","Blade Dance","Bouncing Flask+1","Quick Slash+1","Masterful Stab","Setup","Concentrate+1","Backflip"],"relics":["Ring of the Snake","StoneCalendar","NlothsMask","Frozen Egg 2"],"acts_visited":["Exordium"],"potions_floor_usage":[],"damage_taken":[{"damage":1.0,"enemies":"2 Louse","floor":1.0,"turns":4.0},{"damage":0.0,"enemies":"Cultist","floor":3.0,"turns":4.0},{"damage":5.0,"enemies":"Small Slimes","floor":4.0,"turns":4.0},{"damage":12.0,"enemies":"Exordium Thugs","floor":7.0,"turns":5.0},{"damage":2.0,"enemies":"Large Slime","floor":11.0,"turns":5.0},{"damage":0.0,"enemies":"Exordium Wildlife","floor":12.0,"turns":2.0},{"damage":15.0,"enemies":"3 Sentries","floor":13.0,"turns":7.0},{"damage":0.0,"enemies":"Looter","floor":14.0,"turns":3.0},{"damage":31,"enemies":"The Guardian","floor":16,"turns":7}],"seed_played":"1670749957765809849","potions_obtained":[{"floor":1.0,"key":"EssenceOfSteel"},{"floor":12.0,"key":"SteroidPotion"}],"is_trial":false,"path_per_floor":["M","?","M","M","?","R","M","R","T","R","M","M","E","M","R","B"],"character_chosen":"THE_SILENT","items_purchased":[],"campfire_rested":0,"item_purchase_floors":[],"current_hp_per_floor":[62,62,62,57,57,57,45,45,45,45,43,43,28,28,28,0,0],"gold":233,"neow_bonus":"THREE_CARDS","is_daily":false,"chose_seed":false,"campfire_upgraded":4,"win_rate":0.0,"timestamp":1611577510,"path_taken":["M","?","M","?","?","R","M","R","T","R","M","M","E","M","R","BOSS"],"items_purchased_type":[],"build_version":"2020-12-22","purchased_purges":0,"victory":false,"max_hp_per_floor":[70,70,70,70,70,70,70,70,70,70,70,70,70,70,70,70,70],"card_choices":[{"not_picked":["Sucker Punch","Deflect"],"picked":"Blade Dance","floor":0.0},{"not_picked":["Infinite Blades","Dodge and Roll","Sucker Punch"],"picked":"SKIP","floor":1.0},{"not_picked":["Catalyst","Dagger Throw"],"picked":"Bouncing Flask","floor":3.0},{"not_picked":["Prepared","Slice"],"picked":"Quick Slash","floor":4.0},{"not_picked":["Acrobatics","Prepared"],"picked":"Masterful Stab","floor":7.0},{"not_picked":["Deadly Poison","Accuracy"],"picked":"Setup","floor":11.0},{"not_picked":["Riddle With Holes","Grand Finale","Bouncing Flask"],"picked":"SKIP","floor":12.0},{"not_picked":["Predator","Slice"],"picked":"Concentrate","floor":13.0},{"not_picked":["Quick Slash","Masterful Stab"],"picked":"Backflip","floor":14.0}],"player_experience":87449,"relics_obtained":[{"floor":13.0,"key":"Frozen Egg 2"}],"event_choices":[{"damage_healed":0.0,"max_hp_gain":0.0,"max_hp_loss":0.0,"gold_gain":0.0,"event_name":"WeMeetAgain","player_choice":"Gave Potion","floor":2.0,"gold_loss":0.0,"damage_taken":0.0,"relics_obtained":["StoneCalendar"]},{"damage_healed":0.0,"max_hp_gain":0.0,"max_hp_loss":0.0,"gold_gain":0.0,"event_name":"FaceTrader","player_choice":"Trade","floor":5.0,"gold_loss":0.0,"damage_taken":0.0,"relics_obtained":["NlothsMask"]}],"is_beta":false,"boss_relics":[],"items_purged_floors":[],"is_endless":false,"potions_floor_spawned":[1,12],"killed_by":"The Guardian","ascension_level":9}}