{"host":"0fmi5fguj5lvt8pf","time":1611590588,"event":{"mods":["BaseMod","Colored Map","Curses Come First","Downfall","Minty Spire (QoL Compilation)","Permanent Neow","StSLib"],"gold_per_floor":[99,99,99,109,121,131,158,178,178,56,74,74,11,21,36,138,138,138,157,176,161,161,161,161,161,179,194,229,229,243,243,262,357,357,57,74,191,1190,1210,1210,1210,649,660,714,724,736,397,447,460,460,460,490,3,3,3,3],"floor_reached":57,"language":"ENG","playtime":4133,"items_purged":["bronze:OilSpill+1"],"score":1218,"play_id":"8f703071-0882-4b76-a009-c535c264bf14","local_time":"20210125080308","is_ascension_mode":false,"campfire_choices":[{"data":"bronze:Allocate","floor":1.0,"key":"SMITH"},{"floor":9.0,"key":"REST"},{"data":"bronze:Goto","floor":12.0,"key":"SMITH"},{"floor":18.0,"key":"RECALL"},{"floor":23.0,"key":"REST"},{"data":"bronze:InfiniteLoop","floor":29.0,"key":"SMITH"},{"data":"bronze:BugBarrage","floor":35,"key":"SMITH"},{"data":"bronze:MaxOutput","floor":40,"key":"SMITH"},{"floor":54,"key":"REST"}],"circlet_count":0,"master_deck":["bronze:Defend","bronze:Replicate","bronze:Goto+1","bronze:Allocate+1","bronze:DelayedSlice","bronze:ClassDefault","bronze:ForceShield","bronze:BuggyMess","bronze:Assembly","bronze:ClassDefault","bronze:InfiniteBeams","bronze:FollowUp","bronze:DelayedGuard","bronze:DelayedGuard+1","bronze:BuggyMess","bronze:InfiniteLoop+1","bronze:MaxOutput+1","bronze:DelayedSlice","bronze:BugBarrage+1","bronze:Overheat","bronze:HardenedForm+1","bronze:GetLatest+1","bronze:Backtrace+1","bronze:Repulsor","bronze:Optimize","bronze:ForceShield+1","Flash of Steel"],"relics":["bronze:BronzeCore","downfall:ShatteredFragment","hexamod:BolsterEngine","Busted Crown","Omamori","Astrolabe","downfall:HeartBlessingRed","downfall:HeartBlessingGreen","downfall:HeartBlessingBlue","champ:Barbells","Gremlin Horn","Mummified Hand","bronze:DecasWashers","Incense Burner","bronze:DonusWashers","Anchor","bronze:SilverBullet","bronze:CableSpool","Shuriken","OrangePellets"],"acts_visited":["Exordium","TheCity","TheBeyond","TheEnding"],"potions_floor_usage":[32,50,50],"damage_taken":[{"damage":0.0,"enemies":"Small Slimes","floor":4.0,"turns":3.0},{"damage":6.0,"enemies":"Jaw Worm","floor":5.0,"turns":2.0},{"damage":1.0,"enemies":"Cultist","floor":6.0,"turns":3.0},{"damage":3.0,"enemies":"Gremlin Gang","floor":8.0,"turns":5.0},{"damage":0.0,"enemies":"downfall:FleeingMerchant","floor":10.0,"turns":4.0},{"damage":1.0,"enemies":"2 Fungi Beasts","floor":11.0,"turns":3.0},{"damage":2.0,"enemies":"downfall:FleeingMerchant","floor":13.0,"turns":4.0},{"damage":6.0,"enemies":"Blue Slaver","floor":14.0,"turns":3.0},{"damage":8.0,"enemies":"Red Slaver","floor":15.0,"turns":3.0},{"damage":38.0,"enemies":"DF_ARCHETYPE_STREAMLINE","floor":16.0,"turns":10.0},{"damage":12.0,"enemies":"Spheric Guardian","floor":19.0,"turns":3.0},{"damage":10.0,"enemies":"Shell Parasite","floor":20.0,"turns":4.0},{"damage":0.0,"enemies":"downfall:FleeingMerchant","floor":21.0,"turns":4.0},{"damage":0.0,"enemies":"Shelled Parasite and Fungi","floor":26.0,"turns":2.0},{"damage":0.0,"enemies":"Centurion and Healer","floor":27.0,"turns":3.0},{"damage":12.0,"enemies":"Book of Stabbing","floor":28.0,"turns":5.0},{"damage":1.0,"enemies":"Snecko","floor":30.0,"turns":3.0},{"damage":0,"enemies":"Chosen and Byrds","floor":32,"turns":4},{"damage":17,"enemies":"IC_MUSHROOM_ARCHETYPE","floor":33,"turns":4},{"damage":10,"enemies":"3 Darklings","floor":36,"turns":2},{"damage":0,"enemies":"downfall:FleeingMerchant","floor":37,"turns":1},{"damage":0,"enemies":"Orb Walker","floor":39,"turns":2},{"damage":0,"enemies":"4 Shapes","floor":43,"turns":1},{"damage":0,"enemies":"2 Orb Walkers","floor":44,"turns":1},{"damage":4,"enemies":"Jaw Worm Horde","floor":45,"turns":2},{"damage":0,"enemies":"Transient","floor":46,"turns":5},{"damage":0,"enemies":"Sphere and 2 Shapes","floor":49,"turns":1},{"damage":21,"enemies":"SI_POISON_ARCHETYPE","floor":50,"turns":4},{"damage":38,"enemies":"downfall:CharBossMerchant","floor":52,"turns":6},{"damage":0,"enemies":"downfall:NeowBoss","floor":55,"turns":8},{"damage":68,"enemies":"downfall:NeowBossFinal","floor":56,"turns":8}],"seed_played":"4352114063557674504","potions_obtained":[{"floor":4.0,"key":"LiquidMemories"},{"floor":8.0,"key":"ColorlessPotion"},{"floor":11.0,"key":"BlessingOfTheForge"},{"floor":15.0,"key":"Energy Potion"},{"floor":20.0,"key":"Block Potion"},{"floor":28.0,"key":"SkillPotion"},{"floor":33,"key":"SkillPotion"},{"floor":44,"key":"sneckomod:MuddlingPotion"},{"floor":46,"key":"bronze:CleanCodePotion"}],"is_trial":false,"path_per_floor":["R","?","?","M","M","M","T","M","R","$","M","R","$","M","M","B",null,"R","M","M","$","?","R","T","?","M","M","E","R","M","?","M","B",null,"R","M","$","?","M","R","T","$","M","?","M","M","$","T","M","B",null,"E","$","R","B","B",null],"character_chosen":"THE_AUTOMATON","items_purchased":["bronze:InfiniteBeams","bronze:FollowUp","bronze:DelayedGuard","champ:Barbells","Mummified Hand","bronze:DecasWashers","bronze:Repulsor","bronze:DonusWashers","Anchor","bronze:Optimize","Shuriken","OrangePellets","Flash of Steel"],"campfire_rested":3,"item_purchase_floors":[10,10,13,37,42,42,42,47,47,47,53,53,53],"current_hp_per_floor":[63,68,47,47,41,40,40,37,57,57,56,56,54,48,40,2,68,68,56,46,46,34,55,55,55,55,55,43,43,42,42,42,25,73,83,73,73,73,73,73,73,73,73,73,69,69,69,69,69,48,83,45,45,69,69,1],"gold":3,"neow_bonus":"TRANSFORM_TWO_CARDS","is_daily":false,"chose_seed":false,"campfire_upgraded":5,"win_rate":0.0,"timestamp":1611590588,"path_taken":["R","?","?","M","M","?","T","M","R","?","?","R","$","M","M","BOSS","R","M","M","$","?","R","T","?","?","M","E","R","M","?","M","BOSS","R","M","$","?","M","R","T","$","M","?","M","M","$","?","M","BOSS","E","$","R","BOSS","BOSS"],"items_purchased_type":["Card","Card","Card","Relic","Relic","Relic","Card","Relic","Relic","Card","Relic","Relic","Card"],"build_version":"2020-12-22","purchased_purges":1,"victory":true,"max_hp_per_floor":[63,68,68,68,68,68,68,68,68,68,68,68,68,68,68,68,68,68,68,68,68,73,73,73,73,73,73,73,73,73,73,73,73,73,83,83,83,83,83,83,83,83,83,83,83,83,83,83,83,83,83,83,83,83,83,83],"card_choices":[{"not_picked":["bronze:Overheat","bronze:GetLatest"],"picked":"bronze:ClassDefault","floor":4.0},{"not_picked":["bronze:Boost","bronze:BuggyMess"],"picked":"bronze:ForceShield","floor":5.0},{"not_picked":["bronze:BronzeArmor","bronze:BugBarrage"],"picked":"bronze:BuggyMess","floor":6.0},{"not_picked":["bronze:ChosenStrike","bronze:Repair"],"picked":"bronze:Assembly","floor":8.0},{"not_picked":["bronze:DelayedGuard","bronze:Branch"],"picked":"bronze:ClassDefault","floor":10.0},{"not_picked":["bronze:Frontload","bronze:WildBeam","bronze:Shell"],"picked":"SKIP","floor":11.0},{"not_picked":["bronze:MaxOutput","bronze:Branch"],"picked":"bronze:DelayedGuard","floor":13.0},{"not_picked":["bronze:Flail","bronze:Frontload","bronze:ChosenStrike"],"picked":"SKIP","floor":14.0},{"not_picked":["bronze:ForLoop","bronze:Frontload"],"picked":"bronze:BuggyMess","floor":15.0},{"not_picked":["bronze:TinkerersToolbox","bronze:ThunderWave"],"picked":"bronze:InfiniteLoop","floor":16.0},{"not_picked":["bronze:Iterate"],"picked":"SKIP","floor":19.0},{"not_picked":["bronze:FineTuning+1"],"picked":"SKIP","floor":20.0},{"not_picked":[],"picked":"bronze:MaxOutput","floor":21.0},{"not_picked":["bronze:Branch"],"picked":"SKIP","floor":26.0},{"not_picked":["bronze:Boost"],"picked":"SKIP","floor":27.0},{"not_picked":["bronze:DigitalCarnage+1"],"picked":"SKIP","floor":28.0},{"not_picked":[],"picked":"bronze:DelayedSlice","floor":30.0},{"not_picked":["bronze:DelayedGuard"],"picked":"SKIP","floor":32},{"not_picked":[],"picked":"bronze:HardenedForm","floor":33},{"not_picked":["bronze:WildBeam+1"],"picked":"SKIP","floor":36},{"not_picked":["bronze:Separator+1"],"picked":"SKIP","floor":37},{"not_picked":["bronze:WildBeam"],"picked":"SKIP","floor":39},{"not_picked":["bronze:Flail+1"],"picked":"SKIP","floor":43},{"not_picked":["bronze:InfiniteBeams"],"picked":"SKIP","floor":45},{"not_picked":["bronze:WhirlingStrike+1"],"picked":"SKIP","floor":46},{"not_picked":["bronze:Separator"],"picked":"SKIP","floor":49},{"not_picked":[],"picked":"bronze:ForceShield+1","floor":52}],"player_experience":1398859,"relics_obtained":[{"floor":7.0,"key":"hexamod:BolsterEngine"},{"floor":28.0,"key":"Omamori"},{"floor":41,"key":"Gremlin Horn"},{"floor":44,"key":"Incense Burner"},{"floor":48,"key":"bronze:SilverBullet"},{"floor":52,"key":"bronze:CableSpool"}],"event_choices":[{"damage_healed":0.0,"max_hp_gain":5.0,"max_hp_loss":0.0,"gold_gain":0.0,"event_name":"Big Fish","player_choice":"Donut","floor":2.0,"gold_loss":0.0,"damage_taken":0.0},{"damage_healed":0.0,"max_hp_gain":0.0,"max_hp_loss":0.0,"gold_gain":0.0,"event_name":"NoteForYourself","player_choice":"Ignored","floor":25.0,"gold_loss":0.0,"damage_taken":0.0},{"damage_healed":0.0,"max_hp_gain":0.0,"max_hp_loss":0.0,"gold_gain":0.0,"cards_transformed":["bronze:Strike","bronze:Defend"],"event_name":"Drug Dealer","player_choice":"Became Test Subject","floor":31.0,"gold_loss":0.0,"damage_taken":0.0,"cards_obtained":["bronze:BugBarrage","bronze:Overheat"]},{"damage_healed":0,"gold_gain":0,"player_choice":"Fight","damage_taken":0,"max_hp_gain":0,"max_hp_loss":0,"event_name":"Mysterious Sphere","floor":44,"gold_loss":0}],"is_beta":false,"boss_relics":[{"not_picked":["sneckomod:SneckoTalon","Coffee Dripper"],"picked":"Busted Crown"},{"not_picked":["SlaversCollar","Snecko Eye"],"picked":"Astrolabe"}],"items_purged_floors":[37],"is_endless":false,"potions_floor_spawned":[4,8,11,15,20,28,33,44,46,49],"ascension_level":0}}