{"host":"pgm1p3lvdjflie30","time":1611579555,"event":{"mods":["100% Spire Juice","AchievementEnabler","Act Like it!","Aspiration","Bard","BaseMod","Block Reminder","Colored Map","Colored Powertips","Conspire","Downfall","Energized Spire","Gremlin Mod","GungeonMod","Hermit","HornydragonMod","Minty Spire (QoL Compilation)","Nova Terra(?娃·泰拉)","Quarter Circle Forward PUNCH!","Reimu（博???）","Remilia（蕾米莉?）","Robot Space Explorer","SOS（斯巴?之子）","StSLib","The Alterego","The Bug Knight","The Cursed","The Dragon Tamer","The Gatherer","The Hierophant","The IronCluck","The Jungle","The Mystic","The Runesmith","The Saiyan","The Senshi","The Servant 0.9.4","TheHeartMod","Waifu the Spire","【功能Mod】混沌之?修复?丁","【?物卡牌】REMEMod"],"gold_per_floor":[114,74,74,99,49,77,77,95,120,175,175,194,194,194,194,313,313,334,334,347,307,58,58,77,77,126,141,141,214,230,244,244,364,364,379,379,379,404,428,453,496,496,521,541,622,622,592,615,615,615,615,615,3,36,36],"floor_reached":56,"language":"ZHS","playtime":3347,"items_purged":[],"score":1255,"play_id":"2d0860d8-d82d-45f1-aafa-8cfbd2e642f8","local_time":"20210125205915","is_ascension_mode":false,"campfire_choices":[{"floor":7.0,"key":"RECALL"},{"data":"MiserableFate","floor":11,"key":"SMITH"},{"data":"VampireSweep","floor":13,"key":"SMITH"},{"data":"MillenniumVampire","floor":15,"key":"SMITH"},{"data":"RobotSpaceExplorer:ChargingLaser","floor":23,"key":"SMITH"},{"data":"ScarletMeister","floor":25,"key":"SMITH"},{"data":"KillingBlow","floor":32,"key":"SMITH"},{"data":"REME_FirmDetermination","floor":42,"key":"SMITH"},{"data":"REME_Flogging","floor":46,"key":"SMITH"},{"data":"Jack Of All Trades","floor":49,"key":"SMITH"},{"data":"QueenOfMidnight","floor":52,"key":"SMITH"}],"circlet_count":0,"master_deck":["Strike_RM","Strike_RM","Strike_RM","Strike_RM","Defend_RM+1","Defend_RM","Defend_RM+1","RedMoon","ScarletShoot","Stigmanizer","VampireSweep","BombardNight","RedRainbow","BombardNight","UnderTheZenith","MiserableFate+1","MillenniumVampire+1","MastersStateliness","VampireSweep+1","RobotSpaceExplorer:ChargingLaser+1","QueenOfMidnight+1","VampirishNight+1","BombardNight","ScarletMeister+1","CharismaGuard","RobotSpaceExplorer:ChargingLaser+1","ScarletSymphony","KillingBlow+1","BloodHunter","BloodyHallows","SuperhumanBloodyKnife+1","REME_Flogging+1","REME_FirmDetermination+1","Jack Of All Trades+1","BloodyTrap+1","EndlessAdversity","BloodHunter","MastersStateliness+1","VampireKiss","ChainGang+1","KillingBlow"],"relics":["ScarletHat","REME_ComplimentaryCards","NeowsBlessing","PaintedHorse:ReiMu","qcfpunch:Red_Gi","qcfpunch:Wrestler\u0027s_Cloak","Runesmith:AutoHammer","Golden Idol","APieceOfRedMist","ZunR:ReiMu","aspiration:SeaSaltIceCream","aspiration:Nostalgia","FlyPower:ReiMu","theSenshi:SailorFukuRelic","FossilizedHelix","energizedSpire:SpiderWeb","HollowMod:LifeEnderRelic","War Paint","HollowMod:StagPassRelic","Anchor","ClockworkSouvenir","Torii","aspiration:Lifesprig"],"acts_visited":["Exordium","TheCity","TheBeyond","TheEnding"],"potions_floor_usage":[10,27,27,29,40,40,41,47,50,55,55],"damage_taken":[{"damage":0.0,"enemies":"2 Louse","floor":1.0,"turns":1.0},{"damage":0.0,"enemies":"Lagavulin","floor":6.0,"turns":1.0},{"damage":0.0,"enemies":"Jaw Worm","floor":8.0,"turns":1.0},{"damage":0,"enemies":"3 Sentries","floor":10,"turns":2},{"damage":4,"enemies":"conspire:RoseBush","floor":12,"turns":2},{"damage":52,"enemies":"The Guardian","floor":16,"turns":8},{"damage":0,"enemies":"conspire:FuzzyDice","floor":18,"turns":4},{"damage":8,"enemies":"Chosen","floor":20,"turns":3},{"damage":0,"enemies":"Centurion and Healer","floor":24,"turns":4},{"damage":0,"enemies":"Snecko","floor":27,"turns":4},{"damage":38,"enemies":"Book of Stabbing","floor":29,"turns":6},{"damage":0,"enemies":"3 Cultists","floor":30,"turns":4},{"damage":0,"enemies":"Cultist and Chosen","floor":31,"turns":4},{"damage":58,"enemies":"Champ","floor":33,"turns":12},{"damage":25,"enemies":"3 Shapes","floor":35,"turns":4},{"damage":8,"enemies":"3 Darklings","floor":38,"turns":4},{"damage":45,"enemies":"Writhing Mass","floor":39,"turns":5},{"damage":33,"enemies":"Transient","floor":40,"turns":5},{"damage":13,"enemies":"HollowMod:StalkingDevout","floor":41,"turns":5},{"damage":8,"enemies":"3 Darklings","floor":44,"turns":3},{"damage":28,"enemies":"Maw","floor":48,"turns":4},{"damage":87,"enemies":"Donu and Deca","floor":50,"turns":10},{"damage":47,"enemies":"Shield and Spear","floor":54,"turns":3},{"damage":97,"enemies":"NeowBoss","floor":55,"turns":8}],"seed_played":"-6506854694426855495","potions_obtained":[{"floor":8.0,"key":"REME_GoldPotion"},{"floor":10,"key":"FearPotion"},{"floor":16,"key":"Weak Potion"},{"floor":18,"key":"FairyPotion"},{"floor":20,"key":"PowerPotion"},{"floor":27,"key":"REME_GoldPotion"},{"floor":29,"key":"ZuzhouPotion:ReiMu"},{"floor":39,"key":"Weak Potion"},{"floor":40,"key":"ZuzhouPotion:ReiMu"},{"floor":47,"key":"Dexterity Potion"},{"floor":47,"key":"Fruit Juice"},{"floor":48,"key":"Fire Potion"},{"floor":54,"key":"PowerPotion"}],"is_trial":false,"path_per_floor":["M","?","?","T","?","E","R","M","T","E","R","M","R","?","R","B",null,"M","?","M","?","$","R","M","R","T","M","?","E","M","M","R","B",null,"M","?","?","M","M","M","E","R","T","M","T","R","?","M","R","B",null,"R","$","E","B",null],"character_chosen":"REMILIA","items_purchased":["aspiration:SeaSaltIceCream","Anchor","ClockworkSouvenir","Torii"],"campfire_rested":0,"item_purchase_floors":[22,53,53,53],"current_hp_per_floor":[75,75,75,75,75,75,75,75,75,75,75,71,71,53,53,10,75,75,75,70,70,70,70,75,75,75,75,75,50,65,67,67,53,75,50,40,40,55,24,34,53,53,53,56,56,56,61,69,69,40,78,78,78,42,41],"gold":36,"neow_bonus":"THREE_ENEMY_KILL","is_daily":false,"chose_seed":false,"campfire_upgraded":10,"win_rate":0.0,"timestamp":1611579555,"path_taken":["M","?","?","?","?","E","R","M","T","E","R","?","R","?","R","BOSS","M","?","?","?","$","R","M","R","T","M","?","E","M","M","R","BOSS","M","?","?","M","M","M","E","R","T","M","?","R","?","M","R","BOSS","R","$","E","BOSS"],"items_purchased_type":["Relic","Relic","Relic","Relic"],"build_version":"2020-12-22","purchased_purges":0,"victory":true,"max_hp_per_floor":[75,75,75,75,75,75,75,75,75,75,75,75,75,75,75,75,75,75,75,75,75,75,75,75,75,75,75,75,75,75,75,75,75,75,75,75,75,75,73,73,73,73,73,73,73,73,78,78,78,78,78,78,78,78,78],"card_choices":[{"not_picked":["NightDance","BlasphemousPunishment"],"picked":"Stigmanizer","floor":1.0},{"not_picked":["ScarletDevil","EndlessAdversity"],"picked":"MiserableFate","floor":6.0},{"not_picked":["UnstableMagic","NightDance"],"picked":"MillenniumVampire","floor":8.0},{"not_picked":["BombardNight","ScarletSymphony"],"picked":"MastersStateliness","floor":10},{"not_picked":["CharismaGuard","UnstableMagic"],"picked":"VampireSweep","floor":12},{"not_picked":["BatForm","BloodyHallows"],"picked":"QueenOfMidnight","floor":16},{"not_picked":["UltimateOffering+1","UnderTheZenith"],"picked":"VampirishNight+1","floor":18},{"not_picked":["BlasphemousPunishment","ScarletSymphony"],"picked":"BombardNight","floor":20},{"not_picked":["ScarletImprint","VampireFantasy"],"picked":"ScarletMeister","floor":24},{"not_picked":["ReincarnationDial+1","ScarletImprint"],"picked":"CharismaGuard","floor":27},{"not_picked":["ReincarnationDial","Stigmanizer"],"picked":"ScarletSymphony","floor":29},{"not_picked":["HunterOfTheNight","VampireKiss"],"picked":"KillingBlow","floor":30},{"not_picked":["BloodAndWine","UnderTheZenith+1"],"picked":"BloodHunter","floor":31},{"not_picked":["CurseOfVladTepes","TransientEternity"],"picked":"BloodyHallows","floor":33},{"not_picked":["VampireFantasy+1","AfternoonTea"],"picked":"SuperhumanBloodyKnife+1","floor":35},{"not_picked":["REME_EyeOfCthun","REME_MagicPocketWatch"],"picked":"REME_Flogging","floor":36},{"not_picked":["DemoMod:Deposit","REME_EyeOfCthun"],"picked":"REME_FirmDetermination","floor":36},{"not_picked":["Deep Breath","REME_AllRoundStrike"],"picked":"Jack Of All Trades","floor":36},{"not_picked":["EndlessAdversity+1","BadLadyScramble"],"picked":"BloodyTrap+1","floor":38},{"not_picked":["RedRainbow","RedMagic+1"],"picked":"EndlessAdversity","floor":39},{"not_picked":["RedRainbow","ScarletDevil"],"picked":"BloodHunter","floor":40},{"not_picked":["BombardNight","BlasphemousPunishment"],"picked":"MastersStateliness+1","floor":41},{"not_picked":["DiffusionOfMisfortune","VampirishNight+1"],"picked":"VampireKiss","floor":44},{"not_picked":["RedRainbow","ForbiddenFruit+1"],"picked":"ChainGang+1","floor":48},{"not_picked":["TwelveNightmare","NightDance"],"picked":"KillingBlow","floor":54}],"player_experience":326575,"relics_obtained":[{"floor":6.0,"key":"qcfpunch:Red_Gi"},{"floor":9,"key":"qcfpunch:Wrestler\u0027s_Cloak"},{"floor":10,"key":"Runesmith:AutoHammer"},{"floor":26,"key":"theSenshi:SailorFukuRelic"},{"floor":29,"key":"FossilizedHelix"},{"floor":41,"key":"HollowMod:LifeEnderRelic"},{"floor":43,"key":"War Paint"},{"floor":45,"key":"HollowMod:StagPassRelic"},{"floor":54,"key":"aspiration:Lifesprig"}],"event_choices":[{"damage_healed":0.0,"max_hp_gain":0.0,"max_hp_loss":0.0,"gold_gain":0.0,"event_name":"yidonshenshe","player_choice":"塞?","floor":2.0,"gold_loss":40.0,"damage_taken":0.0,"relics_obtained":["PaintedHorse:ReiMu"]},{"cards_removed":["Defend_RM"],"damage_healed":0.0,"max_hp_gain":0.0,"max_hp_loss":0.0,"gold_gain":0.0,"event_name":"The Cleric","player_choice":"Card Removal","floor":5.0,"gold_loss":50.0,"damage_taken":0.0},{"damage_healed":0,"gold_gain":0,"player_choice":"Take Damage","damage_taken":18,"relics_obtained":["Golden Idol"],"max_hp_gain":0,"max_hp_loss":0,"event_name":"Golden Idol","floor":14,"gold_loss":0},{"damage_healed":0,"gold_gain":0,"player_choice":"Got Potions","damage_taken":0,"max_hp_gain":0,"max_hp_loss":0,"event_name":"Lab","floor":19,"gold_loss":0},{"damage_healed":0,"gold_gain":0,"player_choice":"??神酒","damage_taken":0,"relics_obtained":["ZunR:ReiMu"],"max_hp_gain":0,"max_hp_loss":0,"event_name":"ZunEvent","floor":21,"gold_loss":40},{"damage_healed":0,"gold_gain":0,"player_choice":"Copied","damage_taken":0,"max_hp_gain":0,"max_hp_loss":0,"event_name":"Duplicator","floor":28,"gold_loss":0,"cards_obtained":["RobotSpaceExplorer:ChargingLaser"]},{"damage_healed":0,"gold_gain":0,"player_choice":"Memory 3","damage_taken":10,"max_hp_gain":0,"max_hp_loss":0,"event_name":"SensoryStone","floor":36,"gold_loss":0},{"damage_healed":0,"gold_gain":0,"player_choice":"Ignored","damage_taken":0,"max_hp_gain":0,"max_hp_loss":0,"event_name":"Tomb of Lord Red Mask","floor":37,"gold_loss":0},{"damage_healed":0,"gold_gain":0,"player_choice":"Bought 2 Potions","damage_taken":0,"max_hp_gain":0,"max_hp_loss":0,"event_name":"The Woman in Blue","floor":47,"gold_loss":0}],"is_beta":false,"boss_relics":[{"not_picked":["Philosopher\u0027s Stone","Snecko Eye"],"picked":"APieceOfRedMist"},{"not_picked":["Cursed Key","Velvet Choker"],"picked":"energizedSpire:SpiderWeb"}],"items_purged_floors":[],"is_endless":false,"potions_floor_spawned":[8,10,16,18,20,27,29,39,40,48,54],"ascension_level":0}}