{"host":"7vyuhf36gh5rmcz2","time":1611583203,"event":{"mods":["AchievementEnabler","BaseMod","Highlight Path","Minty Spire (QoL Compilation)","StSLib"],"gold_per_floor":[118,129,129,129,147,147,159,223,223,223,51,67,67,84,84,189,189,175,175,0,20,39,39,39,39],"floor_reached":24,"language":"ENG","playtime":1119,"items_purged":["Strike_R"],"score":291,"play_id":"c73087f0-b33b-41f7-a868-b4781415b449","local_time":"20210125140003","is_ascension_mode":true,"campfire_choices":[{"data":"Flame Barrier","floor":6,"key":"SMITH"},{"floor":10,"key":"REST"},{"data":"Pommel Strike","floor":15,"key":"SMITH"},{"floor":23,"key":"REST"}],"circlet_count":0,"master_deck":["AscendersBane","Strike_R","Strike_R","Strike_R","Defend_R","Defend_R+1","Defend_R","Defend_R","Bash+1","Metallicize","Flame Barrier+1","Shrug It Off","Thunderclap","Flex","Shrug It Off","Body Slam","Pommel Strike+1","Fiend Fire","Whirlwind","Dual Wield","Seeing Red"],"relics":["Velvet Choker","Incense Burner","Shuriken","Kunai","Black Star"],"acts_visited":["Exordium","TheCity"],"potions_floor_usage":[8,16,16,24,24],"damage_taken":[{"damage":3,"enemies":"2 Louse","floor":1,"turns":3},{"damage":0,"enemies":"Jaw Worm","floor":2,"turns":4},{"damage":10,"enemies":"Small Slimes","floor":5,"turns":4},{"damage":3,"enemies":"Blue Slaver","floor":7,"turns":3},{"damage":9,"enemies":"Gremlin Nob","floor":8,"turns":5},{"damage":0,"enemies":"2 Fungi Beasts","floor":12,"turns":4},{"damage":3,"enemies":"Looter","floor":14,"turns":3},{"damage":15,"enemies":"The Guardian","floor":16,"turns":8},{"damage":11,"enemies":"2 Thieves","floor":18,"turns":4},{"damage":2,"enemies":"Chosen","floor":21,"turns":6},{"damage":24,"enemies":"Centurion and Healer","floor":22,"turns":6},{"damage":40,"enemies":"Book of Stabbing","floor":24,"turns":4}],"seed_played":"3978523556640161323","potions_obtained":[{"floor":5,"key":"LiquidBronze"},{"floor":7,"key":"Weak Potion"},{"floor":14,"key":"PowerPotion"},{"floor":16,"key":"LiquidBronze"},{"floor":21,"key":"SteroidPotion"}],"is_trial":false,"path_per_floor":["M","M","?","?","M","R","M","?","T","R","$","M","?","M","R","B",null,"M","?","?","M","M","R","E"],"character_chosen":"IRONCLAD","items_purchased":["Shrug It Off","Body Slam"],"campfire_rested":2,"item_purchase_floors":[11,11],"current_hp_per_floor":[69,69,53,46,36,36,33,24,24,48,48,48,30,27,27,12,63,52,37,37,35,11,36,0,0],"gold":39,"neow_bonus":"BOSS_RELIC","is_daily":false,"chose_seed":false,"campfire_upgraded":2,"win_rate":0.0,"timestamp":1611583203,"path_taken":["M","M","?","?","M","R","M","?","T","R","?","M","?","M","R","BOSS","M","?","?","M","M","R","E"],"items_purchased_type":["Card","Card"],"build_version":"2020-12-22","purchased_purges":1,"victory":false,"max_hp_per_floor":[80,80,80,80,80,80,80,80,80,80,80,80,80,80,80,80,80,80,85,85,85,85,85,85,85],"card_choices":[{"not_picked":["Flex","Evolve"],"picked":"Metallicize","floor":1},{"not_picked":["Dark Embrace","Pummel"],"picked":"Flame Barrier","floor":2},{"not_picked":["Flex","Sword Boomerang"],"picked":"Shrug It Off","floor":5},{"not_picked":["Heavy Blade","Iron Wave"],"picked":"Thunderclap","floor":7},{"not_picked":["Clash","Wild Strike"],"picked":"Flex","floor":8},{"not_picked":["Flex","Sword Boomerang"],"picked":"Pommel Strike","floor":12},{"not_picked":["Rage","Seeing Red","Rupture"],"picked":"SKIP","floor":14},{"not_picked":["Exhume","Corruption"],"picked":"Fiend Fire","floor":16},{"not_picked":["Blood for Blood","Clash"],"picked":"Whirlwind","floor":18},{"not_picked":["Warcry","Heavy Blade"],"picked":"Dual Wield","floor":21},{"not_picked":["True Grit","Flame Barrier"],"picked":"Seeing Red","floor":22}],"player_experience":552900,"relics_obtained":[{"floor":8,"key":"Incense Burner"},{"floor":9,"key":"Shuriken"}],"event_choices":[{"damage_healed":0,"gold_gain":0,"player_choice":"Entered Light","damage_taken":16,"max_hp_gain":0,"max_hp_loss":0,"event_name":"Shining Light","floor":3,"gold_loss":0,"cards_upgraded":["Bash","Defend_R"]},{"cards_removed":["Strike_R"],"damage_healed":0,"gold_gain":0,"player_choice":"Card Removal","damage_taken":7,"max_hp_gain":0,"max_hp_loss":0,"event_name":"Golden Wing","floor":4,"gold_loss":0},{"damage_healed":0,"gold_gain":0,"player_choice":"Searched \u00271\u0027 times","damage_taken":0,"max_hp_gain":0,"max_hp_loss":0,"event_name":"Dead Adventurer","floor":8,"gold_loss":0},{"damage_healed":0,"gold_gain":0,"player_choice":"Success","damage_taken":18,"relics_obtained":["Kunai"],"max_hp_gain":0,"max_hp_loss":0,"event_name":"Scrap Ooze","floor":13,"gold_loss":0},{"damage_healed":0,"gold_gain":0,"player_choice":"Shed Blood","damage_taken":20,"max_hp_gain":5,"max_hp_loss":0,"event_name":"Forgotten Altar","floor":19,"gold_loss":0},{"damage_healed":0,"gold_gain":0,"player_choice":"Paid Fearfully","damage_taken":0,"max_hp_gain":0,"max_hp_loss":0,"event_name":"Masked Bandits","floor":20,"gold_loss":175}],"is_beta":false,"boss_relics":[{"not_picked":["Tiny House","Ectoplasm"],"picked":"Black Star"}],"items_purged_floors":[11],"is_endless":false,"potions_floor_spawned":[5,7,14,16,21,22],"killed_by":"Book of Stabbing","ascension_level":11}}