{"host":"rl3s470f8onwqc1s","time":1611570556,"event":{"mods":["BaseMod","Gold Saver","Minty Spire (QoL Compilation)","MostiFishMod","Shop Mod","Spicy Shops","StSLib"],"gold_per_floor":[20,20,20,20,20,55,74,118,118,158,158,196,196,214,214,312,312,335,368,368,387,277,277,311,335,335,375,396,420,420,345,345,438,438,456,515,530,1529,73,108,121,154,178,213,213,237,262,286,286,286,286,286,286,1,36,36],"floor_reached":57,"language":"ZHS","playtime":1765,"items_purged":["Normality"],"score":3841,"play_id":"25624094-47aa-4cf1-8444-4c979c334f7e","local_time":"20210125182916","is_ascension_mode":true,"campfire_choices":[{"data":"MostiFishMod:KamiSmash","floor":13.0,"key":"SMITH"},{"data":"Collect","floor":15.0,"key":"SMITH"},{"data":"MostiFishMod:FlowState","floor":23.0,"key":"SMITH"},{"floor":32,"key":"RECALL"},{"data":"MostiFishMod:StarLaLaLa","floor":45,"key":"SMITH"},{"data":"MostiFishMod:Unraveling","floor":49,"key":"SMITH"},{"data":"Eruption","floor":53,"key":"SMITH"}],"circlet_count":0,"master_deck":["AscendersBane","Strike_P","Strike_P+1","Defend_P","Defend_P","Eruption+1","Vigilance","Sanctity","MostiFishMod:Speedup","Collect+1","MostiFishMod:Unraveling+1","Ragnarok","MostiFishMod:KamiSmash+1","MostiFishMod:StarWish","MostiFishMod:FrostNova","MostiFishMod:WinterMarkForm+1","MostiFishMod:FlowState+1","Adaptation+1","Evaluate","Necronomicurse","MostiFishMod:StarLaLaLa+1","PathToVictory+1","Normality","DevaForm+1","Fasting2+1","MentalFortress+1","MostiFishMod:LegendTransform+1"],"relics":["PureWater","DaveBox","BirthdayGift-Tetrahedron","SynthV:TestCard","Golden Idol","Pantograph","Regal Pillow","Akabeko","Sundial","Frozen Egg 2","Dream Catcher","FrostBlade","Red Mask","Bird Faced Urn","Gremlin Horn","Bag of Marbles","Necronomicon","Runic Pyramid","Thread and Needle","MetatronsCube","Potion Belt","SentryEyes","Nunchaku","Darkstone Periapt","Art of War","Lantern","BionicSphere","Medical Kit","Mummified Hand"],"acts_visited":["Exordium","TheCity","TheBeyond","TheEnding"],"potions_floor_usage":[56,56,56],"damage_taken":[{"damage":2.0,"enemies":"2 Louse","floor":1.0,"turns":2.0},{"damage":4.0,"enemies":"Lagavulin","floor":6.0,"turns":3.0},{"damage":2.0,"enemies":"Small Slimes","floor":7.0,"turns":2.0},{"damage":3.0,"enemies":"Gremlin Nob","floor":8.0,"turns":2.0},{"damage":6.0,"enemies":"Lagavulin","floor":10.0,"turns":4.0},{"damage":2.0,"enemies":"Gremlin Nob","floor":12.0,"turns":2.0},{"damage":4.0,"enemies":"Cultist","floor":14.0,"turns":3.0},{"damage":6.0,"enemies":"The Guardian","floor":16.0,"turns":4.0},{"damage":2.0,"enemies":"Chosen","floor":18.0,"turns":2.0},{"damage":5.0,"enemies":"Masked Bandits","floor":19.0,"turns":2.0},{"damage":6.0,"enemies":"3 Byrds","floor":21.0,"turns":4.0},{"damage":2.0,"enemies":"Gremlin Leader","floor":24.0,"turns":2.0},{"damage":0.0,"enemies":"Snake Plant","floor":25.0,"turns":1.0},{"damage":0.0,"enemies":"Slavers","floor":27.0,"turns":1.0},{"damage":0.0,"enemies":"Centurion and Healer","floor":28.0,"turns":1.0},{"damage":0,"enemies":"Cultist and Chosen","floor":29,"turns":1},{"damage":2,"enemies":"Champ","floor":33,"turns":2},{"damage":7,"enemies":"3 Shapes","floor":35,"turns":2},{"damage":2,"enemies":"2 Orb Walkers","floor":36,"turns":2},{"damage":0,"enemies":"Orb Walker","floor":37,"turns":1},{"damage":0,"enemies":"Reptomancer","floor":40,"turns":1},{"damage":0,"enemies":"Spire Growth","floor":41,"turns":1},{"damage":2,"enemies":"Giant Head","floor":42,"turns":2},{"damage":0,"enemies":"Reptomancer","floor":44,"turns":1},{"damage":0,"enemies":"3 Darklings","floor":46,"turns":1},{"damage":0,"enemies":"Sphere and 2 Shapes","floor":47,"turns":1},{"damage":0,"enemies":"Jaw Worm Horde","floor":48,"turns":1},{"damage":0,"enemies":"Time Eater","floor":50,"turns":1},{"damage":0,"enemies":"Donu and Deca","floor":51,"turns":1},{"damage":0,"enemies":"Shield and Spear","floor":55,"turns":1},{"damage":8,"enemies":"The Heart","floor":56,"turns":5}],"seed_played":"-8272357307001999963","potions_obtained":[{"floor":6.0,"key":"SkillPotion"},{"floor":7.0,"key":"Regen Potion"},{"floor":8.0,"key":"Dexterity Potion"},{"floor":14.0,"key":"DistilledChaos"},{"floor":18.0,"key":"PowerPotion"},{"floor":33,"key":"ColorlessPotion"},{"floor":35,"key":"BottledMiracle"},{"floor":42,"key":"Block Potion"},{"floor":46,"key":"SpeedPotion"},{"floor":47,"key":"BottledMiracle"}],"is_trial":false,"path_per_floor":["M","?","?","?","$","E","M","E","T","E","T","E","R","M","R","B",null,"M","?","?","M","?","R","E","M","T","E","M","M","?","?","R","B",null,"M","?","M","?","$","E","M","E","T","E","R","M","M","M","R","B","B",null,"R","$","E","B",null],"character_chosen":"WATCHER","items_purchased":["MetatronsCube","Potion Belt","SentryEyes","BionicSphere","Medical Kit"],"campfire_rested":0,"item_purchase_floors":[39,39,39,54,54],"current_hp_per_floor":[59,36,36,29,29,25,23,20,20,26,26,24,24,20,20,39,61,59,54,54,48,48,48,46,48,48,50,50,50,29,29,29,52,64,57,61,65,65,65,67,67,65,65,65,65,65,67,67,67,68,68,68,68,68,68,64],"gold":36,"neow_bonus":"TRANSFORM_TWO_CARDS","is_daily":false,"chose_seed":false,"campfire_upgraded":6,"win_rate":0.0,"timestamp":1611570556,"path_taken":["M","?","?","?","$","E","M","E","T","E","?","E","R","M","R","BOSS","M","?","?","M","?","R","E","M","T","E","M","?","?","?","R","BOSS","M","?","M","?","$","E","M","E","T","E","R","M","M","M","R","BOSS","BOSS","R","$","E","BOSS"],"items_purchased_type":["Relic","Relic","Relic","Relic","Relic"],"build_version":"2020-12-22","purchased_purges":1,"victory":true,"max_hp_per_floor":[68,68,68,68,68,68,68,68,68,68,68,68,68,68,68,68,68,68,68,68,68,68,68,68,68,68,68,68,68,68,68,68,68,68,68,68,68,68,68,68,68,68,68,68,68,68,68,68,68,68,68,68,68,68,68,68],"card_choices":[{"not_picked":["EmptyBody","Protect","Halt"],"picked":"SKIP","floor":1.0},{"not_picked":["EmptyBody","Wireheading","MostiFishMod:LegendTransform","FlurryOfBlows"],"picked":"Collect","floor":6.0},{"not_picked":["SashWhip","Collect","CutThroughFate","JustLucky","WindmillStrike"],"picked":"SKIP","floor":7.0},{"not_picked":["Protect","MostiFishMod:PathToVictory","ClearTheMind","MostiFishMod:Nomercy"],"picked":"MostiFishMod:Unraveling","floor":8.0},{"not_picked":["Wireheading+1","Evaluate","CutThroughFate","Ragnarok","CrushJoints"],"picked":"SKIP","floor":10.0},{"not_picked":["Wireheading+1","Evaluate","CutThroughFate","CrushJoints"],"picked":"Ragnarok","floor":10.0},{"not_picked":["Collect","FollowUp","CutThroughFate","Evaluate"],"picked":"MostiFishMod:KamiSmash","floor":12.0},{"not_picked":["FollowUp","ClearTheMind","CrushJoints","Study+1","Halt"],"picked":"SKIP","floor":14.0},{"not_picked":["Alpha","MostiFishMod:StarOceanP","Judgement","MostiFishMod:StarHerder+1"],"picked":"MostiFishMod:StarWish","floor":16.0},{"not_picked":["Sanctity","Halt","Prostrate","EmptyFist+1"],"picked":"MostiFishMod:FlowState","floor":18.0},{"not_picked":["PathToVictory","Halt","EmptyBody","Judgement","Prostrate"],"picked":"SKIP","floor":21.0},{"not_picked":["Study+1","Indignation","Prostrate","WreathOfFlame","EmptyMind"],"picked":"SKIP","floor":24.0},{"not_picked":["Protect","BowlingBash+1","SashWhip","Meditate","EmptyBody"],"picked":"SKIP","floor":25.0},{"not_picked":["Nirvana+1","ConjureBlade","FearNoEvil+1","CrushJoints"],"picked":"Evaluate","floor":27.0},{"not_picked":["CutThroughFate","Prostrate","EmptyMind","PathToVictory","JustLucky"],"picked":"SKIP","floor":28.0},{"not_picked":["ForeignInfluence","FollowUp","Consecrate","WaveOfTheHand","EmptyFist"],"picked":"SKIP","floor":29},{"not_picked":["MostiFishMod:DustFall+1","DeusExMachina","MostiFishMod:StarHerder+1","Wish"],"picked":"MostiFishMod:StarLaLaLa","floor":33},{"not_picked":["EmptyBody","ThirdEye","Protect","ClearTheMind","BowlingBash"],"picked":"SKIP","floor":35},{"not_picked":["PathToVictory+1","Swivel","BowlingBash+1","CutThroughFate","FearNoEvil"],"picked":"SKIP","floor":37},{"not_picked":["Swivel","BowlingBash+1","CutThroughFate","FearNoEvil"],"picked":"PathToVictory+1","floor":37},{"not_picked":["Protect","FlyingSleeves","CarveReality","ReachHeaven"],"picked":"DevaForm+1","floor":40},{"not_picked":["BowlingBash","CrushJoints+1","FlyingSleeves","Meditate","Wireheading+1"],"picked":"SKIP","floor":41},{"not_picked":["Wireheading+1","EmptyFist","SandsOfTime","Scrawl"],"picked":"Fasting2+1","floor":42},{"not_picked":["FlyingSleeves","Pray+1","LikeWater+1","CrushJoints","Swivel"],"picked":"SKIP","floor":44},{"not_picked":["MostiFishMod:PathToVictory","FollowUp","Halt","BowlingBash","Protect"],"picked":"SKIP","floor":46},{"not_picked":["Prostrate","PathToVictory","Vault","Adaptation+1"],"picked":"MentalFortress+1","floor":47},{"not_picked":["Consecrate","LikeWater+1","SashWhip","Fasting2+1","Prostrate"],"picked":"SKIP","floor":48},{"not_picked":["Halt","CrushJoints","Crescendo","WaveOfTheHand"],"picked":"MostiFishMod:LegendTransform+1","floor":55}],"player_experience":1324615,"relics_obtained":[{"floor":1.0,"key":"SynthV:TestCard"},{"floor":6.0,"key":"Regal Pillow"},{"floor":8.0,"key":"Akabeko"},{"floor":9.0,"key":"Sundial"},{"floor":10.0,"key":"Frozen Egg 2"},{"floor":12.0,"key":"Dream Catcher"},{"floor":19.0,"key":"Red Mask"},{"floor":24.0,"key":"Bird Faced Urn"},{"floor":26.0,"key":"Gremlin Horn"},{"floor":27.0,"key":"Bag of Marbles"},{"floor":30,"key":"Necronomicon"},{"floor":36,"key":"Thread and Needle"},{"floor":40,"key":"Nunchaku"},{"floor":42,"key":"Darkstone Periapt"},{"floor":43,"key":"Art of War"},{"floor":44,"key":"Lantern"},{"floor":55,"key":"Mummified Hand"}],"event_choices":[{"damage_healed":0.0,"max_hp_gain":0.0,"max_hp_loss":0.0,"gold_gain":0.0,"event_name":"Golden Idol","player_choice":"Take Damage","floor":2.0,"gold_loss":0.0,"damage_taken":23.0,"relics_obtained":["Golden Idol"]},{"damage_healed":0.0,"max_hp_gain":0.0,"max_hp_loss":0.0,"gold_gain":0.0,"event_name":"Big Fish","player_choice":"Box","floor":3.0,"gold_loss":0.0,"damage_taken":0.0,"relics_obtained":["Pantograph"],"cards_obtained":["Regret"]},{"cards_removed":["Regret"],"damage_healed":0.0,"max_hp_gain":0.0,"max_hp_loss":0.0,"gold_gain":0.0,"event_name":"Golden Wing","player_choice":"Card Removal","floor":4.0,"gold_loss":0.0,"damage_taken":7.0},{"damage_healed":0.0,"max_hp_gain":0.0,"max_hp_loss":0.0,"gold_gain":0.0,"event_name":"Masked Bandits","player_choice":"Fought Bandits","floor":19.0,"gold_loss":0.0,"damage_taken":0.0},{"damage_healed":0.0,"max_hp_gain":0.0,"max_hp_loss":0.0,"gold_gain":0.0,"event_name":"The Library","player_choice":"Read","floor":20.0,"gold_loss":0.0,"damage_taken":0.0,"cards_obtained":["Adaptation"]},{"cards_removed":["Strike_P"],"damage_healed":0.0,"max_hp_gain":0.0,"max_hp_loss":0.0,"gold_gain":0.0,"event_name":"Designer","player_choice":"Upgrade and Remove","floor":22.0,"gold_loss":110.0,"damage_taken":0.0,"cards_upgraded":["Strike_P"]},{"damage_healed":0,"gold_gain":0,"player_choice":"Obtained Book","damage_taken":21,"max_hp_gain":0,"max_hp_loss":0,"event_name":"Cursed Tome","floor":30,"gold_loss":0},{"cards_removed":["Strike_P"],"damage_healed":0,"gold_gain":0,"player_choice":"Gave Gold","damage_taken":0,"max_hp_gain":0,"max_hp_loss":0,"event_name":"Beggar","floor":31,"gold_loss":75},{"damage_healed":0,"gold_gain":0,"player_choice":"Fight","damage_taken":0,"max_hp_gain":0,"max_hp_loss":0,"event_name":"Mysterious Sphere","floor":36,"gold_loss":0},{"damage_healed":0,"gold_gain":999,"player_choice":"Gold","damage_taken":0,"max_hp_gain":0,"max_hp_loss":0,"event_name":"MindBloom","floor":38,"gold_loss":0,"cards_obtained":["Normality","Normality"]}],"is_beta":false,"boss_relics":[{"not_picked":["HereWithMe","RhineCircuit"],"picked":"FrostBlade"},{"not_picked":["SynthV:MejaisSoulstealer","FixedStarFall"],"picked":"Runic Pyramid"}],"items_purged_floors":[39],"is_endless":false,"potions_floor_spawned":[6,7,8,14,18,24,25,33,35,42,46,47],"ascension_level":20}}