{"host":"mo324zvkdr1xwprd","time":1611538166,"event":{"mods":["BaseMod","Better Note","BetterRewards","Hermit","Highlight Path","Hubris","Minty Spire (QoL Compilation)","Quick Restart","Rare Cards Sparkle","Shop Mod","StSLib","The Cursed","The Hierophant"],"gold_per_floor":[117,130,130,145,159,159,186,186,186,204,229,242,260,277,277,380,380,391,109,129,144,144,172,172,206,252,277,288,288,387,407,407,512,512,529,529,529,529,548,548,581,38,38,63,18,28,80,97,97,97,97,97,9,36,36],"floor_reached":56,"language":"ENG","playtime":6266,"items_purged":[],"score":1564,"play_id":"e7ca32ec-06c4-41f7-a734-1be638adbb76","local_time":"20210125012926","is_ascension_mode":true,"campfire_choices":[{"floor":6,"key":"RECALL"},{"data":"TheCursedMod:CollectTribute","floor":8,"key":"SMITH"},{"floor":15,"key":"REST"},{"floor":24,"key":"REST"},{"data":"TheCursedMod:ReleasedStrength","floor":32,"key":"SMITH"},{"data":"TheCursedMod:VoidForm","floor":40,"key":"SMITH"},{"floor":49,"key":"REST"},{"data":"Panache","floor":52,"key":"SMITH"}],"circlet_count":0,"master_deck":["Apotheosis+1","TheCursedMod:Strike_TheCursed","TheCursedMod:Strike_TheCursed","TheCursedMod:Strike_TheCursed","TheCursedMod:Strike_TheCursed","TheCursedMod:Defend_TheCursed","TheCursedMod:Defend_TheCursed","TheCursedMod:Defend_TheCursed","TheCursedMod:CursedWand","TheCursedMod:CleanUpWorkshop","TheCursedMod:Dregs","TheCursedMod:Stigma","TheCursedMod:CursedBlade","TheCursedMod:ReleasedStrength+1","TheCursedMod:HellsGateOpen","TheCursedMod:CollectTribute+1","TheCursedMod:SmokeScreen","TheCursedMod:SpitefulStrike","TheCursedMod:CursedBlade","TheCursedMod:WearCloak","TheCursedMod:SpitefulPlan","TheCursedMod:AntiAging","TheCursedMod:CursedStaff","TheCursedMod:AshesToAshes","TheCursedMod:CursedStaff","Swift Strike","TheCursedMod:DoubleShield","TheCursedMod:SpreadPlague+1","TheCursedMod:CursedSpellbook","TheCursedMod:TroublousMinions","TheCursedMod:CircleOfBlood","Normality","TheCursedMod:SpitefulPray","TheCursedMod:CursedAmulet","TheCursedMod:SurpriseAttack","TheCursedMod:VoidForm+1","Enlightenment","Jack Of All Trades","hubris:Insight","TheCursedMod:Stretching","TheCursedMod:CursedMace+1","Panache+1","TheCursedMod:SmokeScreen","TheCursedMod:RapidMovement","Regret","TheCursedMod:Obscuration","TheCursedMod:SurpriseAttack","TheCursedMod:StingEye","TheCursedMod:Evocation+1","TheCursedMod:Mangle+1","Impatience","TheCursedMod:Mangle"],"relics":["TheCursedMod:BlackMagic101","hubris:Towel","Bag of Preparation","Oddly Smooth Stone","Cursed Key","MutagenicStrength","Bag of Marbles","Bottled Lightning","Happy Flower","hubris:Spice","Nunchaku","TheCursedMod:CrystalBall","Meat on the Bone","hubris:GlazedTorus","Du-Vu Doll"],"acts_visited":["Exordium","TheCity","TheBeyond","TheEnding"],"potions_floor_usage":[7,10,13,16,18,20,21,44,50,55,55,55],"damage_taken":[{"damage":2,"enemies":"2 Louse","floor":1,"turns":3},{"damage":0,"enemies":"Jaw Worm","floor":2,"turns":3},{"damage":0,"enemies":"Cultist","floor":4,"turns":3},{"damage":0,"enemies":"Lots of Slimes","floor":5,"turns":1},{"damage":2,"enemies":"Lagavulin","floor":7,"turns":6},{"damage":6,"enemies":"Exordium Wildlife","floor":10,"turns":4},{"damage":43,"enemies":"Gremlin Nob","floor":11,"turns":5},{"damage":0,"enemies":"Looter","floor":12,"turns":3},{"damage":5,"enemies":"Blue Slaver","floor":13,"turns":3},{"damage":1,"enemies":"Exordium Wildlife","floor":14,"turns":2},{"damage":0,"enemies":"Slime Boss","floor":16,"turns":5},{"damage":0,"enemies":"Spheric Guardian","floor":18,"turns":3},{"damage":10,"enemies":"3 Byrds","floor":20,"turns":3},{"damage":11,"enemies":"Centurion and Healer","floor":21,"turns":5},{"damage":22,"enemies":"Gremlin Leader","floor":23,"turns":4},{"damage":0,"enemies":"Slavers","floor":25,"turns":4},{"damage":21,"enemies":"Book of Stabbing","floor":27,"turns":3},{"damage":0,"enemies":"Cultist and Chosen","floor":28,"turns":3},{"damage":0,"enemies":"Snecko","floor":31,"turns":2},{"damage":0,"enemies":"Collector","floor":33,"turns":5},{"damage":0,"enemies":"3 Darklings","floor":35,"turns":2},{"damage":0,"enemies":"Orb Walker","floor":39,"turns":2},{"damage":0,"enemies":"Nemesis","floor":41,"turns":5},{"damage":4,"enemies":"Reptomancer","floor":44,"turns":7},{"damage":0,"enemies":"Writhing Mass","floor":46,"turns":4},{"damage":0,"enemies":"2 Orb Walkers","floor":47,"turns":4},{"damage":18,"enemies":"Spire Growth","floor":48,"turns":3},{"damage":1,"enemies":"Time Eater","floor":50,"turns":8},{"damage":5,"enemies":"Shield and Spear","floor":54,"turns":4},{"damage":31,"enemies":"The Heart","floor":55,"turns":6}],"seed_played":"3078311522013572987","potions_obtained":[{"floor":4,"key":"Dexterity Potion"},{"floor":5,"key":"DuplicationPotion"},{"floor":7,"key":"Dexterity Potion"},{"floor":12,"key":"Explosive Potion"},{"floor":13,"key":"SteroidPotion"},{"floor":16,"key":"Fruit Juice"},{"floor":20,"key":"Block Potion"},{"floor":23,"key":"Dexterity Potion"},{"floor":25,"key":"Ancient Potion"},{"floor":28,"key":"GamblersBrew"},{"floor":41,"key":"GamblersBrew"},{"floor":47,"key":"EssenceOfSteel"},{"floor":54,"key":"Strength Potion"}],"is_trial":false,"path_per_floor":["M","M","?","M","M","R","E","R","T","M","E","M","M","M","R","B",null,"M","$","M","M","?","E","R","E","T","E","M","?","?","M","R","B",null,"M","?","?","?","M","R","E","$","T","E","$","M","?","M","R","B",null,"R","$","E","B",null],"character_chosen":"THE_CURSED","items_purchased":["TheCursedMod:AshesToAshes","TheCursedMod:CursedStaff","Swift Strike","TheCursedMod:DoubleShield","TheCursedMod:CrystalBall","Panache","TheCursedMod:SmokeScreen","TheCursedMod:RapidMovement","TheCursedMod:SurpriseAttack","Impatience"],"campfire_rested":3,"item_purchase_floors":[19,19,19,19,42,42,42,42,45,53],"current_hp_per_floor":[80,80,80,80,80,80,78,78,78,72,29,29,24,23,47,52,87,90,90,82,74,74,55,84,87,87,78,93,93,93,108,108,118,126,118,118,108,108,108,108,121,121,113,112,112,119,122,104,122,124,125,125,125,124,120],"gold":36,"neow_bonus":"TEN_PERCENT_HP_BONUS","is_daily":false,"chose_seed":false,"campfire_upgraded":4,"win_rate":0.0,"timestamp":1611538166,"path_taken":["M","M","?","M","M","R","E","R","T","M","E","M","M","M","R","BOSS","M","$","M","M","?","E","R","E","T","E","M","?","?","M","R","BOSS","M","?","?","?","M","R","E","$","T","E","?","?","?","M","R","BOSS","R","$","E","BOSS"],"items_purchased_type":["Card","Card","Card","Card","Relic","Card","Card","Card","Card","Card"],"build_version":"2020-12-22","purchased_purges":0,"victory":true,"max_hp_per_floor":[82,82,82,82,82,82,82,82,82,82,82,82,82,82,82,87,87,90,90,92,95,95,98,98,101,101,109,112,112,112,115,115,118,126,118,118,118,118,118,118,121,121,113,116,116,119,122,122,122,125,125,125,125,125,128],"card_choices":[{"not_picked":["TheCursedMod:EmpowerCircles","TheCursedMod:SmokeScreen"],"picked":"TheCursedMod:Stigma","floor":1},{"not_picked":["TheCursedMod:CircleOfCorruption","TheCursedMod:BloodBarrier"],"picked":"TheCursedMod:CursedBlade","floor":2},{"not_picked":["TheCursedMod:SpitefulStrike","TheCursedMod:CircleOfCorruption"],"picked":"TheCursedMod:ReleasedStrength","floor":4},{"not_picked":["TheCursedMod:TacticalStrike","TheCursedMod:BlessingInDisguise"],"picked":"TheCursedMod:HellsGateOpen","floor":5},{"not_picked":["TheCursedMod:CircleOfCorruption","TheCursedMod:SmokeScreen"],"picked":"TheCursedMod:CollectTribute","floor":7},{"not_picked":["TheCursedMod:Torture","TheCursedMod:PrepareRite"],"picked":"TheCursedMod:SmokeScreen","floor":10},{"not_picked":["TheCursedMod:Wield","TheCursedMod:Evocation"],"picked":"TheCursedMod:SpitefulStrike","floor":11},{"not_picked":["TheCursedMod:Torture","TheCursedMod:ParallelWorld"],"picked":"TheCursedMod:CursedBlade","floor":12},{"not_picked":["TheCursedMod:RapidMovement","TheCursedMod:SpitefulStrike"],"picked":"TheCursedMod:WearCloak","floor":13},{"not_picked":["TheCursedMod:AshesToAshes","TheCursedMod:Obscuration"],"picked":"TheCursedMod:SpitefulPlan","floor":14},{"not_picked":["TheCursedMod:CollectTribute","TheCursedMod:CursedRelics"],"picked":"TheCursedMod:AntiAging","floor":16},{"not_picked":["TheCursedMod:StingEye","TheCursedMod:SmokeScreen"],"picked":"TheCursedMod:CursedStaff","floor":18},{"not_picked":["TheCursedMod:HellfireBreathing","TheCursedMod:Stretching"],"picked":"TheCursedMod:SpreadPlague+1","floor":20},{"not_picked":["TheCursedMod:Wield","TheCursedMod:RavingStaff"],"picked":"TheCursedMod:CursedSpellbook","floor":21},{"not_picked":["TheCursedMod:PrepareRite","TheCursedMod:SmokeScreen+1"],"picked":"TheCursedMod:TroublousMinions","floor":23},{"not_picked":["TheCursedMod:HellsGateOpen","TheCursedMod:Torture"],"picked":"TheCursedMod:CircleOfBlood","floor":25},{"not_picked":["TheCursedMod:CircleOfAmplification","TheCursedMod:Obscuration+1"],"picked":"TheCursedMod:SpitefulPray","floor":27},{"not_picked":["TheCursedMod:WearCloak","TheCursedMod:SaltUponWound"],"picked":"TheCursedMod:CursedAmulet","floor":28},{"not_picked":["TheCursedMod:VitalStrike","TheCursedMod:CursedAmulet"],"picked":"TheCursedMod:SurpriseAttack","floor":31},{"not_picked":["TheCursedMod:CursedRelics","TheCursedMod:DemonicPact"],"picked":"TheCursedMod:VoidForm","floor":33},{"not_picked":["TheCursedMod:CursedStaff+1","TheCursedMod:CursedArmor+1"],"picked":"hubris:SpiceAddiction","floor":35},{"not_picked":["HandOfGreed","Mind Blast"],"picked":"Enlightenment","floor":37},{"not_picked":["Madness","Transmutation"],"picked":"Jack Of All Trades","floor":37},{"not_picked":["PanicButton","HandOfGreed"],"picked":"hubris:Insight","floor":37},{"not_picked":["TheCursedMod:CursedAmulet","TheCursedMod:RavingStaff+1"],"picked":"TheCursedMod:Stretching","floor":39},{"not_picked":["TheCursedMod:CursedBlade","TheCursedMod:HellsGateOpen+1"],"picked":"TheCursedMod:CursedMace+1","floor":41},{"not_picked":["TheCursedMod:OutForBlood","hubris:SpiceAddiction"],"picked":"TheCursedMod:Obscuration","floor":44},{"not_picked":["TheCursedMod:CircleOfFlame","TheCursedMod:Evocation"],"picked":"TheCursedMod:StingEye","floor":46},{"not_picked":["TheCursedMod:RapidMovement+1","TheCursedMod:ParallelWorld"],"picked":"TheCursedMod:Evocation+1","floor":47},{"not_picked":["TheCursedMod:SmokeScreen","TheCursedMod:VitalStrike+1"],"picked":"TheCursedMod:Mangle+1","floor":48},{"not_picked":["TheCursedMod:CursedArmor+1","TheCursedMod:AbyssShockwave"],"picked":"TheCursedMod:Mangle","floor":54}],"player_experience":386551,"relics_obtained":[{"floor":7,"key":"Bag of Preparation"},{"floor":11,"key":"Oddly Smooth Stone"},{"floor":23,"key":"Bag of Marbles"},{"floor":25,"key":"Bottled Lightning"},{"floor":26,"key":"Happy Flower"},{"floor":27,"key":"hubris:Spice"},{"floor":41,"key":"Nunchaku"},{"floor":43,"key":"hubris:Spice"},{"floor":44,"key":"Meat on the Bone"},{"floor":47,"key":"hubris:GlazedTorus"},{"floor":54,"key":"Du-Vu Doll"}],"event_choices":[{"damage_healed":0,"gold_gain":0,"player_choice":"Inject Mutagens","damage_taken":0,"relics_obtained":["MutagenicStrength"],"max_hp_gain":0,"max_hp_loss":0,"event_name":"Drug Dealer","floor":22,"gold_loss":0},{"damage_healed":0,"gold_gain":0,"player_choice":"Ignored","damage_taken":0,"max_hp_gain":0,"max_hp_loss":0,"event_name":"Beggar","floor":29,"gold_loss":0},{"damage_healed":0,"gold_gain":99,"player_choice":"Stole From Cult","damage_taken":0,"max_hp_gain":0,"max_hp_loss":0,"event_name":"Nest","floor":30,"gold_loss":0},{"damage_healed":0,"gold_gain":0,"player_choice":"Ignored","damage_taken":0,"max_hp_gain":0,"max_hp_loss":0,"event_name":"Tomb of Lord Red Mask","floor":36,"gold_loss":0},{"damage_healed":0,"gold_gain":0,"player_choice":"Memory 3","damage_taken":10,"max_hp_gain":0,"max_hp_loss":0,"event_name":"SensoryStone","floor":37,"gold_loss":0},{"cards_removed":["TheCursedMod:Defend_TheCursed"],"damage_healed":0,"gold_gain":0,"player_choice":"Removed Skill","damage_taken":0,"max_hp_gain":0,"max_hp_loss":0,"event_name":"Falling","floor":38,"gold_loss":0},{"damage_healed":0,"gold_gain":0,"player_choice":"Fight","damage_taken":0,"max_hp_gain":0,"max_hp_loss":0,"event_name":"Mysterious Sphere","floor":47,"gold_loss":0}],"is_beta":false,"boss_relics":[{"not_picked":["Sozu","TheCursedMod:OminousMark"],"picked":"Cursed Key"},{"not_picked":["Velvet Choker","hubris:Spice"],"picked":"hubris:Spice"}],"items_purged_floors":[],"is_endless":false,"potions_floor_spawned":[4,5,7,12,13,16,20,23,25,28,31,41,47,48,54],"ascension_level":2}}