{"host":"8is2j71l4wmybkoi","time":1611575883,"event":{"mods":["AchievementEnabler","BaseMod","Colored Map","Minty Spire (QoL Compilation)","Rare Cards Sparkle","StSLib","SuperFastMode"],"gold_per_floor":[111,261,336,9,20,20,37,63,148,160,186,225,237,20,20,115,115,131,106,31,31,9,9,9],"floor_reached":23,"language":"KOR","playtime":656,"items_purged":["Doubt","Strike_B"],"score":374,"play_id":"bf7c56b7-b97d-49a9-8f79-851cf4bdaaa9","local_time":"20210125205803","is_ascension_mode":true,"campfire_choices":[{"data":"Chaos","floor":6.0,"key":"SMITH"},{"floor":10.0,"key":"REST"},{"data":"Buffer","floor":15,"key":"SMITH"}],"circlet_count":0,"master_deck":["AscendersBane","Strike_B","Strike_B","Defend_B","Defend_B","Defend_B","Defend_B","Zap","Dualcast","Cold Snap","Ball Lightning","Chaos+1","Buffer+1","Rebound","Double Energy","Capacitor","Leap","Fission","Recycle","Glacier","Skim"],"relics":["Cracked Core","Dream Catcher","Bronze Scales","MawBank","HornCleat","StrikeDummy","Golden Idol","Membership Card","Black Star","Nilry\u0027s Codex"],"acts_visited":["Exordium","TheCity"],"potions_floor_usage":[12,16,23],"damage_taken":[{"damage":6.0,"enemies":"Small Slimes","floor":1.0,"turns":4.0},{"damage":0.0,"enemies":"Jaw Worm","floor":5.0,"turns":1.0},{"damage":0.0,"enemies":"Cultist","floor":7.0,"turns":3.0},{"damage":15.0,"enemies":"3 Sentries","floor":8.0,"turns":5.0},{"damage":12.0,"enemies":"3 Louse","floor":11.0,"turns":2.0},{"damage":6,"enemies":"Lagavulin","floor":12,"turns":5},{"damage":10,"enemies":"Slime Boss","floor":16,"turns":10},{"damage":0,"enemies":"Spheric Guardian","floor":18,"turns":4},{"damage":0,"enemies":"2 Thieves","floor":19,"turns":4},{"damage":48,"enemies":"Gremlin Leader","floor":23,"turns":6}],"seed_played":"-2598968292683121093","potions_obtained":[{"floor":1.0,"key":"PowerPotion"},{"floor":5.0,"key":"FocusPotion"},{"floor":8.0,"key":"Energy Potion"},{"floor":18,"key":"FocusPotion"},{"floor":19,"key":"FearPotion"}],"is_trial":false,"path_per_floor":["M","?","?","$","M","R","M","E","T","R","M","E","?","$","R","B",null,"M","M","?","?","$","E"],"character_chosen":"DEFECT","items_purchased":["Ball Lightning","Bronze Scales","Fire Potion","Membership Card","Leap","Skim"],"campfire_rested":1,"item_purchase_floors":[4,4,4,14,14,22],"current_hp_per_floor":[58,58,47,47,47,47,47,32,32,53,41,35,35,35,35,25,54,54,54,54,33,33,0,0],"gold":9,"neow_bonus":"RANDOM_COMMON_RELIC","is_daily":false,"chose_seed":false,"campfire_upgraded":2,"win_rate":0.0,"timestamp":1611575883,"path_taken":["M","?","?","$","M","R","?","E","T","R","M","E","?","?","R","BOSS","M","M","?","?","$","E"],"items_purchased_type":["Card","Relic","Potion","Relic","Card","Card"],"build_version":"2020-12-22","purchased_purges":2,"victory":false,"max_hp_per_floor":[71,71,71,71,71,71,71,71,71,71,71,71,64,64,64,64,64,64,64,64,64,64,64,64],"card_choices":[{"not_picked":["BootSequence","Conserve Battery"],"picked":"Cold Snap","floor":1.0},{"not_picked":["Chill","Beam Cell"],"picked":"Chaos","floor":5.0},{"not_picked":["Reprogram","Undo"],"picked":"Buffer","floor":7.0},{"not_picked":["Consume","White Noise"],"picked":"Rebound","floor":8.0},{"not_picked":["Rebound","Streamline"],"picked":"Double Energy","floor":10.0},{"not_picked":["Reinforced Body","Ball Lightning"],"picked":"Capacitor","floor":11.0},{"not_picked":["Go for the Eyes","Leap","Ball Lightning"],"picked":"SKIP","floor":12},{"not_picked":["Hyperbeam","Buffer"],"picked":"Fission","floor":16},{"not_picked":["Heatsinks","Barrage"],"picked":"Recycle","floor":18},{"not_picked":["Go for the Eyes","Chaos"],"picked":"Glacier","floor":19}],"player_experience":789680,"relics_obtained":[{"floor":8.0,"key":"MawBank"},{"floor":9.0,"key":"HornCleat"},{"floor":12,"key":"StrikeDummy"},{"floor":21,"key":"Nilry\u0027s Codex"}],"event_choices":[{"damage_healed":0.0,"max_hp_gain":0.0,"max_hp_loss":0.0,"gold_gain":150.0,"event_name":"Liars Game","player_choice":"AGREE","floor":2.0,"gold_loss":0.0,"damage_taken":0.0,"cards_obtained":["Doubt"]},{"damage_healed":0.0,"max_hp_gain":0.0,"max_hp_loss":0.0,"gold_gain":75.0,"event_name":"World of Goop","player_choice":"Gather Gold","floor":3.0,"gold_loss":0.0,"damage_taken":11.0},{"damage_healed":0,"gold_gain":0,"player_choice":"Lose Max HP","damage_taken":0,"relics_obtained":["Golden Idol"],"max_hp_gain":0,"max_hp_loss":7,"event_name":"Golden Idol","floor":13,"gold_loss":0},{"cards_removed":["Strike_B"],"damage_healed":0,"gold_gain":0,"player_choice":"Gave Gold","damage_taken":0,"max_hp_gain":0,"max_hp_loss":0,"event_name":"Beggar","floor":20,"gold_loss":75},{"damage_healed":0,"gold_gain":0,"player_choice":"Obtained Book","damage_taken":21,"max_hp_gain":0,"max_hp_loss":0,"event_name":"Cursed Tome","floor":21,"gold_loss":0}],"is_beta":false,"boss_relics":[{"not_picked":["SacredBark","Cursed Key"],"picked":"Black Star"}],"items_purged_floors":[4,14],"is_endless":false,"potions_floor_spawned":[1,5,8,18,19],"killed_by":"Gremlin Leader","ascension_level":18}}