{"host":"2q4w55ev63ot6isg","time":1611597027,"event":{"mods":["Aspiration","BaseMod","Downfall","Hubris","Marisa????????","Minty Spire (QoL Compilation)","Replay The Spire","StSLib","The Cursed","The Jungle","The Servant 0.9.4"],"gold_per_floor":[109,109,126,137,62,77,96,96,96,96,121,133,147,147,147,248,248,262,362,375,375,375],"floor_reached":21,"language":"ENG","playtime":726,"items_purged":["Strike_P"],"score":245,"play_id":"a1c48820-135a-4151-9736-22368bf62f67","local_time":"20210125095027","is_ascension_mode":true,"campfire_choices":[{"floor":10,"key":"REST"},{"floor":15,"key":"REST"}],"circlet_count":0,"master_deck":["Strike_P","Strike_P","Defend_P","Defend_P","Defend_P","Defend_P","Eruption","Vigilance","Bouncing Flask","Replay:BluntJabs","Deadly Poison","DeceiveReality","Bouncing Flask","Collect","DeusExMachina","Blasphemy","Prostrate"],"relics":["PureWater","aspiration:Nostalgia","m_HexaRing","hubris:MysteriousPyramids","Question Card","hubris:Towel","Replay:Fungal Core"],"acts_visited":["Exordium","TheCity"],"potions_floor_usage":[11,11,16,16,18],"damage_taken":[{"damage":0,"enemies":"Jaw Worm","floor":1,"turns":3},{"damage":7,"enemies":"Cultist","floor":3,"turns":3},{"damage":4,"enemies":"Small Slimes","floor":4,"turns":3},{"damage":34,"enemies":"Gremlin Gang","floor":6,"turns":5},{"damage":3,"enemies":"Large Slime","floor":7,"turns":6},{"damage":4,"enemies":"3 Sentries","floor":11,"turns":10},{"damage":2,"enemies":"3 Louse","floor":12,"turns":4},{"damage":5,"enemies":"Looter","floor":13,"turns":3},{"damage":0,"enemies":"The Guardian","floor":16,"turns":7},{"damage":25,"enemies":"3 Byrds","floor":18,"turns":7},{"damage":27,"enemies":"Shell Parasite","floor":20,"turns":5},{"damage":22,"enemies":"Snake Plant","floor":21,"turns":2}],"seed_played":"-2342174954156990291","potions_obtained":[{"floor":1,"key":"BottledMiracle"},{"floor":3,"key":"champ:CounterPotion"},{"floor":4,"key":"SkillPotion"},{"floor":11,"key":"ColorlessPotion"},{"floor":13,"key":"Dexterity Potion"},{"floor":18,"key":"SpeedPotion"}],"is_trial":false,"path_per_floor":["M","?","M","M","$","M","M","$","T","R","E","M","M","?","R","B",null,"M","?","M","M"],"character_chosen":"WATCHER","items_purchased":[],"campfire_rested":2,"item_purchase_floors":[],"current_hp_per_floor":[72,72,65,61,61,27,24,24,24,45,41,39,34,34,55,55,72,47,47,20,0,0],"gold":375,"neow_bonus":"NOSTALGIA","is_daily":false,"chose_seed":false,"campfire_upgraded":0,"win_rate":0.0,"timestamp":1611597027,"path_taken":["M","?","M","M","$","M","?","?","T","R","E","M","M","?","R","BOSS","M","?","?","M"],"items_purchased_type":[],"build_version":"2020-12-22","purchased_purges":1,"victory":false,"max_hp_per_floor":[72,72,72,72,72,72,72,72,72,72,72,72,72,72,72,72,72,72,72,72,72,72],"card_choices":[{"not_picked":["Meditate","BowlingBash"],"picked":"Bouncing Flask","floor":1},{"not_picked":["CutThroughFate","PathToVictory"],"picked":"Replay:BluntJabs","floor":3},{"not_picked":["Crescendo","Replay:Vibes"],"picked":"Deadly Poison","floor":4},{"not_picked":["Crescendo","Indignation","FlurryOfBlows"],"picked":"SKIP","floor":6},{"not_picked":["FearNoEvil","Vengeance","Collect"],"picked":"SKIP","floor":7},{"not_picked":["Replay:AtTheReady","SashWhip"],"picked":"DeceiveReality","floor":11},{"not_picked":["hexamod:ThermalTransfer","CutThroughFate","Conclude"],"picked":"Bouncing Flask","floor":12},{"not_picked":["hexamod:BurningTouch","Adaptation","Crescendo"],"picked":"Collect","floor":13},{"not_picked":["Envenom","hexamod:Toasty","Burst"],"picked":"DeusExMachina","floor":16},{"not_picked":["Replay:ManipulateFuture+1","FollowUp","Study"],"picked":"Blasphemy","floor":18},{"not_picked":["Collect","DeceiveReality","Protect"],"picked":"Prostrate","floor":20}],"player_experience":167600,"relics_obtained":[{"floor":9,"key":"hubris:MysteriousPyramids"},{"floor":11,"key":"Question Card"}],"event_choices":[{"cards_removed":["Strike_P"],"damage_healed":0,"gold_gain":0,"player_choice":"Offered Basic","damage_taken":0,"max_hp_gain":0,"max_hp_loss":0,"event_name":"Bonfire Elementals","floor":2,"gold_loss":0},{"damage_healed":0,"gold_gain":100,"player_choice":"Pray","damage_taken":0,"max_hp_gain":0,"max_hp_loss":0,"event_name":"Golden Shrine","floor":19,"gold_loss":0}],"is_beta":false,"boss_relics":[{"not_picked":["Tiny House","Cursed Key"],"picked":"Replay:Fungal Core"}],"items_purged_floors":[5],"is_endless":false,"potions_floor_spawned":[1,3,4,11,13,18],"killed_by":"Snake Plant","ascension_level":1}}