{"host":"c3lc60y5x60jlt1y","time":1611603174,"event":{"mods":["AchievementEnabler","BaseMod","Bestiary","Colored Map","Minty Spire (QoL Compilation)","Quick Restart","StSLib","ojb\u0027s Info Mod"],"gold_per_floor":[119,119,44,119,119,119,138,138,163,199,199,222,24,45,45,138,138,152,195,211,35,35,35,76,76,76,114,114,129,129,129,129],"floor_reached":31,"language":"ENG","playtime":7628,"items_purged":["Strike_B"],"score":638,"play_id":"8fb4860d-05e4-4360-b4cc-af5ea6a88ebd","local_time":"20210125213254","is_ascension_mode":true,"campfire_choices":[{"data":"Hologram","floor":6.0,"key":"SMITH"},{"data":"Zap","floor":8.0,"key":"SMITH"},{"data":"Hyperbeam","floor":11.0,"key":"SMITH"},{"data":"Beam Cell","floor":15.0,"key":"SMITH"},{"data":"Echo Form","floor":23.0,"key":"SMITH"},{"floor":28.0,"key":"REST"}],"circlet_count":0,"master_deck":["AscendersBane","Strike_B","Strike_B","Defend_B","Defend_B","Defend_B+1","Zap+1","Dualcast+1","Hologram+1","Streamline","Hyperbeam+1","Undo","Sunder","Beam Cell+1","Echo Form+1","Leap","Reinforced Body","Hyperbeam","RitualDagger","Beam Cell","Skim"],"relics":["Cracked Core","NeowsBlessing","Golden Idol","Toy Ornithopter","Torii","Inserter","Red Mask","Pen Nib","Incense Burner","War Paint","Pantograph"],"acts_visited":["Exordium","TheCity"],"potions_floor_usage":[],"damage_taken":[{"damage":0.0,"enemies":"Small Slimes","floor":1.0,"turns":1.0},{"damage":0.0,"enemies":"Jaw Worm","floor":7.0,"turns":1.0},{"damage":0.0,"enemies":"Gremlin Nob","floor":10.0,"turns":1.0},{"damage":0.0,"enemies":"2 Louse","floor":12.0,"turns":1.0},{"damage":1.0,"enemies":"Blue Slaver","floor":14.0,"turns":3.0},{"damage":36.0,"enemies":"Hexaghost","floor":16.0,"turns":8.0},{"damage":6.0,"enemies":"3 Byrds","floor":18.0,"turns":2.0},{"damage":0.0,"enemies":"Masked Bandits","floor":19.0,"turns":2.0},{"damage":12.0,"enemies":"Spheric Guardian","floor":20.0,"turns":6.0},{"damage":46.0,"enemies":"Book of Stabbing","floor":24.0,"turns":6.0},{"damage":0.0,"enemies":"Gremlin Leader","floor":27.0,"turns":4.0},{"damage":16.0,"enemies":"Shelled Parasite and Fungi","floor":29.0,"turns":3.0},{"damage":13,"enemies":"Chosen and Byrds","floor":31,"turns":3}],"seed_played":"7610358563547146409","potions_obtained":[{"floor":10.0,"key":"Dexterity Potion"},{"floor":12.0,"key":"AttackPotion"},{"floor":19.0,"key":"Regen Potion"},{"floor":24.0,"key":"DistilledChaos"},{"floor":27.0,"key":"FearPotion"}],"is_trial":false,"path_per_floor":["M","?","?","?","?","R","M","R","T","E","R","M","$","M","R","B",null,"M","?","M","$","?","R","E","?","T","E","R","M","?","M"],"character_chosen":"DEFECT","items_purchased":["Undo","Sunder","Hyperbeam"],"campfire_rested":1,"item_purchase_floors":[13,13,21],"current_hp_per_floor":[64,64,64,53,46,46,46,46,46,46,46,46,46,45,45,14,52,46,46,34,34,34,34,13,7,7,12,31,15,15,2,2],"gold":129,"neow_bonus":"THREE_ENEMY_KILL","is_daily":false,"chose_seed":false,"campfire_upgraded":5,"win_rate":0.0,"timestamp":1611603174,"path_taken":["M","?","?","?","?","R","M","R","T","E","R","M","$","?","R","BOSS","M","?","M","$","?","R","E","?","T","E","R","?","?","M"],"items_purchased_type":["Card","Card","Card"],"build_version":"2020-12-22","purchased_purges":1,"victory":false,"max_hp_per_floor":[71,64,64,64,64,64,64,64,64,64,64,64,64,64,64,64,64,64,64,64,64,64,64,64,64,64,64,64,64,64,64,64],"card_choices":[{"not_picked":["Gash","Reinforced Body"],"picked":"Hologram","floor":1.0},{"not_picked":["Go for the Eyes","Rebound"],"picked":"Streamline","floor":7.0},{"not_picked":["Leap","Cold Snap"],"picked":"Hyperbeam","floor":10.0},{"not_picked":["Streamline","Barrage","Stack"],"picked":"SKIP","floor":12.0},{"not_picked":["Rebound","Hologram"],"picked":"Beam Cell","floor":14.0},{"not_picked":["Fission","Electrodynamics"],"picked":"Echo Form","floor":16.0},{"not_picked":["Reprogram","Hologram","Compile Driver"],"picked":"SKIP","floor":18.0},{"not_picked":["Streamline","Rebound"],"picked":"Leap","floor":19.0},{"not_picked":["Sweeping Beam","Stack"],"picked":"Reinforced Body","floor":20.0},{"not_picked":["Rainbow","Streamline","Rebound"],"picked":"SKIP","floor":24.0},{"not_picked":["Cold Snap","Barrage"],"picked":"Beam Cell","floor":27.0},{"not_picked":["Streamline","Rebound"],"picked":"Skim","floor":29.0}],"player_experience":8552490,"relics_obtained":[{"floor":9.0,"key":"Toy Ornithopter"},{"floor":10.0,"key":"Torii"},{"floor":19.0,"key":"Red Mask"},{"floor":24.0,"key":"Pen Nib"},{"floor":26.0,"key":"Incense Burner"},{"floor":27.0,"key":"War Paint"}],"event_choices":[{"damage_healed":0.0,"max_hp_gain":0.0,"max_hp_loss":7.0,"gold_gain":0.0,"event_name":"Golden Idol","player_choice":"Lose Max HP","floor":2.0,"gold_loss":0.0,"damage_taken":0.0,"relics_obtained":["Golden Idol"]},{"cards_removed":["Strike_B"],"damage_healed":0.0,"max_hp_gain":0.0,"max_hp_loss":0.0,"gold_gain":0.0,"event_name":"The Cleric","player_choice":"Card Removal","floor":3.0,"gold_loss":75.0,"damage_taken":0.0},{"damage_healed":0.0,"max_hp_gain":0.0,"max_hp_loss":0.0,"gold_gain":75.0,"event_name":"World of Goop","player_choice":"Gather Gold","floor":4.0,"gold_loss":0.0,"damage_taken":11.0},{"cards_removed":["Defend_B"],"damage_healed":0.0,"max_hp_gain":0.0,"max_hp_loss":0.0,"gold_gain":0.0,"event_name":"Golden Wing","player_choice":"Card Removal","floor":5.0,"gold_loss":0.0,"damage_taken":7.0},{"damage_healed":0.0,"max_hp_gain":0.0,"max_hp_loss":0.0,"gold_gain":0.0,"event_name":"Masked Bandits","player_choice":"Fought Bandits","floor":19.0,"gold_loss":0.0,"damage_taken":0.0},{"damage_healed":0.0,"max_hp_gain":0.0,"max_hp_loss":0.0,"gold_gain":0.0,"event_name":"Nest","player_choice":"Joined the Cult","floor":25.0,"gold_loss":0.0,"damage_taken":6.0,"cards_obtained":["RitualDagger"]},{"damage_healed":0.0,"max_hp_gain":0.0,"max_hp_loss":0.0,"gold_gain":0.0,"event_name":"WeMeetAgain","player_choice":"Gave Potion","floor":30.0,"gold_loss":0.0,"damage_taken":0.0,"relics_obtained":["Pantograph"]}],"is_beta":false,"boss_relics":[{"not_picked":["Velvet Choker","Ectoplasm"],"picked":"Inserter"}],"items_purged_floors":[13],"is_endless":false,"potions_floor_spawned":[10,12,19,24,27],"killed_by":"Chosen and Byrds","ascension_level":20}}