{"host":"bhbf7zxbh2qxgvbr","time":1611581466,"event":{"mods":["BaseMod","Chen","Friendly Minions","Marisa£®ÏF”Í°°ƒß¿Ì…≥£©","Minty Spire (QoL Compilation)","Quick Restart","Reimu£®≤©¿ˆ¡È√Œ£©","Remilia£®¿Ÿ√◊¿Ú—«£©","StSLib","The Administrix","The Servant 0.9.4","Youmu£®ªÍ∆«—˝√Œ£©"],"gold_per_floor":[132,57,112,112,169,169,219,219,246,246,306,357,391,444,444,444,444],"floor_reached":16,"language":"ZHS","playtime":535,"items_purged":["Strike_MRS"],"score":155,"play_id":"1fce63e3-54dd-432f-879f-790db4853314","local_time":"20210125213106","is_ascension_mode":true,"campfire_choices":[{"data":"AsteroidBelt","floor":6.0,"key":"SMITH"},{"floor":10.0,"key":"REST"},{"data":"GalacticHalo","floor":15.0,"key":"SMITH"}],"circlet_count":0,"master_deck":["Strike_MRS","Strike_MRS","Strike_MRS","Defend_MRS","Defend_MRS","Defend_MRS","Defend_MRS","MasterSpark","UpSweep","HandOfGreed","RefractionSpark","AsteroidBelt+1","MilkyWay","GalacticHalo+1","AbsoluteMagnitude"],"relics":["MiniHakkero","Happy Flower","CaptainsWheel"],"acts_visited":["Exordium"],"potions_floor_usage":[],"damage_taken":[{"damage":12.0,"enemies":"Jaw Worm","floor":1.0,"turns":2.0},{"damage":1.0,"enemies":"2 Louse","floor":3.0,"turns":4.0},{"damage":0.0,"enemies":"Small Slimes","floor":5.0,"turns":7.0},{"damage":12.0,"enemies":"3 Louse","floor":7.0,"turns":5.0},{"damage":0.0,"enemies":"2 Fungi Beasts","floor":11.0,"turns":4.0},{"damage":7.0,"enemies":"Exordium Wildlife","floor":12.0,"turns":4.0},{"damage":16.0,"enemies":"Large Slime","floor":13.0,"turns":7.0},{"damage":12.0,"enemies":"Lagavulin","floor":14.0,"turns":9.0},{"damage":24,"enemies":"The Guardian","floor":16,"turns":8}],"seed_played":"3005512980489275087","potions_obtained":[{"floor":3.0,"key":"SteroidPotion"},{"floor":11.0,"key":"Strength Potion"},{"floor":12.0,"key":"Explosive Potion"}],"is_trial":false,"path_per_floor":["M","$","M","?","M","R","M","?","T","R","M","M","M","E","R","B"],"character_chosen":"MARISA","items_purchased":[],"campfire_rested":1,"item_purchase_floors":[],"current_hp_per_floor":[42,42,41,38,38,38,26,31,31,55,55,48,32,20,20,0,0],"gold":444,"neow_bonus":"RANDOM_COLORLESS_2","is_daily":false,"chose_seed":false,"campfire_upgraded":2,"win_rate":0.0,"timestamp":1611581466,"path_taken":["M","$","M","?","M","R","M","?","T","R","?","M","M","E","R","BOSS"],"items_purchased_type":[],"build_version":"2020-12-22","purchased_purges":1,"victory":false,"max_hp_per_floor":[75,75,75,75,75,75,75,80,80,80,80,80,80,80,80,80,80],"card_choices":[{"not_picked":["Secret Technique","Sadistic Nature"],"picked":"HandOfGreed","floor":0.0},{"not_picked":["Orbital","StarlightTyphoon","Acceleration"],"picked":"SKIP","floor":1.0},{"not_picked":["NonDirectionalLaser","AsteroidBelt"],"picked":"RefractionSpark","floor":3.0},{"not_picked":["WitchLeyline","MilkyWay"],"picked":"AsteroidBelt","floor":5.0},{"not_picked":["WitchOfGreed","GravityBeat","Orbital"],"picked":"SKIP","floor":7.0},{"not_picked":["EventHorizon","SuperPerseids","PowerUp"],"picked":"SKIP","floor":11.0},{"not_picked":["DeepEcoloBomb","AsteroidBelt"],"picked":"MilkyWay","floor":12.0},{"not_picked":["MysteriousBeam","AbsoluteMagnitude"],"picked":"GalacticHalo","floor":13.0},{"not_picked":["DC","IllusionStar"],"picked":"AbsoluteMagnitude","floor":14.0}],"player_experience":373609,"relics_obtained":[{"floor":14.0,"key":"CaptainsWheel"}],"event_choices":[{"damage_healed":0.0,"max_hp_gain":0.0,"max_hp_loss":0.0,"gold_gain":0.0,"event_name":"Scrap Ooze","player_choice":"Success","floor":4.0,"gold_loss":0.0,"damage_taken":3.0,"relics_obtained":["Happy Flower"]},{"damage_healed":0.0,"max_hp_gain":5.0,"max_hp_loss":0.0,"gold_gain":0.0,"event_name":"Big Fish","player_choice":"Donut","floor":8.0,"gold_loss":0.0,"damage_taken":0.0}],"is_beta":false,"boss_relics":[],"items_purged_floors":[2],"is_endless":false,"potions_floor_spawned":[3,11,12],"killed_by":"The Guardian","ascension_level":4}}