{"host":"l84l8xigz5v5foa2","time":1611600618,"event":{"mods":["2.2 Compatiblity","AchievementEnabler","BaseMod","Better Note","Better Vampires","Card Filter","Colored Map","DeckTracker","Gremlin Skip","Highlight Path","Keyboard Shortcuts","Minty Spire (QoL Compilation)","Permanent Neow","Quick Restart","Relic Filter","Relic Stats","Shop Mod","StSLib","SuperFastMode","Transform Curses","Unknown Chances"],"gold_per_floor":[115,115,134,59,59,59,74,74,152,185,201,214,234,260,260,350,350,369,388,303,303,316,316,332,332,409,409,42,67,85,128,128,227,227,243,261,261,287,351,394,394,413,439,439,469,487,122,131,131,131,131,131,131,183,183],"floor_reached":56,"language":"KOR","playtime":3442,"items_purged":["Strike_G","Strike_G","A Thousand Cuts"],"score":1976,"play_id":"9eb2c8a4-40a5-4ee0-a403-5d69516f2866","local_time":"20210126035018","is_ascension_mode":true,"campfire_choices":[{"data":"Calculated Gamble","floor":6.0,"key":"SMITH"},{"data":"Deadly Poison","floor":8.0,"key":"SMITH"},{"data":"Reflex","floor":15.0,"key":"SMITH"},{"data":"Leg Sweep","floor":23.0,"key":"SMITH"},{"data":"Concentrate","floor":25.0,"key":"SMITH"},{"data":"Catalyst","floor":27.0,"key":"SMITH"},{"data":"Well Laid Plans","floor":32.0,"key":"SMITH"},{"data":"Thinking Ahead","floor":41.0,"key":"SMITH"},{"data":"Night Terror","floor":44.0,"key":"SMITH"},{"floor":49.0,"key":"RECALL"},{"data":"Deep Breath","floor":52.0,"key":"SMITH"}],"circlet_count":0,"master_deck":["AscendersBane","Survivor","Neutralize+1","Reflex+1","Calculated Gamble+1","Deadly Poison+1","Dagger Throw","Venomology+1","Underhanded Strike","Catalyst+1","Corpse Explosion","Leg Sweep+1","Reflex+1","PiercingWail","Heel Hook","Predator","Concentrate+1","Well Laid Plans+1","Thinking Ahead+1","Deflect+1","After Image","Grand Finale","Dagger Throw","Eviscerate","Night Terror+1","Acrobatics+1","Tactician+1","Leg Sweep+1","Escape Plan","Madness","Deep Breath+1","Concentrate+1"],"relics":["Ring of the Snake","Pen Nib","Golden Idol","Bottled Lightning","Mercury Hourglass","Odd Mushroom","Coffee Dripper","War Paint","Matryoshka","Orichalcum","Pandora\u0027s Box","InkBottle","Tough Bandages","Juzu Bracelet","Art of War","CeramicFish","Pantograph","Anchor"],"acts_visited":["Exordium","TheCity","TheBeyond","TheEnding"],"potions_floor_usage":[54,54,54,54,54,55],"damage_taken":[{"damage":0.0,"enemies":"Small Slimes","floor":1.0,"turns":4.0},{"damage":0.0,"enemies":"Cultist","floor":3.0,"turns":5.0},{"damage":0.0,"enemies":"2 Louse","floor":7.0,"turns":2.0},{"damage":18.0,"enemies":"Lagavulin","floor":10.0,"turns":6.0},{"damage":0.0,"enemies":"Large Slime","floor":11.0,"turns":4.0},{"damage":0.0,"enemies":"Blue Slaver","floor":12.0,"turns":3.0},{"damage":1.0,"enemies":"Exordium Wildlife","floor":13.0,"turns":3.0},{"damage":0.0,"enemies":"The Mushroom Lair","floor":14.0,"turns":3.0},{"damage":5.0,"enemies":"The Guardian","floor":16.0,"turns":8.0},{"damage":10.0,"enemies":"Shell Parasite","floor":18.0,"turns":4.0},{"damage":0.0,"enemies":"3 Byrds","floor":19.0,"turns":2.0},{"damage":4.0,"enemies":"Snecko","floor":22.0,"turns":3.0},{"damage":3.0,"enemies":"Centurion and Healer","floor":24.0,"turns":6.0},{"damage":0.0,"enemies":"Cultist and Chosen","floor":29.0,"turns":4.0},{"damage":0.0,"enemies":"3 Cultists","floor":30.0,"turns":2.0},{"damage":6.0,"enemies":"Book of Stabbing","floor":31.0,"turns":5.0},{"damage":13.0,"enemies":"Champ","floor":33.0,"turns":9.0},{"damage":9.0,"enemies":"3 Darklings","floor":35.0,"turns":5.0},{"damage":0.0,"enemies":"3 Shapes","floor":36.0,"turns":2.0},{"damage":14.0,"enemies":"2 Orb Walkers","floor":39.0,"turns":3.0},{"damage":3.0,"enemies":"Reptomancer","floor":40.0,"turns":4.0},{"damage":0.0,"enemies":"Maw","floor":42.0,"turns":4.0},{"damage":0.0,"enemies":"Writhing Mass","floor":45.0,"turns":4.0},{"damage":0.0,"enemies":"Awakened One","floor":50.0,"turns":7.0},{"damage":20,"enemies":"Shield and Spear","floor":54,"turns":4},{"damage":26,"enemies":"The Heart","floor":55,"turns":9}],"seed_played":"-1229998476593967089","potions_obtained":[{"floor":1.0,"key":"SkillPotion"},{"floor":7.0,"key":"GamblersBrew"},{"floor":13.0,"key":"DistilledChaos"},{"floor":14.0,"key":"Energy Potion"},{"floor":22.0,"key":"SpeedPotion"},{"floor":31.0,"key":"Swift Potion"},{"floor":35.0,"key":"BlessingOfTheForge"},{"floor":39.0,"key":"SkillPotion"}],"is_trial":false,"path_per_floor":["M","?","M","$","?","R","M","R","T","E","M","M","M","?","R","B",null,"M","M","?","?","M","R","M","R","T","R","$","M","M","E","R","B",null,"M","M","?","T","?","E","R","M","T","R","M","?","$","?","R","B",null,"R","$","E","B",null],"character_chosen":"THE_SILENT","items_purchased":["Well Laid Plans","Thinking Ahead","Pantograph"],"campfire_rested":0,"item_purchase_floors":[28,28,47],"current_hp_per_floor":[59,59,59,59,59,59,59,59,59,41,41,41,40,40,40,35,54,44,44,44,44,40,40,37,37,37,37,37,37,37,31,31,18,50,41,41,41,41,27,24,24,24,24,24,24,13,13,13,13,53,58,58,58,38,34],"gold":183,"neow_bonus":"UPGRADE_CARD","is_daily":false,"chose_seed":false,"campfire_upgraded":10,"win_rate":0.0,"timestamp":1611600618,"path_taken":["M","?","?","$","?","R","M","R","T","E","M","M","M","?","R","BOSS","M","M","?","?","M","R","M","R","T","R","$","M","M","E","R","BOSS","M","M","?","?","?","E","R","M","T","R","M","?","$","?","R","BOSS","R","$","E","BOSS"],"items_purchased_type":["Card","Card","Relic"],"build_version":"2020-12-22","purchased_purges":3,"victory":true,"max_hp_per_floor":[66,66,66,66,60,60,60,60,60,60,60,60,60,60,60,60,60,60,60,60,60,60,60,60,60,60,60,60,60,60,60,60,60,60,60,60,60,60,60,60,60,60,60,60,60,60,60,60,60,60,60,60,60,60,60],"relic_stats":{"counters":[26,115],"Golden Idol":179,"CeramicFish":45,"Pen Nib":[31],"Juzu Bracelet":1,"War Paint":["Defend_G","Venomology"],"Orichalcum":[0],"Mercury Hourglass":[392],"Tough Bandages":[717],"Pantograph":47,"Pandora\u0027s Box":["A Thousand Cuts","Grand Finale","Dagger Throw","Eviscerate","Night Terror","Tactician"],"Art of War":[3],"obtain_stats":[{"Golden Idol":5,"CeramicFish":43,"Pen Nib":2,"Juzu Bracelet":40,"Odd Mushroom":14,"War Paint":20,"Orichalcum":31,"Mercury Hourglass":10,"Tough Bandages":39,"Anchor":54,"Matryoshka":26,"Pantograph":47,"Pandora\u0027s Box":34,"Coffee Dripper":17,"Art of War":43,"Bottled Lightning":9,"InkBottle":38,"Ring of the Snake":0},{"Golden Idol":2,"CeramicFish":22,"Pen Nib":1,"Juzu Bracelet":21,"Odd Mushroom":8,"War Paint":11,"Orichalcum":16,"Mercury Hourglass":4,"Tough Bandages":20,"Anchor":25,"Matryoshka":13,"Pantograph":23,"Pandora\u0027s Box":17,"Coffee Dripper":9,"Art of War":22,"Bottled Lightning":3,"InkBottle":19,"Ring of the Snake":0},{"Golden Idol":9,"CeramicFish":91,"Pen Nib":4,"Juzu Bracelet":87,"Odd Mushroom":30,"War Paint":44,"Orichalcum":64,"Mercury Hourglass":17,"Tough Bandages":83,"Anchor":106,"Matryoshka":53,"Pantograph":95,"Pandora\u0027s Box":73,"Coffee Dripper":38,"Art of War":91,"Bottled Lightning":11,"InkBottle":80,"Ring of the Snake":0}],"InkBottle":[40],"Ring of the Snake":[52]},"card_choices":[{"not_picked":["Bane","Crippling Poison"],"picked":"Reflex","floor":1.0},{"not_picked":["Choke","Sucker Punch"],"picked":"Calculated Gamble","floor":3.0},{"not_picked":["Cloak And Dagger","Finisher"],"picked":"Deadly Poison","floor":7.0},{"not_picked":["Poisoned Stab","Sucker Punch"],"picked":"Dagger Throw","floor":10.0},{"not_picked":["Cloak And Dagger","Dodge and Roll"],"picked":"Venomology","floor":11.0},{"not_picked":["Endless Agony","Terror"],"picked":"Underhanded Strike","floor":12.0},{"not_picked":["Infinite Blades","Dagger Spray","Blade Dance"],"picked":"SKIP","floor":13.0},{"not_picked":["Venomology","Dagger Spray"],"picked":"Catalyst","floor":14.0},{"not_picked":["Venomology","Envenom"],"picked":"Corpse Explosion","floor":16.0},{"not_picked":["Bouncing Flask","Flying Knee"],"picked":"Leg Sweep","floor":18.0},{"not_picked":["Eviscerate","Poisoned Stab"],"picked":"Reflex+1","floor":19.0},{"not_picked":["Slice+1","Cloak And Dagger"],"picked":"Predator","floor":22.0},{"not_picked":["Sucker Punch","Backflip"],"picked":"Concentrate","floor":24.0},{"not_picked":["Poisoned Stab","Flying Knee"],"picked":"Deflect+1","floor":29.0},{"not_picked":["Crippling Poison","Deflect","Expertise"],"picked":"SKIP","floor":30.0},{"not_picked":["Reflex","Outmaneuver","Quick Slash"],"picked":"SKIP","floor":31.0},{"not_picked":["Bullet Time","Corpse Explosion"],"picked":"After Image","floor":33.0},{"not_picked":["Cloak And Dagger","Dagger Throw+1"],"picked":"Acrobatics+1","floor":35.0},{"not_picked":["Dodge and Roll","Crippling Poison"],"picked":"Tactician+1","floor":36.0},{"not_picked":["Cloak And Dagger","Grand Finale","PiercingWail"],"picked":"SKIP","floor":40.0},{"not_picked":["Setup","Well Laid Plans"],"picked":"Leg Sweep+1","floor":42.0},{"not_picked":["Flying Knee","Dagger Throw"],"picked":"Escape Plan","floor":45.0},{"not_picked":["Underhanded Strike","Expertise"],"picked":"Concentrate+1","floor":54}],"player_experience":1467663,"relics_obtained":[{"floor":9.0,"key":"Bottled Lightning"},{"floor":10.0,"key":"Mercury Hourglass"},{"floor":14.0,"key":"Odd Mushroom"},{"floor":26.0,"key":"Matryoshka"},{"floor":31.0,"key":"Orichalcum"},{"floor":38.0,"key":"InkBottle"},{"floor":39.0,"key":"Tough Bandages"},{"floor":40.0,"key":"Juzu Bracelet"},{"floor":43.0,"key":"Art of War"},{"floor":43.0,"key":"CeramicFish"},{"floor":54,"key":"Anchor"}],"event_choices":[{"damage_healed":0.0,"max_hp_gain":0.0,"max_hp_loss":0.0,"gold_gain":0.0,"event_name":"WeMeetAgain","player_choice":"Gave Potion","floor":2.0,"gold_loss":0.0,"damage_taken":0.0,"relics_obtained":["Pen Nib"]},{"damage_healed":0.0,"max_hp_gain":0.0,"max_hp_loss":6.0,"gold_gain":0.0,"event_name":"Golden Idol","player_choice":"Lose Max HP","floor":5.0,"gold_loss":0.0,"damage_taken":0.0,"relics_obtained":["Golden Idol"]},{"damage_healed":0.0,"max_hp_gain":0.0,"max_hp_loss":0.0,"gold_gain":0.0,"event_name":"Mushrooms","player_choice":"Fought Mushrooms","floor":14.0,"gold_loss":0.0,"damage_taken":0.0},{"damage_healed":0.0,"max_hp_gain":0.0,"max_hp_loss":0.0,"gold_gain":0.0,"event_name":"Addict","player_choice":"Obtained Relic","floor":20.0,"gold_loss":85.0,"damage_taken":0.0,"relics_obtained":["War Paint"]},{"damage_healed":0.0,"max_hp_gain":0.0,"max_hp_loss":0.0,"gold_gain":0.0,"cards_transformed":["Strike_G","Strike_G"],"event_name":"Drug Dealer","player_choice":"Became Test Subject","floor":21.0,"gold_loss":0.0,"damage_taken":0.0,"cards_obtained":["PiercingWail","Heel Hook"]},{"cards_removed":["Tactician"],"damage_healed":0.0,"max_hp_gain":0.0,"max_hp_loss":0.0,"gold_gain":0.0,"event_name":"Falling","player_choice":"Removed Skill","floor":37.0,"gold_loss":0.0,"damage_taken":0.0},{"damage_healed":0.0,"max_hp_gain":0.0,"max_hp_loss":0.0,"gold_gain":0.0,"event_name":"Mysterious Sphere","player_choice":"Fight","floor":39.0,"gold_loss":0.0,"damage_taken":0.0},{"damage_healed":0.0,"max_hp_gain":0.0,"max_hp_loss":0.0,"gold_gain":0.0,"event_name":"Winding Halls","player_choice":"Embrace Madness","floor":46.0,"gold_loss":0.0,"damage_taken":11.0,"cards_obtained":["Madness","Madness"]},{"damage_healed":0.0,"max_hp_gain":0.0,"max_hp_loss":0.0,"gold_gain":0.0,"cards_transformed":["Madness"],"event_name":"Transmorgrifier","player_choice":"Transformed","floor":48.0,"gold_loss":0.0,"damage_taken":0.0,"cards_obtained":["Deep Breath"]}],"is_beta":false,"boss_relics":[{"not_picked":["Ring of the Serpent","SlaversCollar"],"picked":"Coffee Dripper"},{"not_picked":["Sozu","Busted Crown"],"picked":"Pandora\u0027s Box"}],"items_purged_floors":[4,28,47],"is_endless":false,"potions_floor_spawned":[1,7,13,14,22,29,31,35,39],"ascension_level":15}}