{"host":"ey9liw7emv7vgjgw","time":1611600068,"event":{"mods":["Act Like it!","BaseMod","Gensokyo","Minty Spire (QoL Compilation)","Remilia£®¿Ÿ√◊¿Ú—«£©","StSLib","The Administrix","Youmu£®ªÍ∆«—˝√Œ£©","Yuyuko"],"gold_per_floor":[110,110,130,146,146,173,185,211,238,238,251,268,288,315,315,416,416,434,54,74,74,74,74,94,127,152,152,152,203,203,278,278,402,402,412,438,438,109,109,137,137,169,169,109,138,138,138,157,157,177,177,177,28,54,54],"floor_reached":56,"language":"ZHS","playtime":5055,"items_purged":["Strike_RM"],"score":1514,"play_id":"72b81866-63b0-4983-9a51-a82dede534de","local_time":"20210126024108","is_ascension_mode":false,"campfire_choices":[{"data":"ScarletShoot","floor":10.0,"key":"SMITH"},{"data":"QueenOfMidnight","floor":15.0,"key":"SMITH"},{"data":"ScarletImprint","floor":23,"key":"SMITH"},{"data":"BloodySeventeenLaser","floor":28,"key":"SMITH"},{"data":"MastersStateliness","floor":32,"key":"SMITH"},{"data":"EquivalentExchange","floor":41,"key":"SMITH"},{"data":"BloodyCatastrophe","floor":47,"key":"SMITH"},{"floor":49,"key":"RECALL"},{"data":"RedMoon","floor":52,"key":"SMITH"}],"circlet_count":0,"master_deck":["Strike_RM","Strike_RM+1","Strike_RM+1","Defend_RM","Defend_RM","Defend_RM+1","RedMoon+1","ScarletShoot+1","ScarletImprint+1","VampireClaw","MillenniumVampire+1","ForecastOfChange","VampireClaw","BloodyCatastrophe+1","FavorOfDestiny+1","BloodySeventeenLaser+1","MastersStateliness+1","Writhe","BlasphemousPunishment+1","EquivalentExchange+1","Gensokyo:CustomPotion","MillenniumVampire+1","MastersStateliness+1"],"relics":["ScarletHat","Matryoshka","MealTicket","Nunchaku","TypeBBloodRedTea","Black Star","Calipers","Tiny Chest","Singing Bowl","War Paint","Orichalcum","Oddly Smooth Stone","Meat on the Bone","WingedGreaves","Blood Vial","Enchiridion","ScarletEmblem","Vajra","Gensokyo:TheCrow","ClockworkSouvenir","PreservedInsect","Mercury Hourglass","Ancient Tea Set","Potion Belt","Anchor","Bag of Preparation","Bronze Scales","Letter Opener","Toy Ornithopter","InkBottle","Ice Cream","Akabeko","StrikeDummy"],"acts_visited":["Exordium","TheCity","Gensokyo:Gensokyoest","TheEnding"],"potions_floor_usage":[18,20,24,25,25,29,29,33,33,33,35,40,42,48,50,50,55,55,55,55],"damage_taken":[{"damage":0.0,"enemies":"Small Slimes","floor":1.0,"turns":3.0},{"damage":0.0,"enemies":"Jaw Worm","floor":3.0,"turns":4.0},{"damage":0.0,"enemies":"Cultist","floor":4.0,"turns":4.0},{"damage":26.0,"enemies":"Lagavulin","floor":6.0,"turns":8.0},{"damage":0.0,"enemies":"Red Slaver","floor":7.0,"turns":3.0},{"damage":0.0,"enemies":"Gremlin Nob","floor":8.0,"turns":7.0},{"damage":0.0,"enemies":"Looter","floor":11.0,"turns":3.0},{"damage":0.0,"enemies":"2 Fungi Beasts","floor":12.0,"turns":3.0},{"damage":7.0,"enemies":"Blue Slaver","floor":13.0,"turns":6.0},{"damage":3.0,"enemies":"Lagavulin","floor":14.0,"turns":7.0},{"damage":8.0,"enemies":"Hexaghost","floor":16.0,"turns":4.0},{"damage":17,"enemies":"3 Byrds","floor":18,"turns":7},{"damage":4,"enemies":"Chosen","floor":20,"turns":5},{"damage":11,"enemies":"Snake Plant","floor":24,"turns":3},{"damage":59,"enemies":"Slavers","floor":25,"turns":5},{"damage":15,"enemies":"Gremlin Leader","floor":29,"turns":7},{"damage":40,"enemies":"Collector","floor":33,"turns":8},{"damage":15,"enemies":"Gensokyo:3_Boulders","floor":35,"turns":7},{"damage":14,"enemies":"Gensokyo:Doremy","floor":40,"turns":5},{"damage":59,"enemies":"Gensokyo:Marisa","floor":42,"turns":5},{"damage":4,"enemies":"Gensokyo:Doremy","floor":45,"turns":5},{"damage":14,"enemies":"Gensokyo:AncientGuardian","floor":48,"turns":3},{"damage":14,"enemies":"Gensokyo:Yuyuko","floor":50,"turns":10},{"damage":15,"enemies":"Shield and Spear","floor":54,"turns":4},{"damage":45,"enemies":"The Heart","floor":55,"turns":7}],"seed_played":"3840616275552826431","potions_obtained":[{"floor":6.0,"key":"Strength Potion"},{"floor":7.0,"key":"PowerPotion"},{"floor":8.0,"key":"Regen Potion"},{"floor":12.0,"key":"PowerPotion"},{"floor":16.0,"key":"Swift Potion"},{"floor":18,"key":"EntropicBrew"},{"floor":20,"key":"Explosive Potion"},{"floor":25,"key":"Swift Potion"},{"floor":33,"key":"PowerPotion"},{"floor":42,"key":"BlessingOfTheForge"},{"floor":48,"key":"PowerPotion"}],"is_trial":false,"path_per_floor":["M","?","M","M","?","E","M","E","T","R","M","M","M","E","R","B",null,"M","$","M","?","?","R","M","E","T","T","R","E","?","?","R","B",null,"M","T","?","COS","?","E","R","E","T","?","E","T","R","M","R","B",null,"R","$","E","B",null],"character_chosen":"REMILIA","items_purchased":["Calipers","BloodySeventeenLaser","LiquidMemories"],"campfire_rested":0,"item_purchase_floors":[19,19,53],"current_hp_per_floor":[82,66,67,69,62,41,44,49,49,49,49,49,46,47,47,70,88,78,91,94,94,94,94,87,57,57,57,57,69,53,43,43,52,108,110,110,110,110,110,112,112,71,71,71,79,79,79,77,77,77,122,122,122,112,125],"gold":54,"neow_bonus":"TEN_PERCENT_HP_BONUS","is_daily":false,"chose_seed":false,"campfire_upgraded":8,"win_rate":0.0,"timestamp":1611600068,"path_taken":["M","?","M","M","?","E","M","E","T","R","M","?","M","E","R","BOSS","M","?","?","?","?","R","M","E","T","?","R","E","?","?","R","BOSS","M","?","?","COS","?","E","R","E","T","?","E","?","R","M","R","BOSS","R","$","E","BOSS"],"items_purchased_type":["Relic","Card","Potion"],"build_version":"2020-12-22","purchased_purges":1,"victory":true,"max_hp_per_floor":[82,82,82,82,82,82,82,85,85,85,85,85,88,88,88,88,88,91,91,94,94,94,94,94,100,100,100,100,105,105,105,105,108,108,110,110,110,110,110,112,112,117,117,117,120,120,120,122,122,122,122,122,122,125,125],"card_choices":[{"not_picked":["BombardNight","SuperhumanBloodyKnife"],"picked":"ScarletImprint","floor":1.0},{"not_picked":["MiserableFate","UltimateOffering","BombardNight"],"picked":"SKIP","floor":3.0},{"not_picked":["Maim","EndlessAdversity","BloodyMagicSquare"],"picked":"SKIP","floor":4.0},{"not_picked":["MiserableFate","RedRainbow"],"picked":"VampireClaw","floor":6.0},{"not_picked":["BombardNight","EndlessAdversity"],"picked":"MillenniumVampire","floor":7.0},{"not_picked":["ScarletGensokyo","NightDance"],"picked":"ForecastOfChange","floor":8.0},{"not_picked":["StarOfDavid","BombardNight","Stigmanizer"],"picked":"SKIP","floor":11.0},{"not_picked":["HunterOfTheNight","BlasphemousPunishment"],"picked":"VampireClaw","floor":12.0},{"not_picked":["StarOfDavid","Stigmanizer","BloodyMagicSquare"],"picked":"SKIP","floor":13.0},{"not_picked":["Maim","ScarletNetherworld"],"picked":"QueenOfMidnight","floor":14.0},{"not_picked":["BloodySeventeenLaser","DemonKingCradle"],"picked":"BloodyCatastrophe","floor":16.0},{"not_picked":["CharismaGuard+1","MastersStateliness"],"picked":"FavorOfDestiny+1","floor":18},{"not_picked":["VampireFantasy","Ultimatum","ScarletDevil+1"],"picked":"SKIP","floor":20},{"not_picked":["BloodHunter","VampireKiss+1"],"picked":"BlasphemousPunishment+1","floor":24},{"not_picked":["LeisurelyOfLord","ScarletDevilSign","ForbiddenFruit"],"picked":"Singing Bowl","floor":25},{"not_picked":["VampireFantasy","ChainGang","FavorOfDestiny"],"picked":"Singing Bowl","floor":29},{"not_picked":["BloodySeventeenLaser","HellCatastrophe"],"picked":"EquivalentExchange","floor":33},{"not_picked":["ScarletDevil+1","ScarletDream","GlobalNightmare+1"],"picked":"Singing Bowl","floor":35},{"not_picked":["LeisurelyOfLord+1","FavorOfDestiny+1","HellCatastrophe"],"picked":"Singing Bowl","floor":40},{"not_picked":["LeisurelyOfLord+1","MastersStateliness+1","StarOfDavid+1"],"picked":"Singing Bowl","floor":42},{"not_picked":["StarOfDavid+1","ScarletDevil+1"],"picked":"MillenniumVampire+1","floor":45},{"not_picked":["CharismaGuard","FitfulNightmare+1","VampireFantasy"],"picked":"Singing Bowl","floor":48},{"not_picked":["EndlessAdversity+1","Maim"],"picked":"MastersStateliness+1","floor":54}],"player_experience":154427,"relics_obtained":[{"floor":6.0,"key":"Matryoshka"},{"floor":8.0,"key":"MealTicket"},{"floor":9.0,"key":"Nunchaku"},{"floor":14.0,"key":"TypeBBloodRedTea"},{"floor":25,"key":"Singing Bowl"},{"floor":25,"key":"War Paint"},{"floor":26,"key":"Orichalcum"},{"floor":26,"key":"Oddly Smooth Stone"},{"floor":27,"key":"Meat on the Bone"},{"floor":29,"key":"WingedGreaves"},{"floor":29,"key":"Blood Vial"},{"floor":30,"key":"Enchiridion"},{"floor":36,"key":"Vajra"},{"floor":40,"key":"PreservedInsect"},{"floor":40,"key":"Mercury Hourglass"},{"floor":42,"key":"Ancient Tea Set"},{"floor":42,"key":"Potion Belt"},{"floor":43,"key":"Anchor"},{"floor":45,"key":"Letter Opener"},{"floor":45,"key":"Toy Ornithopter"},{"floor":46,"key":"InkBottle"},{"floor":54,"key":"Akabeko"},{"floor":54,"key":"StrikeDummy"}],"event_choices":[{"damage_healed":0.0,"max_hp_gain":0.0,"max_hp_loss":0.0,"gold_gain":0.0,"event_name":"Shining Light","player_choice":"Entered Light","floor":2.0,"gold_loss":0.0,"damage_taken":16.0,"cards_upgraded":["Strike_RM","Strike_RM"]},{"cards_removed":["Defend_RM"],"damage_healed":0.0,"max_hp_gain":0.0,"max_hp_loss":0.0,"gold_gain":0.0,"event_name":"Golden Wing","player_choice":"Card Removal","floor":5.0,"gold_loss":0.0,"damage_taken":7.0},{"damage_healed":0,"gold_gain":0,"player_choice":"Read","damage_taken":0,"max_hp_gain":0,"max_hp_loss":0,"event_name":"The Library","floor":21,"gold_loss":0,"cards_obtained":["MastersStateliness"]},{"damage_healed":0,"gold_gain":0,"player_choice":"Opened","damage_taken":0,"relics_obtained":["Tiny Chest"],"max_hp_gain":0,"max_hp_loss":0,"event_name":"The Mausoleum","floor":22,"gold_loss":0,"cards_obtained":["Writhe"]},{"damage_healed":0,"gold_gain":0,"player_choice":"Obtained Book","damage_taken":16,"max_hp_gain":0,"max_hp_loss":0,"event_name":"Cursed Tome","floor":30,"gold_loss":0},{"damage_healed":0,"gold_gain":75,"player_choice":"Touch","damage_taken":10,"max_hp_gain":0,"max_hp_loss":0,"event_name":"FaceTrader","floor":31,"gold_loss":0}],"is_beta":false,"boss_relics":[{"not_picked":["Runic Dome","Velvet Choker"],"picked":"Black Star"},{"not_picked":["Fusion Hammer","SacredBark"],"picked":"ScarletEmblem"}],"items_purged_floors":[53],"is_endless":false,"potions_floor_spawned":[6,7,8,12,14,16,18,20,25,33,40,42,48],"ascension_level":0}}