{"host":"sc0o2qwpf9j16a4i","time":1611590223,"event":{"mods":["AchievementEnabler","BaseMod","BetterRewards","Block Reminder","Colored Map","Colored Powertips","Custom Start","Highlight Path","Minty Spire (QoL Compilation)","Relic Stats"],"gold_per_floor":[117,192,192,211,229,229,258,258,258,258,278,132,144,178,178,275,275,285,295,3,3,3,33,46,46,46,79,99,126,142,142,142,246,246,264,264,284,299,299,299,334,352,424,404,430,445,464,483,483,483],"floor_reached":51,"language":"ENG","playtime":2051,"items_purged":[],"score":929,"play_id":"a7ce5378-423f-4f46-8507-1c399103f72e","local_time":"20210125175703","daily_mods":["Insanity","Purple Cards","Binary"],"is_ascension_mode":false,"campfire_choices":[{"data":"Armaments","floor":6,"key":"SMITH"},{"data":"Prostrate","floor":8,"key":"SMITH"},{"data":"Pray","floor":10,"key":"SMITH"},{"data":"True Grit","floor":15,"key":"SMITH"},{"data":"1","floor":25,"key":"LIFT"},{"floor":32,"key":"REST"},{"data":"2","floor":40,"key":"LIFT"},{"data":"3","floor":49,"key":"LIFT"}],"circlet_count":0,"master_deck":["Armaments+1","Perfected Strike","Iron Wave","CutThroughFate","CutThroughFate","SashWhip","CutThroughFate","FlyingSleeves","CrushJoints","Bloodletting","Thunderclap","FlurryOfBlows","SashWhip","Warcry","Cleave","Shrug It Off","WindmillStrike","Infernal Blade","Pray+1","Wireheading","Prostrate+1","Heavy Blade","Reckless Charge","Prostrate","True Grit+1","BowlingBash","ThirdEye","Pray","Sword Boomerang","Perfected Strike","Dual Wield","Weave","Thunderclap","Shrug It Off","FlyingSleeves","Weave","Shrug It Off","Cleave","BowlingBash","Anger","Pray","Thunderclap","EmptyBody","Disarm","Halt","Perfected Strike","Clash","Evolve","Clothesline","Wallop","CutThroughFate","CrushJoints+1","Protect","Wireheading","Prostrate","JustLucky+1","Barricade","Prostrate","Shame","True Grit","Warcry","CutThroughFate+1","ClearTheMind+1","DevaForm","Secret Technique","Blind","Spot Weakness","Metallicize+1","Halt+1","Protect+1","Entrench+1","CutThroughFate+1"],"relics":["Burning Blood","Molten Egg 2","Blue Candle","Mercury Hourglass","Fusion Hammer","Girya","Eternal Feather","Dead Branch","Paper Frog","Orichalcum","Matryoshka","Strawberry","Vajra","Black Star","Red Skull","Bird Faced Urn","Happy Flower","The Courier","Peace Pipe","Pen Nib"],"acts_visited":["Exordium","TheCity","TheBeyond"],"potions_floor_usage":[13,13,16,19,27,30,41,42,50,50],"damage_taken":[{"damage":0,"enemies":"2 Louse","floor":1,"turns":2},{"damage":1,"enemies":"Jaw Worm","floor":4,"turns":3},{"damage":4,"enemies":"Cultist","floor":5,"turns":4},{"damage":0,"enemies":"Lagavulin","floor":7,"turns":4},{"damage":0,"enemies":"Large Slime","floor":11,"turns":6},{"damage":0,"enemies":"Exordium Wildlife","floor":13,"turns":3},{"damage":15,"enemies":"3 Sentries","floor":14,"turns":5},{"damage":3,"enemies":"Slime Boss","floor":16,"turns":6},{"damage":2,"enemies":"Chosen","floor":18,"turns":3},{"damage":0,"enemies":"3 Byrds","floor":19,"turns":3},{"damage":37,"enemies":"Gremlin Leader","floor":23,"turns":7},{"damage":1,"enemies":"Snake Plant","floor":24,"turns":4},{"damage":38,"enemies":"Slavers","floor":27,"turns":4},{"damage":9,"enemies":"Snecko","floor":28,"turns":3},{"damage":30,"enemies":"Book of Stabbing","floor":29,"turns":6},{"damage":12,"enemies":"Cultist and Chosen","floor":30,"turns":5},{"damage":10,"enemies":"Champ","floor":33,"turns":4},{"damage":0,"enemies":"Orb Walker","floor":35,"turns":2},{"damage":21,"enemies":"3 Darklings","floor":37,"turns":3},{"damage":14,"enemies":"Sphere and 2 Shapes","floor":38,"turns":3},{"damage":4,"enemies":"Giant Head","floor":41,"turns":6},{"damage":4,"enemies":"4 Shapes","floor":42,"turns":6},{"damage":3,"enemies":"Nemesis","floor":45,"turns":3},{"damage":2,"enemies":"Spire Growth","floor":46,"turns":4},{"damage":3,"enemies":"Transient","floor":47,"turns":5},{"damage":21,"enemies":"Maw","floor":48,"turns":6},{"damage":38,"enemies":"Time Eater","floor":50,"turns":11}],"seed_played":"-4547771252825101851","potions_obtained":[{"floor":11,"key":"SkillPotion"},{"floor":13,"key":"SpeedPotion"},{"floor":14,"key":"EssenceOfSteel"},{"floor":16,"key":"SteroidPotion"},{"floor":18,"key":"Swift Potion"},{"floor":23,"key":"LiquidBronze"},{"floor":29,"key":"PowerPotion"},{"floor":33,"key":"Explosive Potion"},{"floor":41,"key":"Fire Potion"},{"floor":44,"key":"CultistPotion"}],"is_trial":true,"path_per_floor":["M","?","?","M","M","R","E","R","T","R","M","$","M","E","R","B",null,"M","M","$","?","?","E","M","R","T","E","M","E","M","T","R","B",null,"M","?","M","M","?","R","E","M","T","?","E","M","M","M","R","B",null],"character_chosen":"IRONCLAD","items_purchased":["Wireheading","DistilledChaos","Girya"],"campfire_rested":1,"item_purchase_floors":[12,12,20],"current_hp_per_floor":[80,69,74,79,80,80,80,80,80,80,80,80,80,71,71,74,80,80,80,80,80,80,49,54,80,80,48,45,21,15,22,84,80,87,87,77,62,54,54,83,83,83,83,83,83,83,83,72,83,61],"gold":483,"neow_bonus":"","is_daily":false,"chose_seed":false,"campfire_upgraded":4,"win_rate":0.0,"timestamp":1611590223,"path_taken":["M","?","?","M","?","R","E","R","T","R","M","$","M","E","R","BOSS","M","M","$","?","?","E","?","R","T","E","M","E","M","?","R","BOSS","M","?","M","M","?","R","E","M","T","?","E","M","M","?","R","BOSS"],"items_purchased_type":["Card","Potion","Relic"],"build_version":"2020-12-22","purchased_purges":0,"victory":true,"max_hp_per_floor":[80,80,80,80,80,80,80,80,80,80,80,80,80,80,80,80,80,80,80,80,80,80,80,80,80,80,80,80,80,80,87,87,87,87,87,87,87,87,83,83,83,83,83,83,83,83,83,83,83,83],"relic_stats":{"Happy Flower":[9],"counters":[27,121],"Blue Candle":[5],"Dead Branch":[54],"Eternal Feather":102,"Pen Nib":[5],"Orichalcum":[60],"Burning Blood":103,"Mercury Hourglass":[379],"Peace Pipe":0,"Bird Faced Urn":[18],"Black Star":2,"obtain_stats":[{"Girya":20,"Happy Flower":43,"Blue Candle":9,"Dead Branch":23,"Vajra":31,"Eternal Feather":21,"The Courier":43,"Pen Nib":45,"Orichalcum":27,"Burning Blood":0,"Mercury Hourglass":14,"Peace Pipe":45,"Matryoshka":29,"Strawberry":31,"Bird Faced Urn":41,"Molten Egg 2":7,"Fusion Hammer":17,"Black Star":34,"Red Skull":41,"Paper Frog":26},{"Girya":10,"Happy Flower":22,"Blue Candle":4,"Dead Branch":11,"Vajra":16,"Eternal Feather":10,"The Courier":22,"Pen Nib":23,"Orichalcum":13,"Burning Blood":0,"Mercury Hourglass":7,"Peace Pipe":23,"Matryoshka":15,"Strawberry":16,"Bird Faced Urn":21,"Molten Egg 2":4,"Fusion Hammer":8,"Black Star":17,"Red Skull":21,"Paper Frog":12},{"Girya":39,"Happy Flower":92,"Blue Candle":13,"Dead Branch":46,"Vajra":68,"Eternal Feather":39,"The Courier":92,"Pen Nib":95,"Orichalcum":54,"Burning Blood":0,"Mercury Hourglass":27,"Peace Pipe":95,"Matryoshka":63,"Strawberry":68,"Bird Faced Urn":86,"Molten Egg 2":13,"Fusion Hammer":33,"Black Star":72,"Red Skull":86,"Paper Frog":50}]},"card_choices":[{"not_picked":["Collect","FlurryOfBlows"],"picked":"SKIP","floor":1},{"not_picked":["Consecrate"],"picked":"Wallop","floor":4},{"not_picked":["Prostrate"],"picked":"CutThroughFate","floor":5},{"not_picked":["Thunderclap+1"],"picked":"CrushJoints+1","floor":7},{"not_picked":["SashWhip+1"],"picked":"Protect","floor":11},{"not_picked":["Fasting2"],"picked":"Prostrate","floor":13},{"not_picked":["Clash+1"],"picked":"JustLucky+1","floor":14},{"not_picked":["Brilliance+1"],"picked":"Barricade","floor":16},{"not_picked":["Indignation+1"],"picked":"Prostrate","floor":18},{"not_picked":["Headbutt+1","FollowUp+1"],"picked":"SKIP","floor":19},{"not_picked":["WindmillStrike+1","FlurryOfBlows+1"],"picked":"SKIP","floor":23},{"not_picked":["Twin Strike+1"],"picked":"True Grit","floor":24},{"not_picked":["Combust","Tantrum+1"],"picked":"SKIP","floor":27},{"not_picked":["Tantrum+1"],"picked":"Warcry","floor":28},{"not_picked":["ThirdEye+1"],"picked":"CutThroughFate+1","floor":29},{"not_picked":["Warcry"],"picked":"ClearTheMind+1","floor":30},{"not_picked":["LessonLearned+1"],"picked":"DevaForm","floor":33},{"not_picked":["Evolve","FlyingSleeves+1"],"picked":"SKIP","floor":35},{"not_picked":["Trip"],"picked":"Secret Technique","floor":36},{"not_picked":["Thinking Ahead"],"picked":"Blind","floor":36},{"not_picked":["FlurryOfBlows+1","SashWhip+1"],"picked":"SKIP","floor":37},{"not_picked":["Thunderclap+1"],"picked":"Spot Weakness","floor":38},{"not_picked":["Collect+1","FlurryOfBlows+1"],"picked":"SKIP","floor":41},{"not_picked":["Inflame+1"],"picked":"Metallicize+1","floor":42},{"not_picked":["CrushJoints+1"],"picked":"Halt+1","floor":45},{"not_picked":["Pommel Strike+1"],"picked":"Protect+1","floor":46},{"not_picked":["Clash+1"],"picked":"Entrench+1","floor":47},{"not_picked":["Halt+1"],"picked":"CutThroughFate+1","floor":48}],"player_experience":951764,"relics_obtained":[{"floor":7,"key":"Molten Egg 2"},{"floor":9,"key":"Blue Candle"},{"floor":14,"key":"Mercury Hourglass"},{"floor":23,"key":"Dead Branch"},{"floor":26,"key":"Paper Frog"},{"floor":27,"key":"Orichalcum"},{"floor":29,"key":"Matryoshka"},{"floor":31,"key":"Strawberry"},{"floor":31,"key":"Vajra"},{"floor":41,"key":"Red Skull"},{"floor":41,"key":"Bird Faced Urn"},{"floor":43,"key":"Happy Flower"},{"floor":43,"key":"The Courier"},{"floor":45,"key":"Peace Pipe"},{"floor":45,"key":"Pen Nib"}],"event_choices":[{"damage_healed":0,"gold_gain":75,"player_choice":"Gather Gold","damage_taken":11,"max_hp_gain":0,"max_hp_loss":0,"event_name":"World of Goop","floor":2,"gold_loss":0},{"cards_removed":["Clash"],"damage_healed":5,"gold_gain":0,"player_choice":"Offered Common","damage_taken":0,"max_hp_gain":0,"max_hp_loss":0,"event_name":"Bonfire Elementals","floor":3,"gold_loss":0},{"cards_removed":["Clash"],"damage_healed":5,"gold_gain":0,"player_choice":"Offered Special","damage_taken":0,"max_hp_gain":0,"max_hp_loss":0,"event_name":"Bonfire Elementals","floor":3,"gold_loss":0},{"damage_healed":0,"gold_gain":0,"player_choice":"Stole Relic","damage_taken":0,"relics_obtained":["Eternal Feather"],"max_hp_gain":0,"max_hp_loss":0,"event_name":"Addict","floor":21,"gold_loss":0,"cards_obtained":["Shame"]},{"damage_healed":0,"gold_gain":0,"player_choice":"Ignored","damage_taken":0,"max_hp_gain":0,"max_hp_loss":0,"event_name":"N\u0027loth","floor":22,"gold_loss":0},{"damage_healed":0,"gold_gain":0,"player_choice":"Memory 3","damage_taken":10,"max_hp_gain":0,"max_hp_loss":0,"event_name":"SensoryStone","floor":36,"gold_loss":0},{"damage_healed":0,"gold_gain":0,"player_choice":"Max HP","damage_taken":0,"max_hp_gain":0,"max_hp_loss":4,"event_name":"Winding Halls","floor":39,"gold_loss":0},{"damage_healed":0,"gold_gain":0,"player_choice":"Bought 1 Potion","damage_taken":0,"max_hp_gain":0,"max_hp_loss":0,"event_name":"The Woman in Blue","floor":44,"gold_loss":0}],"is_beta":false,"boss_relics":[{"not_picked":["Coffee Dripper","Runic Dome"],"picked":"Fusion Hammer"},{"not_picked":["Mark of Pain","SlaversCollar"],"picked":"Black Star"}],"items_purged_floors":[],"is_endless":false,"potions_floor_spawned":[11,13,14,16,18,23,29,33,41,46,48],"ascension_level":0}}