{"host":"sc0o2qwpf9j16a4i","time":1611593927,"event":{"mods":["AchievementEnabler","BaseMod","BetterRewards","Block Reminder","Colored Map","Colored Powertips","Custom Start","Highlight Path","Minty Spire (QoL Compilation)","Relic Stats"],"gold_per_floor":[115,17,32,32,32,72,72,91,91,132,132,151,38,54,54,184,184,199,199,218,237,262,306,306,331,355,355,355],"floor_reached":27,"language":"ENG","playtime":1121,"items_purged":[],"score":320,"play_id":"64329d54-69f0-47be-a2db-60800c95a712","local_time":"20210125185847","daily_mods":["Shiny","ControlledChaos","Night Terrors"],"is_ascension_mode":false,"campfire_choices":[{"data":"Biased Cognition","floor":11,"key":"SMITH"},{"data":"Seek","floor":15,"key":"SMITH"}],"circlet_count":0,"master_deck":["Multi-Cast","Hyperbeam","Thunder Strike","Biased Cognition+1","Machine Learning","Electrodynamics","Buffer","Rainbow","Seek+1","Meteor Strike","Echo Form","All For One","Reboot","Amplify","Creative AI","Fission+1","Core Surge","Sweeping Beam","Conserve Battery","Hologram","Injury","Decay","Capacitor","Cold Snap","Barrage","Glacier","Defragment","Self Repair","CurseOfTheBell","Ball Lightning","Meteor Strike","Stack","Biased Cognition"],"relics":["Cracked Core","Frozen Eye","Golden Idol","Eternal Feather","Matryoshka","White Beast Statue","Calling Bell","Art of War","Darkstone Periapt","Turnip","Nloth\u0027s Gift","Pen Nib","CeramicFish"],"acts_visited":["Exordium","TheCity"],"potions_floor_usage":[6,10,10,14,16,20,21,22,23,27],"damage_taken":[{"damage":0,"enemies":"2 Louse","floor":1,"turns":1},{"damage":0,"enemies":"Jaw Worm","floor":3,"turns":3},{"damage":0,"enemies":"Gremlin Nob","floor":6,"turns":3},{"damage":0,"enemies":"Cultist","floor":8,"turns":2},{"damage":9,"enemies":"3 Sentries","floor":10,"turns":2},{"damage":12,"enemies":"Looter","floor":12,"turns":3},{"damage":19,"enemies":"Gremlin Gang","floor":14,"turns":3},{"damage":0,"enemies":"Slime Boss","floor":16,"turns":8},{"damage":10,"enemies":"Chosen","floor":18,"turns":5},{"damage":17,"enemies":"3 Byrds","floor":20,"turns":3},{"damage":22,"enemies":"Shelled Parasite and Fungi","floor":21,"turns":8},{"damage":16,"enemies":"Snake Plant","floor":22,"turns":5},{"damage":4,"enemies":"Book of Stabbing","floor":23,"turns":11},{"damage":15,"enemies":"Snecko","floor":25,"turns":5},{"damage":42,"enemies":"Gremlin Leader","floor":27,"turns":4}],"seed_played":"-1232865796296610808","potions_obtained":[{"floor":1,"key":"BlessingOfTheForge"},{"floor":8,"key":"Explosive Potion"},{"floor":12,"key":"Fire Potion"},{"floor":14,"key":"DuplicationPotion"},{"floor":16,"key":"SpeedPotion"},{"floor":18,"key":"Regen Potion"},{"floor":20,"key":"Energy Potion"},{"floor":21,"key":"AttackPotion"},{"floor":22,"key":"PowerPotion"},{"floor":23,"key":"FearPotion"},{"floor":25,"key":"FearPotion"}],"is_trial":true,"path_per_floor":["M","$","M","?","?","E","?","M","T","E","R","M","$","M","R","B",null,"M","?","M","M","M","E","?","M","T","E"],"character_chosen":"DEFECT","items_purchased":["Conserve Battery","ColorlessPotion","Glacier","Defragment"],"campfire_rested":0,"item_purchase_floors":[2,2,13,13],"current_hp_per_floor":[75,75,75,75,75,75,75,75,75,66,75,63,63,44,59,73,75,72,72,60,52,43,53,53,38,38,0,0],"gold":355,"neow_bonus":"","is_daily":false,"chose_seed":false,"campfire_upgraded":2,"win_rate":0.0,"timestamp":1611593927,"path_taken":["M","$","M","?","?","E","?","M","T","E","R","?","?","M","R","BOSS","M","?","M","M","M","E","?","?","T","E"],"items_purchased_type":["Card","Potion","Card","Card"],"build_version":"2020-12-22","purchased_purges":0,"victory":false,"max_hp_per_floor":[75,75,75,75,75,75,75,75,75,75,75,75,75,75,75,75,75,75,75,75,75,75,75,75,75,75,75,75],"relic_stats":{"Darkstone Periapt":0,"counters":[15,66],"Golden Idol":83,"CeramicFish":0,"Eternal Feather":24,"Turnip":[2],"Pen Nib":[0],"Art of War":[15],"Nloth\u0027s Gift":0,"obtain_stats":[{"Darkstone Periapt":17,"Golden Idol":4,"CeramicFish":26,"Eternal Feather":6,"Pen Nib":26,"White Beast Statue":10,"Calling Bell":17,"Frozen Eye":0,"Dream Catcher":23,"Matryoshka":9,"Turnip":17,"Art of War":17,"Nloth\u0027s Gift":24,"Cracked Core":0},{"Darkstone Periapt":8,"Golden Idol":2,"CeramicFish":14,"Eternal Feather":3,"Pen Nib":14,"White Beast Statue":5,"Calling Bell":8,"Frozen Eye":0,"Dream Catcher":13,"Matryoshka":4,"Turnip":8,"Art of War":8,"Nloth\u0027s Gift":13,"Cracked Core":0},{"Darkstone Periapt":25,"Golden Idol":4,"CeramicFish":62,"Eternal Feather":7,"Pen Nib":62,"White Beast Statue":11,"Calling Bell":25,"Frozen Eye":0,"Dream Catcher":57,"Matryoshka":9,"Turnip":25,"Art of War":25,"Nloth\u0027s Gift":57,"Cracked Core":0}]},"card_choices":[{"not_picked":["Hello World","Consume","Sweeping Beam"],"picked":"SKIP","floor":1},{"not_picked":["Hello World","Consume"],"picked":"Sweeping Beam","floor":1},{"not_picked":["Redo","Chaos"],"picked":"Hologram","floor":3},{"not_picked":["Skim","Go for the Eyes","Thunder Strike"],"picked":"SKIP","floor":6},{"not_picked":["Beam Cell","Steam"],"picked":"Capacitor","floor":8},{"not_picked":["Sunder","Stack"],"picked":"Cold Snap","floor":10},{"not_picked":["Beam Cell","Cold Snap"],"picked":"Barrage","floor":12},{"not_picked":["Doom and Gloom","White Noise"],"picked":"Self Repair","floor":14},{"not_picked":["Beam Cell","Rebound+1","Steam Power"],"picked":"SKIP","floor":18},{"not_picked":["Steam","BootSequence"],"picked":"Ball Lightning","floor":20},{"not_picked":["Scrape","Streamline+1"],"picked":"Meteor Strike","floor":21},{"not_picked":["Skim","Turbo"],"picked":"Stack","floor":22},{"not_picked":["Ball Lightning","Go for the Eyes","Steam"],"picked":"SKIP","floor":23},{"not_picked":["Beam Cell+1","Streamline"],"picked":"Biased Cognition","floor":25}],"player_experience":956360,"relics_obtained":[{"floor":6,"key":"Eternal Feather"},{"floor":9,"key":"Matryoshka"},{"floor":10,"key":"White Beast Statue"},{"floor":17,"key":"Art of War"},{"floor":17,"key":"Darkstone Periapt"},{"floor":17,"key":"Turnip"},{"floor":23,"key":"Dream Catcher"},{"floor":26,"key":"Pen Nib"},{"floor":26,"key":"CeramicFish"}],"event_choices":[{"damage_healed":0,"gold_gain":0,"player_choice":"Take Wound","damage_taken":0,"relics_obtained":["Golden Idol"],"max_hp_gain":0,"max_hp_loss":0,"event_name":"Golden Idol","floor":4,"gold_loss":0,"cards_obtained":["Injury"]},{"damage_healed":0,"gold_gain":0,"player_choice":"Grow","damage_taken":0,"max_hp_gain":0,"max_hp_loss":0,"event_name":"Living Wall","floor":5,"gold_loss":0,"cards_upgraded":["Fission"]},{"damage_healed":0,"gold_gain":0,"player_choice":"Cursed","damage_taken":0,"max_hp_gain":0,"max_hp_loss":0,"event_name":"Wheel of Change","floor":7,"gold_loss":0,"cards_obtained":["Decay"]},{"damage_healed":0,"gold_gain":0,"player_choice":"Ignored","damage_taken":0,"max_hp_gain":0,"max_hp_loss":0,"event_name":"Beggar","floor":19,"gold_loss":0},{"damage_healed":0,"gold_gain":0,"player_choice":"Traded Relic","damage_taken":0,"relics_obtained":["Nloth\u0027s Gift"],"max_hp_gain":0,"max_hp_loss":0,"event_name":"N\u0027loth","floor":24,"relics_lost":["Dream Catcher"],"gold_loss":0}],"is_beta":false,"boss_relics":[{"not_picked":["Coffee Dripper","Empty Cage"],"picked":"Calling Bell"}],"items_purged_floors":[],"is_endless":false,"potions_floor_spawned":[1,8,12,14,16,18,20,21,22,23,25],"killed_by":"Gremlin Leader","ascension_level":0}}