{"host":"um23g10jpdkr4iyw","time":1611558761,"event":{"mods":["AchievementEnabler","BaseMod","Better Third Choice","BetterRewards","Colored Powertips","Highlight Path","Minty Spire (QoL Compilation)","Quick Restart","Rare Cards Sparkle","Replay The Spire","StSLib"],"gold_per_floor":[110,129,0,17,17,17,49,49,49,63,93,113,113,142,142,246,296,310,143,143,157,177,211,121,121,121,137,163,163,173,183,201,57,57,152,152,163,178,178,80,80,80,107,117,117,117,117,135,152,164,164,164,164,164,85,118,118],"floor_reached":58,"language":"ENG","playtime":3854,"items_purged":["Strike_G","Strike_G"],"score":1747,"play_id":"bf8a16ce-03b9-4a2a-8ca1-43a3514dab85","local_time":"20210124231241","is_ascension_mode":true,"campfire_choices":[{"data":"Backstab","floor":6.0,"key":"SMITH"},{"data":"Draining Mist","floor":13.0,"key":"SMITH"},{"floor":15.0,"key":"REST"},{"floor":29.0,"key":"REST"},{"floor":34.0,"key":"REST"},{"floor":42.0,"key":"RECALL"},{"floor":46.0,"key":"REST"},{"floor":51.0,"key":"REST"},{"data":"Skewer","floor":54.0,"key":"SMITH"}],"circlet_count":0,"master_deck":["Strike_G+1","Strike_G","Defend_G+1","Defend_G+1","Defend_G","Defend_G+1","Survivor","Neutralize","Backstab+1","Dagger Throw","Skewer+1","Dagger Spray","Endless Agony","Endless Agony","Poisoned Stab","Draining Mist+1","Backstab","Dash","Quick Slash","Poison Darts","ReplayTheSpireMod:From All Sides","Blade Dance","Dash+1","Setup","Blade Dance","Outmaneuver","Well Laid Plans","Slice","Dagger Throw+1","Tools of the Trade","Outmaneuver+1","Blur+1","Writhe","Flying Knee+1","Backstab+1","Flying Knee+1","PiercingWail+1"],"relics":["Ring of the Snake","Vajra","Byrd Skull","Chemical X","Simple Rune","Pear","Replay:Multitool","Replay:Wax Seal","InkBottle","Pantograph","Boot","Counterbalance","Tiny House","Smiling Mask","Anchor","Philosopher\u0027s Stone","Bronze Scales","Lantern","Chameleon Ring"],"acts_visited":["Exordium","TheCity","TheBeyond","TheEnding"],"potions_floor_usage":[57,57,57],"damage_taken":[{"damage":0.0,"enemies":"Cultist","floor":1.0,"turns":1.0},{"damage":0.0,"enemies":"2 Louse","floor":2.0,"turns":2.0},{"damage":0.0,"enemies":"Small Slimes","floor":4.0,"turns":1.0},{"damage":8.0,"enemies":"Replay:BlueRogue","floor":7.0,"turns":2.0},{"damage":0.0,"enemies":"Exordium Thugs","floor":10.0,"turns":2.0},{"damage":0.0,"enemies":"Gremlin Nob","floor":11.0,"turns":1.0},{"damage":0.0,"enemies":"Looter","floor":12.0,"turns":1.0},{"damage":6.0,"enemies":"Replay:BlueRogue","floor":14.0,"turns":3.0},{"damage":14.0,"enemies":"Hexaghost","floor":16.0,"turns":4.0},{"damage":0.0,"enemies":"Spheric Guardian","floor":18.0,"turns":1.0},{"damage":8.0,"enemies":"2 Thieves","floor":21.0,"turns":2.0},{"damage":19.0,"enemies":"Shelled Parasite and Fungi","floor":22.0,"turns":3.0},{"damage":18.0,"enemies":"Gremlin Leader","floor":23.0,"turns":4.0},{"damage":10.0,"enemies":"Centurion and Healer","floor":27.0,"turns":2.0},{"damage":5.0,"enemies":"Snecko","floor":30.0,"turns":3.0},{"damage":9.0,"enemies":"Cultist and Chosen","floor":31.0,"turns":4.0},{"damage":0.0,"enemies":"Centurion and Healer","floor":32.0,"turns":2.0},{"damage":50.0,"enemies":"Collector","floor":35.0,"turns":6.0},{"damage":28.0,"enemies":"3 Darklings","floor":37.0,"turns":3.0},{"damage":18.0,"enemies":"3 Shapes","floor":38.0,"turns":3.0},{"damage":30.0,"enemies":"R_Hoarder","floor":43.0,"turns":6.0},{"damage":2.0,"enemies":"Writhing Mass","floor":44.0,"turns":4.0},{"damage":8.0,"enemies":"Maw","floor":48.0,"turns":5.0},{"damage":0.0,"enemies":"Spire Growth","floor":49.0,"turns":2.0},{"damage":2.0,"enemies":"Writhing Mass","floor":50.0,"turns":2.0},{"damage":84.0,"enemies":"Donu and Deca","floor":52.0,"turns":9.0},{"damage":45.0,"enemies":"Shield and Spear","floor":56.0,"turns":5.0},{"damage":55,"enemies":"The Heart","floor":57,"turns":8}],"seed_played":"8434405878337099972","potions_obtained":[{"floor":2.0,"key":"Adrenaline Potion"},{"floor":4.0,"key":"SteroidPotion"},{"floor":12.0,"key":"Adrenaline Potion"},{"floor":14.0,"key":"Strength Potion"},{"floor":16.0,"key":"BlessingOfTheForge"},{"floor":17.0,"key":"CultistPotion"},{"floor":21.0,"key":"DistilledChaos"},{"floor":27.0,"key":"Weak Potion"},{"floor":30.0,"key":"DuplicationPotion"},{"floor":35.0,"key":"LiquidBronze"},{"floor":43.0,"key":"Cursed Concoction"},{"floor":44.0,"key":"Strength Potion"},{"floor":50.0,"key":"Doom Potion"}],"is_trial":false,"path_per_floor":["M","M","$","M","?","R","E","$","T","M","E","M","R","E","R","B",null,"M","$","?","M","M","E","?","PTL","PTL","M","T","R","M","M","M","$","R","B",null,"M","M","?","$","?","R","E","M","T","R","?","M","M","M","R","B",null,"R","$","E","B",null],"character_chosen":"THE_SILENT","items_purchased":["Vajra","Byrd Skull","Backstab","Dagger Throw","Chemical X","Simple Rune","Pear","Skewer","Endless Agony","Replay:Wax Seal","Setup","Anchor","Doom Potion","LiquidBronze"],"campfire_rested":5,"item_purchase_floors":[0,0,0,0,0,0,0,0,3,3,19,33,40,55],"current_hp_per_floor":[80,80,80,80,80,80,72,72,72,72,72,72,72,66,80,66,85,85,85,85,77,58,40,40,40,40,30,30,55,50,41,41,41,66,35,85,57,39,39,39,60,60,30,28,28,53,53,45,45,43,68,1,85,85,85,40,10],"gold":118,"neow_bonus":"","is_daily":false,"chose_seed":false,"campfire_upgraded":3,"win_rate":0.0,"timestamp":1611558761,"path_taken":["M","M","?","M","?","R","E","$","T","M","E","M","R","E","R","BOSS","M","$","?","M","?","E","?","PTL","PTL","M","T","R","?","M","M","$","R","BOSS","M","M","?","$","?","R","E","M","T","R","?","M","M","M","R","BOSS","R","$","E","BOSS"],"items_purchased_type":["Relic","Relic","Card","Card","Relic","Relic","Relic","Card","Card","Relic","Card","Relic","Potion","Potion"],"build_version":"2020-12-22","purchased_purges":2,"victory":true,"max_hp_per_floor":[80,80,80,80,80,80,80,80,80,80,80,80,80,80,80,80,85,85,85,85,85,85,85,85,85,85,85,85,85,85,85,85,85,85,85,85,85,85,85,85,85,85,85,85,85,85,85,85,85,85,85,85,85,85,85,85,85],"card_choices":[{"not_picked":["Sucker Punch","Backflip"],"picked":"Dagger Spray","floor":1.0},{"not_picked":["Blur","Cloak And Dagger"],"picked":"Fluid Movement","floor":2.0},{"not_picked":["Bane","Leg Sweep"],"picked":"Poisoned Stab","floor":4.0},{"not_picked":["ReplayTheSpireMod:Exploit Weakness","Dagger Spray"],"picked":"Draining Mist","floor":7.0},{"not_picked":["Quick Slash","Terror"],"picked":"Backstab","floor":10.0},{"not_picked":["Infinite Blades","Footwork"],"picked":"Dash","floor":11.0},{"not_picked":["Cloak And Dagger","Prepared"],"picked":"Quick Slash","floor":12.0},{"not_picked":["Underhanded Strike","Outmaneuver"],"picked":"Poison Darts","floor":14.0},{"not_picked":["Night Terror","Doppelganger"],"picked":"ReplayTheSpireMod:From All Sides","floor":16.0},{"not_picked":["Prepared","Bane"],"picked":"Blade Dance","floor":17.0},{"not_picked":["Hidden Blade","Reflex+1"],"picked":"Dash+1","floor":18.0},{"not_picked":["Deadly Poison","Dagger Throw"],"picked":"Blade Dance","floor":21.0},{"not_picked":["Dagger Spray","Underhanded Strike","Blade Dance"],"picked":"SKIP","floor":22.0},{"not_picked":["Dash","Venomology"],"picked":"Outmaneuver","floor":23.0},{"not_picked":["Sucker Punch+1","Quick Slash"],"picked":"Well Laid Plans","floor":27.0},{"not_picked":["Cloak And Dagger","Deadly Poison"],"picked":"Slice","floor":30.0},{"not_picked":["Acrobatics","Flechettes","Quick Slash"],"picked":"SKIP","floor":31.0},{"not_picked":["Well Laid Plans","Deflect"],"picked":"Dagger Throw+1","floor":32.0},{"not_picked":["Storm of Steel","ReplayTheSpireMod:From All Sides"],"picked":"Tools of the Trade","floor":35.0},{"not_picked":["Reflex","Setup"],"picked":"Outmaneuver+1","floor":37.0},{"not_picked":["Escape Plan+1","Poisoned Stab+1"],"picked":"Blur+1","floor":38.0},{"not_picked":["Expertise+1","Eviscerate","Slice+1"],"picked":"SKIP","floor":43.0},{"not_picked":["Eviscerate+1","Underhanded Strike"],"picked":"Flying Knee+1","floor":44.0},{"not_picked":["Dagger Spray","Hidden Blade+1"],"picked":"Flying Knee+1","floor":48.0},{"not_picked":["Cloak And Dagger+1","Underhanded Strike+1","Reflex"],"picked":"SKIP","floor":49.0},{"not_picked":["Cloak And Dagger","Draining Mist+1","Choke+1"],"picked":"SKIP","floor":50.0},{"not_picked":["Poisoned Stab+1","Unload"],"picked":"PiercingWail+1","floor":56.0}],"player_experience":144570,"relics_obtained":[{"floor":7.0,"key":"InkBottle"},{"floor":9.0,"key":"Pantograph"},{"floor":11.0,"key":"Boot"},{"floor":14.0,"key":"Counterbalance"},{"floor":23.0,"key":"Smiling Mask"},{"floor":43.0,"key":"Bronze Scales"},{"floor":45.0,"key":"Lantern"},{"floor":56.0,"key":"Chameleon Ring"}],"event_choices":[{"cards_removed":["Strike_G"],"damage_healed":0.0,"max_hp_gain":0.0,"max_hp_loss":0.0,"gold_gain":0.0,"event_name":"Bonfire Elementals","player_choice":"Offered Basic","floor":5.0,"gold_loss":0.0,"damage_taken":0.0},{"damage_healed":0.0,"max_hp_gain":0.0,"max_hp_loss":0.0,"gold_gain":0.0,"event_name":"Wheel of Change","player_choice":"Full Heal","floor":20.0,"gold_loss":0.0,"damage_taken":0.0},{"cards_removed":["Defend_G"],"damage_healed":0.0,"max_hp_gain":0.0,"max_hp_loss":0.0,"gold_gain":0.0,"event_name":"Designer","player_choice":"Upgrade and Remove","floor":24.0,"gold_loss":90.0,"damage_taken":0.0,"cards_upgraded":["Strike_G"]},{"cards_removed":["Fluid Movement"],"damage_healed":0.0,"max_hp_gain":0.0,"max_hp_loss":0.0,"gold_gain":0.0,"event_name":"Falling","player_choice":"Removed Power","floor":39.0,"gold_loss":0.0,"damage_taken":0.0},{"damage_healed":21.0,"max_hp_gain":0.0,"max_hp_loss":0.0,"gold_gain":0.0,"event_name":"Winding Halls","player_choice":"Writhe","floor":41.0,"gold_loss":0.0,"damage_taken":0.0,"cards_obtained":["Writhe"]},{"damage_healed":0.0,"max_hp_gain":0.0,"max_hp_loss":0.0,"gold_gain":0.0,"event_name":"Duplicator","player_choice":"Copied","floor":47.0,"gold_loss":0.0,"damage_taken":0.0,"cards_obtained":["Backstab"]}],"is_beta":false,"boss_relics":[{"not_picked":["Kintsugi","Ring of Chaos"],"picked":"Tiny House"},{"not_picked":["Runic Dome","Fusion Hammer"],"picked":"Philosopher\u0027s Stone"}],"items_purged_floors":[0,19],"is_endless":false,"potions_floor_spawned":[2,4,12,14,16,21,27,30,35,43,44,49,50,56],"ascension_level":4}}