{"host":"z9811rt50ti81n54","time":1611575690,"event":{"mods":["BaseMod","Better Match","Better Skull","Better Third Choice","Minty Spire (QoL Compilation)","Permanent Neow","StSLib","SuperFastMode"],"gold_per_floor":[112,13,13,33,50,50,62,62,89,149,149,177,29,39,39,144,144,158,158,29,29,41,41,41,57,57,72,72,22,54,70,70,169,169,186,186,186,202,252,252,264,264,264,264,264,264,281,301,301,301],"floor_reached":51,"language":"ENG","playtime":1464,"items_purged":["Strike_P"],"score":690,"play_id":"70d989cf-61d2-4130-87e0-356a3924ab0c","local_time":"20210125205450","is_ascension_mode":false,"campfire_choices":[{"data":"Eruption","floor":6,"key":"SMITH"},{"floor":11,"key":"REST"},{"data":"Judgement","floor":15,"key":"SMITH"},{"data":"Alpha","floor":23,"key":"SMITH"},{"floor":28,"key":"REST"},{"floor":32,"key":"REST"},{"data":"ConjureBlade","floor":40,"key":"SMITH"},{"data":"Worship","floor":42,"key":"SMITH"},{"data":"Wallop","floor":44,"key":"SMITH"},{"data":"SandsOfTime","floor":46,"key":"SMITH"},{"data":"DeceiveReality","floor":49,"key":"SMITH"}],"circlet_count":0,"master_deck":["Defend_P","Defend_P","Eruption+1","Vigilance","BowlingBash","SandsOfTime+1","EmptyBody","Conclude","PathToVictory","DeceiveReality+1","FlurryOfBlows","Protect","Judgement+1","Worship+1","Alpha+1","WreathOfFlame","EmptyFist","Wallop+1","Protect","ClearTheMind+1","LikeWater+1","ConjureBlade+1","Protect+1"],"relics":["HolyWater","Bronze Scales","Regal Pillow","Orichalcum","Busted Crown","Enchiridion","Unceasing Top","Eternal Feather","Ice Cream","MealTicket","Molten Egg 2"],"acts_visited":["Exordium","TheCity","TheBeyond"],"potions_floor_usage":[30,30,30,30,30,31,50,50,50],"damage_taken":[{"damage":3,"enemies":"Jaw Worm","floor":1,"turns":3},{"damage":0,"enemies":"2 Louse","floor":4,"turns":1},{"damage":0,"enemies":"Small Slimes","floor":5,"turns":2},{"damage":0,"enemies":"2 Fungi Beasts","floor":7,"turns":2},{"damage":21,"enemies":"Lagavulin Event","floor":10,"turns":6},{"damage":0,"enemies":"Lagavulin","floor":12,"turns":4},{"damage":2,"enemies":"Looter","floor":14,"turns":2},{"damage":17,"enemies":"The Guardian","floor":16,"turns":9},{"damage":0,"enemies":"Chosen","floor":18,"turns":3},{"damage":8,"enemies":"2 Thieves","floor":22,"turns":3},{"damage":0,"enemies":"Snecko","floor":25,"turns":5},{"damage":15,"enemies":"Snake Plant","floor":27,"turns":4},{"damage":1,"enemies":"Book of Stabbing","floor":30,"turns":4},{"damage":17,"enemies":"Shelled Parasite and Fungi","floor":31,"turns":4},{"damage":2,"enemies":"Champ","floor":33,"turns":7},{"damage":8,"enemies":"Orb Walker","floor":35,"turns":4},{"damage":20,"enemies":"3 Darklings","floor":38,"turns":3},{"damage":4,"enemies":"Mind Bloom Boss Battle","floor":39,"turns":6},{"damage":29,"enemies":"Spire Growth","floor":41,"turns":7},{"damage":6,"enemies":"4 Shapes","floor":47,"turns":6},{"damage":8,"enemies":"Sphere and 2 Shapes","floor":48,"turns":5},{"damage":21,"enemies":"Awakened One","floor":50,"turns":10}],"seed_played":"-3106026699535816591","potions_obtained":[{"floor":4,"key":"SpeedPotion"},{"floor":10,"key":"Explosive Potion"},{"floor":14,"key":"FairyPotion"},{"floor":22,"key":"EntropicBrew"},{"floor":30,"key":"BlessingOfTheForge"},{"floor":31,"key":"Energy Potion"},{"floor":33,"key":"SkillPotion"},{"floor":39,"key":"PowerPotion"}],"is_trial":false,"path_per_floor":["M","$","?","M","M","R","M","?","T","?","R","E","$","M","R","B",null,"M","?","$","?","M","R","?","M","T","M","R","$","E","M","R","B",null,"M","?","?","M","?","R","M","R","T","R","T","R","M","M","R","B",null],"character_chosen":"WATCHER","items_purchased":["SandsOfTime","EmptyBody","Judgement","Wallop","Protect","Strength Potion"],"campfire_rested":3,"item_purchase_floors":[2,2,13,20,20,29],"current_hp_per_floor":[48,48,34,34,34,34,34,34,34,13,49,49,49,47,47,30,72,72,72,72,56,48,48,35,35,35,20,58,58,57,40,77,75,77,69,69,69,49,45,57,28,40,40,52,52,64,58,50,62,41],"gold":301,"neow_bonus":"REMOVE_TWO","is_daily":false,"chose_seed":false,"campfire_upgraded":8,"win_rate":0.0,"timestamp":1611575690,"path_taken":["M","$","?","M","M","R","M","?","T","?","R","E","$","M","R","BOSS","M","?","$","?","M","R","?","M","T","M","R","$","E","M","R","BOSS","M","?","?","M","?","R","M","R","T","R","?","R","M","M","R","BOSS"],"items_purchased_type":["Card","Card","Card","Card","Card","Potion"],"build_version":"2020-12-22","purchased_purges":1,"victory":true,"max_hp_per_floor":[72,72,72,72,72,72,72,72,72,72,72,72,72,72,72,72,72,72,72,72,72,72,72,77,77,77,77,77,77,77,77,77,77,77,77,77,77,77,77,77,77,77,77,77,77,77,77,77,77,77],"card_choices":[{"not_picked":["Protect","CrushJoints"],"picked":"BowlingBash","floor":1},{"not_picked":["ClearTheMind","BowlingBash"],"picked":"Conclude","floor":4},{"not_picked":["Crescendo","BowlingBash"],"picked":"PathToVictory","floor":5},{"not_picked":["SignatureMove","ForeignInfluence"],"picked":"DeceiveReality","floor":7},{"not_picked":["Fasting2","BowlingBash"],"picked":"FlurryOfBlows","floor":10},{"not_picked":["EmptyMind","Halt"],"picked":"Protect","floor":12},{"not_picked":["DeceiveReality","ForeignInfluence"],"picked":"Worship","floor":14},{"not_picked":["Scrawl","ConjureBlade"],"picked":"Alpha","floor":16},{"not_picked":["ForeignInfluence"],"picked":"SKIP","floor":18},{"not_picked":["Crescendo"],"picked":"SKIP","floor":22},{"not_picked":[],"picked":"ClearTheMind+1","floor":25},{"not_picked":[],"picked":"LikeWater+1","floor":27},{"not_picked":["CarveReality+1"],"picked":"SKIP","floor":30},{"not_picked":["SandsOfTime"],"picked":"SKIP","floor":31},{"not_picked":[],"picked":"ConjureBlade","floor":33},{"not_picked":["PathToVictory"],"picked":"SKIP","floor":35},{"not_picked":["Evaluate"],"picked":"SKIP","floor":38},{"not_picked":[],"picked":"Protect+1","floor":39},{"not_picked":["FlurryOfBlows"],"picked":"SKIP","floor":41},{"not_picked":["Crescendo"],"picked":"SKIP","floor":47},{"not_picked":["ThirdEye"],"picked":"SKIP","floor":48}],"player_experience":413820,"relics_obtained":[{"floor":9,"key":"Bronze Scales"},{"floor":10,"key":"Regal Pillow"},{"floor":12,"key":"Orichalcum"},{"floor":21,"key":"Enchiridion"},{"floor":26,"key":"Unceasing Top"},{"floor":30,"key":"Eternal Feather"},{"floor":39,"key":"Ice Cream"},{"floor":43,"key":"MealTicket"},{"floor":45,"key":"Molten Egg 2"}],"event_choices":[{"damage_healed":0,"gold_gain":0,"player_choice":"Entered Light","damage_taken":14,"max_hp_gain":0,"max_hp_loss":0,"event_name":"Shining Light","floor":3,"gold_loss":0,"cards_upgraded":["Strike_P","Strike_P"]},{"cards_removed":["Strike_P"],"damage_healed":0,"gold_gain":0,"player_choice":"Forget","damage_taken":0,"max_hp_gain":0,"max_hp_loss":0,"event_name":"Living Wall","floor":8,"gold_loss":0},{"damage_healed":0,"gold_gain":30,"player_choice":"Searched \u00272\u0027 times","damage_taken":0,"max_hp_gain":0,"max_hp_loss":0,"event_name":"Dead Adventurer","floor":10,"gold_loss":0},{"damage_healed":0,"gold_gain":0,"cards_transformed":["Strike_P","Strike_P"],"player_choice":"Became Test Subject","damage_taken":0,"max_hp_gain":0,"max_hp_loss":0,"event_name":"Drug Dealer","floor":19,"gold_loss":0,"cards_obtained":["WreathOfFlame","EmptyFist"]},{"damage_healed":0,"gold_gain":0,"player_choice":"Obtained Book","damage_taken":16,"max_hp_gain":0,"max_hp_loss":0,"event_name":"Cursed Tome","floor":21,"gold_loss":0},{"damage_healed":0,"gold_gain":0,"player_choice":"Shed Blood","damage_taken":18,"max_hp_gain":5,"max_hp_loss":0,"event_name":"Forgotten Altar","floor":24,"gold_loss":0},{"damage_healed":0,"gold_gain":0,"player_choice":"Ignored","damage_taken":0,"max_hp_gain":0,"max_hp_loss":0,"event_name":"Tomb of Lord Red Mask","floor":36,"gold_loss":0},{"damage_healed":0,"gold_gain":0,"player_choice":"Ignored","damage_taken":0,"max_hp_gain":0,"max_hp_loss":0,"event_name":"Mysterious Sphere","floor":37,"gold_loss":0},{"damage_healed":0,"gold_gain":0,"player_choice":"Fight","damage_taken":0,"max_hp_gain":0,"max_hp_loss":0,"event_name":"MindBloom","floor":39,"gold_loss":0}],"is_beta":false,"boss_relics":[{"not_picked":["Black Star","Philosopher\u0027s Stone"],"picked":"Busted Crown"},{"not_picked":["Coffee Dripper","Tiny House"],"picked":"HolyWater"}],"items_purged_floors":[13],"is_endless":false,"potions_floor_spawned":[4,10,14,22,30,31,33,39,41],"ascension_level":0}}