{"host":"bplbr8uekuotory4","time":1611568718,"event":{"mods":["Act Like it!","BaseMod","Minty Spire (QoL Compilation)","Quick Restart","Replay The Spire","Spicy Shops","StSLib","TestMod","The Blackbeard","[IsaacMod]以撒尖塔"],"gold_per_floor":[119,44,59,59,59,59,85,104,104,104,104,104,137,157,157,263,263,288,288,288,306,333,380,401,442,469,469,568,568,590,590,590,704,704,725,725,751,783,783,841,841,878,878,893,893,910,910,955,955,987,987,987,987,1031,1048],"floor_reached":56,"language":"ZHS","playtime":1987,"items_purged":["Zap","Defend_B","Strike_B","Defend_B","Defend_B","Strike_B","Dualcast","testmod-Dream+1","Strike_B","Gash","Pot Of Greed+1","Defend_B+1","Core Surge"],"score":1967,"play_id":"6ca40a29-15c1-4f97-99df-c9c1ee5799ba","local_time":"20210125175838","is_ascension_mode":true,"campfire_choices":[{"data":"Panacea","floor":6.0,"key":"SMITH"},{"data":"testmod-Dream","floor":11.0,"key":"SMITH"},{"data":"Strike_B","floor":15.0,"key":"PURGE"},{"data":"Defragment","floor":29,"key":"SMITH"},{"data":"Pot Of Greed","floor":32,"key":"SMITH"},{"floor":49,"key":"RECALL"},{"data":"Gash","floor":52,"key":"SMITH"}],"circlet_count":0,"master_deck":["AscendersBane","testmod-Dream+1","Panacea+1","Pot Of Greed+1","Seek+1","Defragment+1","Gash+1","Ball Lightning+1"],"relics":["Cracked Core","testmod-TestBox","HushsDoor","SteamSale","testmod-FatalChain","Membership Card","Bag of Marbles","Anchor","BelialBook","BloodDonationMachine","ReplayTheSpireMod:ShopPack","Chemical X","testmod-Justice","Replay:Wax Seal","Replay:WaspNest","Grinning Jar","Cauldron","Onion Ring","Singing Bowl","testmod-Fortitude","Mirror","ReplayTheSpireMod:TigerMarble","testmod-Acrobat","Lee\u0027s Waffle","Guide Book","DataDisk","Runic Pyramid","GuppysPaw","SatanicBible","ReplayTheSpireMod:Lightbulb","BFFS","Oddly Smooth Stone","Turnip","Question Card","Sling","Toy Ornithopter","BookofShadows","Matryoshka","HornCleat","Mango","Strange Spoon","SlaversCollar","GuppysCollar","TheAbacus","DeathBook","ReplayFunnel","CeramicFish","Habit","War Paint","testmod-AssaultLearning","testmod-InjuryResistance","SharpPlug","Golden Egg","Raider\u0027s Mask","Gremlin Food","TuHaoJin","White Beast Statue","Replay:Rubber Ducky","Runic Capacitor","testmod-LifeArmor","Boot","testmod-CyclicPeriapt","Bottled Tornado","Replay:Frozen Program","Carrot","Mercury Hourglass","TheBean","Orrery","Prayer Wheel","Bronze Scales"],"acts_visited":["Exordium","TheCity","TheBeyond","TheEnding"],"potions_floor_usage":[23,33,33,50,50,55,55],"damage_taken":[{"damage":6.0,"enemies":"Cultist","floor":1.0,"turns":3.0},{"damage":0.0,"enemies":"2 Louse","floor":3.0,"turns":2.0},{"damage":28.0,"enemies":"Lagavulin","floor":7.0,"turns":8.0},{"damage":0.0,"enemies":"Small Slimes","floor":8.0,"turns":1.0},{"damage":8.0,"enemies":"Gremlin Nob","floor":13.0,"turns":4.0},{"damage":0.0,"enemies":"Gremlin Gang","floor":14.0,"turns":1.0},{"damage":46,"enemies":"The Guardian","floor":16,"turns":4},{"damage":0,"enemies":"Chosen","floor":18,"turns":2},{"damage":5,"enemies":"2 Thieves","floor":21,"turns":3},{"damage":0,"enemies":"Snake Plant","floor":22,"turns":2},{"damage":0,"enemies":"Gremlin Leader","floor":23,"turns":5},{"damage":11,"enemies":"Sentry and Sphere","floor":24,"turns":3},{"damage":17,"enemies":"Book of Stabbing","floor":25,"turns":3},{"damage":0,"enemies":"Centurion and Healer","floor":30,"turns":3},{"damage":0,"enemies":"Collector","floor":33,"turns":4},{"damage":14,"enemies":"3 Shapes","floor":35,"turns":2},{"damage":0,"enemies":"Orb Walker","floor":37,"turns":1},{"damage":1,"enemies":"Maw","floor":38,"turns":3},{"damage":0,"enemies":"R_Hoarder","floor":40,"turns":3},{"damage":0,"enemies":"Nemesis","floor":42,"turns":1},{"damage":0,"enemies":"3 Darklings","floor":44,"turns":1},{"damage":0,"enemies":"Sphere and 2 Shapes","floor":46,"turns":2},{"damage":5,"enemies":"Maw","floor":48,"turns":4},{"damage":0,"enemies":"Replay:Hell Engine","floor":50,"turns":7},{"damage":8,"enemies":"Shield and Spear","floor":54,"turns":3},{"damage":0,"enemies":"The Heart","floor":55,"turns":4}],"seed_played":"-5209464627517850285","potions_obtained":[{"floor":7.0,"key":"Weak Potion"},{"floor":14.0,"key":"EssenceOfSteel"},{"floor":24,"key":"Doom Potion"},{"floor":37,"key":"Explosive Potion"}],"is_trial":false,"path_per_floor":["M","$","M","$","?","R","E","M","T","T","R","$","E","M","R","B",null,"M","?","$","M","M","E","M","E","T","$","?","R","M","?","R","B",null,"M","?","M","M","$","E","?","E","T","M","$","M","$","M","R","B",null,"R","$","E","B",null],"character_chosen":"DEFECT","items_purchased":["Membership Card","Bag of Marbles","Anchor","BelialBook","BloodDonationMachine","ReplayTheSpireMod:ShopPack","Adrenaline Potion","Block Potion","Chemical X","testmod-Justice","Replay:Wax Seal","Replay:WaspNest","Grinning Jar","Cauldron","Mirror","ReplayTheSpireMod:TigerMarble","testmod-Acrobat","Lee\u0027s Waffle","Guide Book","GuppysPaw","SatanicBible","BFFS","Oddly Smooth Stone","Turnip","Question Card","Sling","Matryoshka","HornCleat","Mango","Strange Spoon","Defragment","Gash","GuppysCollar","TheAbacus","DeathBook","ReplayFunnel","CeramicFish","Habit","War Paint","PotionOfCapacity","Raider\u0027s Mask","Gremlin Food","TuHaoJin","White Beast Statue","Replay:Rubber Ducky","Runic Capacitor","testmod-LifeArmor","Boot","testmod-CyclicPeriapt","Bottled Tornado","Replay:Frozen Program","Carrot","Mercury Hourglass","TheBean","Orrery","FocusPotion","Swift Potion"],"campfire_rested":0,"item_purchase_floors":[2,2,2,2,2,2,2,2,4,4,4,4,4,4,12,12,12,12,12,17,17,20,20,20,20,20,27,27,27,27,27,27,34,39,39,39,39,39,39,39,45,45,45,45,45,47,47,47,47,47,53,53,53,53,53,53,53],"current_hp_per_floor":[69,69,69,69,69,69,41,41,41,41,41,89,83,85,85,39,61,63,63,63,60,62,62,53,38,38,52,52,52,54,54,54,66,74,62,140,142,143,143,143,143,145,145,147,147,149,149,146,146,156,165,165,175,169,179],"gold":1048,"neow_bonus":"TEN_PERCENT_HP_BONUS","is_daily":false,"chose_seed":false,"campfire_upgraded":5,"win_rate":0.0,"timestamp":1611568718,"path_taken":["M","$","M","?","?","R","E","?","T","?","R","$","E","M","R","BOSS","M","?","$","?","M","E","M","E","T","$","?","R","M","?","R","BOSS","M","?","M","M","$","E","?","E","T","M","$","M","$","M","R","BOSS","R","$","E","BOSS"],"items_purchased_type":["Relic","Relic","Relic","Relic","Relic","Relic","Potion","Potion","Relic","Relic","Relic","Relic","Relic","Relic","Relic","Relic","Relic","Relic","Relic","Relic","Relic","Relic","Relic","Relic","Relic","Relic","Relic","Relic","Relic","Relic","Card","Card","Relic","Relic","Relic","Relic","Relic","Relic","Relic","Potion","Relic","Relic","Relic","Relic","Relic","Relic","Relic","Relic","Relic","Relic","Relic","Relic","Relic","Relic","Relic","Potion","Potion"],"build_version":"2020-12-22","purchased_purges":13,"victory":true,"max_hp_per_floor":[82,82,82,82,82,82,82,82,82,82,82,89,91,93,93,93,68,70,70,70,72,74,74,76,78,78,92,92,92,94,94,94,96,76,78,156,158,160,160,160,160,162,162,164,164,166,166,168,168,168,168,168,178,180,180],"card_choices":[{"not_picked":["Sweeping Beam","Double Energy","Coolheaded"],"picked":"SKIP","floor":1.0},{"not_picked":["The Bomb","testmod-Reverberation"],"picked":"testmod-Dream","floor":2.0},{"not_picked":["Panacea","Mayhem"],"picked":"testmod-Dream","floor":2.0},{"not_picked":["Secret Weapon","Replay:Sssssssssstrike"],"picked":"Panacea","floor":2.0},{"not_picked":["Double Energy","Panic Button","Compile Driver"],"picked":"SKIP","floor":3.0},{"not_picked":["Reinforced Body","Go for the Eyes"],"picked":"Seek","floor":7.0},{"not_picked":["Turbo","Blizzard","Loop"],"picked":"SKIP","floor":8.0},{"not_picked":["Biased Cognition","ReplayGash","Conserve Battery"],"picked":"Singing Bowl","floor":13.0},{"not_picked":["Chill","White Noise","Hello World"],"picked":"Singing Bowl","floor":14.0},{"not_picked":["Meteor Strike","Buffer"],"picked":"Core Surge","floor":16},{"not_picked":["Cold Snap","ReplayTheSpireMod:Calculation Training","Rip and Tear"],"picked":"Singing Bowl","floor":18},{"not_picked":["Go for the Eyes","Coolheaded+1","Steam","Defragment"],"picked":"Singing Bowl","floor":21},{"not_picked":["Conserve Battery","Stack","Streamline+1","Coolheaded"],"picked":"Singing Bowl","floor":22},{"not_picked":["Storm","Redo","Blizzard"],"picked":"Gash","floor":23},{"not_picked":["Cold Snap","Undo","Cancel+1","Coolheaded"],"picked":"Singing Bowl","floor":24},{"not_picked":["Meteor Strike","Leap","Barrage+1","Distribution+1"],"picked":"Singing Bowl","floor":25},{"not_picked":["Defragment","Rebound","Turbo","Stack"],"picked":"Singing Bowl","floor":30},{"not_picked":["All For One","Meteor Strike","Reboot","Fission"],"picked":"Singing Bowl","floor":33},{"not_picked":["Skim","Streamline+1","Time Bomb+1","ReplayTheSpireMod:Reroute Power"],"picked":"Singing Bowl","floor":35},{"not_picked":["BasicCrystalCard","Hello World","Conserve Battery+1","Turbo"],"picked":"Singing Bowl","floor":37},{"not_picked":["Sunder+1","Doom and Gloom+1","Creative AI","Crystallizer"],"picked":"Singing Bowl","floor":38},{"not_picked":["Consume+1","Streamline+1","ReplayTheSpireMod:Calculation Training+1"],"picked":"Ball Lightning+1","floor":40},{"not_picked":["Sweeping Beam+1","Hologram+1","Fan","FIFO Queue+1"],"picked":"Singing Bowl","floor":42},{"not_picked":["Glacier+1","Blizzard","Biased Cognition","Barrage+1"],"picked":"Singing Bowl","floor":44},{"not_picked":["Cold Snap","Stack+1","Auto Shields+1","Time Bomb+1"],"picked":"Singing Bowl","floor":46},{"not_picked":["Defragment","Conserve Battery+1","Lockon+1","Sweeping Beam"],"picked":"Singing Bowl","floor":48},{"not_picked":["Gash+1","Echo Form","Coolheaded+1","Turbo+1"],"picked":"Singing Bowl","floor":53},{"not_picked":["BasicCrystalCard","Doom and Gloom","Genetic Algorithm+1","Coolheaded+1"],"picked":"Singing Bowl","floor":53},{"not_picked":["Compile Driver+1","FIFO Queue","Darkness+1","Self Repair+1"],"picked":"Singing Bowl","floor":53},{"not_picked":["Sweeping Beam+1","Time Bomb+1","Compile Driver","Doom and Gloom+1"],"picked":"Singing Bowl","floor":53},{"not_picked":["Stack","BasicCrystalCard+1","Leap+1","Hologram"],"picked":"Singing Bowl","floor":53},{"not_picked":["Heatsinks","Skim+1","ReplaySort","Go for the Eyes"],"picked":"Singing Bowl","floor":54}],"player_experience":493790,"relics_obtained":[{"floor":7.0,"key":"Onion Ring"},{"floor":9.0,"key":"Singing Bowl"},{"floor":10.0,"key":"testmod-Fortitude"},{"floor":13.0,"key":"DataDisk"},{"floor":23,"key":"Toy Ornithopter"},{"floor":25,"key":"BookofShadows"},{"floor":40,"key":"testmod-AssaultLearning"},{"floor":42,"key":"testmod-InjuryResistance"},{"floor":43,"key":"SharpPlug"},{"floor":43,"key":"Golden Egg"},{"floor":54,"key":"Bronze Scales"}],"event_choices":[{"damage_healed":0,"gold_gain":99,"player_choice":"Stole From Cult","damage_taken":0,"max_hp_gain":0,"max_hp_loss":0,"event_name":"Nest","floor":28,"gold_loss":0},{"damage_healed":0,"gold_gain":0,"player_choice":"Swap Relic","damage_taken":0,"relics_obtained":["testmod-HarvestTotem"],"max_hp_gain":0,"max_hp_loss":0,"event_name":"给自己的盒子","floor":36,"relics_lost":["testmod-HarvestTotem"],"gold_loss":0},{"damage_healed":0,"gold_gain":0,"player_choice":"Bought 0 Potions","damage_taken":0,"max_hp_gain":0,"max_hp_loss":0,"event_name":"The Woman in Blue","floor":41,"gold_loss":0}],"is_beta":false,"boss_relics":[{"not_picked":["testmod-BloodSacrificeSpiritualization","Sozu"],"picked":"Runic Pyramid"},{"not_picked":[]},{"not_picked":["testmod-KeyOfTheVoid","testmod-NegativeEmotionEnhancer"],"picked":"SlaversCollar"},{"not_picked":[]}],"items_purged_floors":[2,4,4,12,17,20,27,34,39,45,45,47,53],"is_endless":false,"potions_floor_spawned":[3,7,14,16,21,22,24,37,46,48,54],"ascension_level":11}}