{"host":"ufkzeakl19078kvy","time":1611553524,"event":{"mods":["Act Like it!","BaseMod","Gensokyo","Minty Spire (QoL Compilation)","Pale of the Ancients","StSLib","The Animator","The Servant 0.9.4"],"gold_per_floor":[109,121,121,139,155,155,170,170,221,36,36,63,63,63,63,161,161,379,379,379,399,195,208,208,219,219,239,239,239,339,351,351,447,447,460,480,161,171,117,146,146,146,146,180,180,180,180,195,195,195,213,232,232,308,308,308,308,334,334,334,334],"floor_reached":60,"language":"ZHS","playtime":9986,"items_purged":["Strike_S","animator:Curse_GriefSeed"],"score":1023,"play_id":"f564e824-33ad-48d6-bfd6-d1abb558b7be","local_time":"20210125134524","is_ascension_mode":false,"campfire_choices":[{"data":"KidneyShot","floor":6,"key":"SMITH"},{"data":"FlawlessForm","floor":8,"key":"SMITH"},{"data":"SilverBlades","floor":15,"key":"SMITH"},{"data":"Starlight","floor":24,"key":"SMITH"},{"data":"Gensokyo:SevenSchoolMysteries","floor":32,"key":"SMITH"},{"floor":49,"key":"RECALL"},{"data":"Starlight","floor":55,"key":"SMITH"},{"data":"SurpressingFire","floor":57,"key":"SMITH"}],"circlet_count":0,"master_deck":["Strike_S","Strike_S","Defend_S","Defend_S+1","Defend_S","KidneyShot+1","Exchange","SilverBlades+1","BottledTime+1","FastForward","FlawlessForm+1","InstantArmor","ShatteredReality","Foresight","WasteNot+1","MurderousAura","StarChef+1","Sabotage+1","TimeWarp+1","ShiftingGears+1","SurpressingFire","Starlight+1","SurpressingFire+1","FastForward+1","Gensokyo:SevenSchoolMysteries+1","Dilation+1","Rearm+1","Starlight+1","PendulumOfEternity","Rearm+1","SilverBlades","Gensokyo:HouraiInAPot+1","Starlight+1"],"relics":["Uniform","Gensokyo:LunaticRedEyes","Orrery","Happy Flower","Toxic Egg 2","Potion Belt","Astrolabe","Gensokyo:MosesMiracle","Mango","Ice Cream","Calipers","Sozu","War Paint","Omamori","Gensokyo:EmptyGrave","FossilizedHelix","Ornamental Fan","Juzu Bracelet","Pocketwatch","paleoftheancients:Timepiece","paleoftheancients:KeyRelic","Letter Opener","Spirit Poop","paleoftheancients:SoulOfTheShapes","Kunai","Bag of Preparation"],"acts_visited":["Gensokyo:Gensokyo","Gensokyo:Gensokyoer","Gensokyo:Gensokyoest","paleoftheancients:PaleOfTheAncients"],"potions_floor_usage":[16,16,31,31,60],"damage_taken":[{"damage":5,"enemies":"Gensokyo:Gryphon","floor":1,"turns":5},{"damage":4,"enemies":"Gensokyo:3_Fairies","floor":2,"turns":4},{"damage":4,"enemies":"Gensokyo:2_Kodama","floor":4,"turns":3},{"damage":24,"enemies":"Gensokyo:5_Fairies","floor":5,"turns":8},{"damage":16,"enemies":"Gensokyo:Python_and_Kodama","floor":7,"turns":6},{"damage":4,"enemies":"Gensokyo:Cirno","floor":12,"turns":6},{"damage":9,"enemies":"Gensokyo:Kokoro","floor":16,"turns":16},{"damage":11,"enemies":"Gensokyo:2_Gloops","floor":18,"turns":7},{"damage":1,"enemies":"Gensokyo:CosmicMonolith","floor":21,"turns":6},{"damage":0,"enemies":"Gensokyo:Chomper_and_Gloop","floor":23,"turns":6},{"damage":0,"enemies":"Gensokyo:Swordslinger","floor":25,"turns":5},{"damage":3,"enemies":"Gensokyo:Monolith_and_Dog","floor":27,"turns":5},{"damage":25,"enemies":"Gensokyo:Monolith_and_Dog","floor":30,"turns":8},{"damage":0,"enemies":"Gensokyo:3_Gloops","floor":31,"turns":6},{"damage":10,"enemies":"Gensokyo:Kaguya","floor":33,"turns":8},{"damage":13,"enemies":"Gensokyo:3_Bats","floor":35,"turns":4},{"damage":0,"enemies":"Gensokyo:AncientGuardian","floor":36,"turns":5},{"damage":5,"enemies":"Gensokyo:AtlasGolem","floor":38,"turns":6},{"damage":22,"enemies":"Gensokyo:Kasen","floor":40,"turns":7},{"damage":0,"enemies":"Gensokyo:Marisa","floor":44,"turns":6},{"damage":7,"enemies":"Gensokyo:Marisa","floor":46,"turns":7},{"damage":0,"enemies":"Gensokyo:Dusk_and_Dawn","floor":48,"turns":5},{"damage":0,"enemies":"Gensokyo:Scarlet_Devils","floor":50,"turns":6},{"damage":0,"enemies":"Gensokyo:Scarlet_Devils","floor":51,"turns":6},{"damage":43,"enemies":"Gensokyo:Scarlet_Devils","floor":52,"turns":5},{"damage":64,"enemies":"Gensokyo:Scarlet_Devils","floor":56,"turns":3},{"damage":82,"enemies":"paleoftheancients:N","floor":60,"turns":9}],"seed_played":"3892560642341526501","potions_obtained":[{"floor":1,"key":"LiquidBronze"},{"floor":12,"key":"Block Potion"},{"floor":21,"key":"DistilledChaos"},{"floor":25,"key":"Block Potion"},{"floor":27,"key":"FearPotion"}],"is_trial":false,"path_per_floor":["M","M","?","M","M","R","M","R","T","COS","?","E","?","?","R","B",null,"M","?","?","M","$","M","R","M","T","M","?","?","?","M","R","B",null,"M","M","$","M","COS","E","?","?","T","E","?","?","?","M","R","B","M","M","?","T","R","M","R","T","?","B"],"character_chosen":"THE_SERVANT","items_purchased":["SurpressingFire","Starlight","War Paint","SilverBlades"],"campfire_rested":0,"item_purchase_floors":[22,22,37,37],"current_hp_per_floor":[66,62,62,58,34,34,18,18,18,18,18,14,14,14,14,5,71,60,60,60,59,59,59,59,59,73,70,70,70,45,45,45,35,77,64,64,64,59,59,37,37,9,9,44,44,44,44,44,44,71,71,50,50,50,50,71,71,71,71,0,0],"gold":334,"neow_bonus":"TEN_PERCENT_HP_BONUS","is_daily":false,"chose_seed":false,"campfire_upgraded":7,"win_rate":0.0,"timestamp":1611553524,"path_taken":["M","M","?","M","M","R","?","R","T","COS","?","E","?","?","R","BOSS","M","?","?","M","?","M","R","?","T","M","?","?","?","?","R","BOSS","M","M","$","M","COS","E","?","?","T","E","?","?","?","M","R","BOSS","M","M","?","T","R","M","R","T","?","BOSS"],"items_purchased_type":["Card","Card","Relic","Card"],"build_version":"2020-12-22","purchased_purges":2,"victory":false,"max_hp_per_floor":[71,71,71,71,71,71,71,71,71,71,71,71,71,71,71,71,71,71,71,71,71,71,71,71,71,85,85,77,77,77,77,77,77,77,77,77,77,77,77,77,71,71,71,71,71,71,71,71,71,71,71,71,71,71,71,71,71,71,71,71,71],"card_choices":[{"not_picked":["Unruled","SpecialFormula"],"picked":"SilverBlades","floor":1},{"not_picked":["Potential","FastForward"],"picked":"BottledTime","floor":2},{"not_picked":["ShatteredReality","Revamp","Alleviate"],"picked":"SKIP","floor":4},{"not_picked":["TimeWarp","Gouge"],"picked":"FastForward","floor":5},{"not_picked":["Comet","Replace"],"picked":"FlawlessForm","floor":7},{"not_picked":["Barrier","Alleviate"],"picked":"InstantArmor","floor":10},{"not_picked":["Potential","Defy"],"picked":"Moonlight","floor":10},{"not_picked":["Gouge","Contraction"],"picked":"ShatteredReality","floor":10},{"not_picked":["Alleviate","TimeWarp"],"picked":"Foresight","floor":10},{"not_picked":["Unruled","Read+1"],"picked":"WasteNot","floor":12},{"not_picked":["LightFlow","PendulumOfEternity"],"picked":"MurderousAura","floor":16},{"not_picked":["Rewind+1","Unruled"],"picked":"TimeWarp+1","floor":18},{"not_picked":["ShatteredReality","Read+1"],"picked":"Potential","floor":21},{"not_picked":["Starlight","Replace+1"],"picked":"SurpressingFire","floor":23},{"not_picked":["Reset+1","Spin"],"picked":"FastForward+1","floor":25},{"not_picked":["Sunlight","Defy+1","Rewind+1"],"picked":"SKIP","floor":27},{"not_picked":["Gensokyo:MonkeysPaw+1","Gensokyo:ManorOfTheDishes"],"picked":"Gensokyo:SevenSchoolMysteries","floor":28},{"not_picked":["Potential","Starlight"],"picked":"Rearm+1","floor":30},{"not_picked":["Potential","Unruled"],"picked":"Starlight","floor":31},{"not_picked":["Initiator","Deny+1"],"picked":"PendulumOfEternity","floor":33},{"not_picked":["ReturningBlade","ShatteredReality+1","DoubleEdge"],"picked":"SKIP","floor":35},{"not_picked":["Defy+1","Replace+1"],"picked":"Rearm+1","floor":36},{"not_picked":["Misdirection+1","Starlight","Snipe+1"],"picked":"SKIP","floor":38},{"not_picked":["FanOfKnives","Collapse+1","ForgedInTime+1"],"picked":"SKIP","floor":40},{"not_picked":["Replace+1","TimeWarp","Rewind+1"],"picked":"SKIP","floor":44},{"not_picked":["Gensokyo:RainbowDanmaku+1","Gensokyo:RisingWorld+1"],"picked":"Gensokyo:HouraiInAPot+1","floor":46},{"not_picked":["Snipe+1","BestPractice","MoonPhase"],"picked":"SKIP","floor":48},{"not_picked":["ShatteredReality","Spin","Hightail+1"],"picked":"SKIP","floor":51},{"not_picked":["Barrier+1","ShiftingGears+1"],"picked":"Starlight+1","floor":52}],"player_experience":53774,"relics_obtained":[{"floor":12,"key":"Toxic Egg 2"},{"floor":25,"key":"Gensokyo:MosesMiracle"},{"floor":26,"key":"Mango"},{"floor":30,"key":"Ice Cream"},{"floor":30,"key":"Calipers"},{"floor":40,"key":"Omamori"},{"floor":43,"key":"Ornamental Fan"},{"floor":44,"key":"Juzu Bracelet"},{"floor":51,"key":"paleoftheancients:SoulOfTheShapes"},{"floor":54,"key":"Kunai"},{"floor":58,"key":"Bag of Preparation"}],"event_choices":[{"damage_healed":0,"gold_gain":0,"player_choice":"Upgraded","damage_taken":0,"max_hp_gain":0,"max_hp_loss":0,"event_name":"Upgrade Shrine","floor":53,"gold_loss":0,"cards_upgraded":["WasteNot"]}],"is_beta":false,"boss_relics":[{"not_picked":["Fusion Hammer","Black Star"],"picked":"Astrolabe"},{"not_picked":["Empty Cage","Runic Dome"],"picked":"Sozu"}],"items_purged_floors":[22,37],"is_endless":false,"potions_floor_spawned":[1,12,21,25,27,36,40,51],"killed_by":"paleoftheancients:N","ascension_level":0}}