{"host":"och2iitg9ibgz06n","time":1611617110,"event":{"mods":["Abigail Mod","AchievementEnabler","Aspiration","BaseMod","Colored Powertips","Dio Mod","Hubris","Hyrulean Relics","Infinite Spire","Minty Spire (QoL Compilation)","Replay The Spire","Small Relic Pack","StSLib","The Animator","The Bug Knight","The Hierophant","The Jungle","The Saiyan","TheHero","Wandering Minibosses","everything is the same but u backflip on backflip","slay the spire mod where everything is the same but ironclad has a cowboy hat"],"gold_per_floor":[114,114,125,135,96,127,142,142,142,170,170,190,190,221,221,321,321,340,340,355,355,370,370,370],"floor_reached":23,"language":"ENG","playtime":1389,"items_purged":[],"score":306,"play_id":"36f74c8a-2dc7-458c-b260-b2230086cb9f","local_time":"20210125172510","is_ascension_mode":true,"campfire_choices":[{"floor":8,"key":"REST"},{"floor":13,"key":"REST"},{"floor":15,"key":"REST"}],"circlet_count":0,"master_deck":["Strike_R","Strike_R","Strike_R","Strike_R","Strike_R","Defend_R+1","Defend_R","Defend_R","Defend_R","Bash+1","Disarm","Anger","Replay:Undeath\u0027s Touch","Rupture","Flame Barrier","Run Through","Iron Wave","Hallucinations","CommonCold","Limit Break","Seeing Red","Demon Form","Replay:Undeath\u0027s Touch+1","Metallicize+1","Power Through"],"relics":["Burning Blood","Pen Nib","Champion Belt","HollowMod:PaleOreRelic","hubris:TinFlute","Ooze Armor"],"acts_visited":["Exordium","TheCity"],"potions_floor_usage":[10,10,14,22,23],"damage_taken":[{"damage":14,"enemies":"Jaw Worm","floor":1,"turns":5},{"damage":5,"enemies":"Small Slimes","floor":3,"turns":5},{"damage":0,"enemies":"Cultist","floor":4,"turns":3},{"damage":26,"enemies":"Gremlin Nob","floor":6,"turns":4},{"damage":24,"enemies":"Exordium Thugs","floor":7,"turns":6},{"damage":20,"enemies":"3 Sentries","floor":10,"turns":8},{"damage":9,"enemies":"3 Louse","floor":12,"turns":4},{"damage":42,"enemies":"Lagavulin","floor":14,"turns":8},{"damage":26,"enemies":"The Guardian","floor":16,"turns":15},{"damage":5,"enemies":"Chosen","floor":18,"turns":5},{"damage":23,"enemies":"Shell Parasite","floor":20,"turns":6},{"damage":13,"enemies":"Snake Plant","floor":22,"turns":6},{"damage":31,"enemies":"Slavers","floor":23,"turns":5}],"seed_played":"-9145948677145720029","potions_obtained":[{"floor":1,"key":"ColorlessPotion"},{"floor":3,"key":"BloodPotion"},{"floor":7,"key":"Energy Potion"},{"floor":14,"key":"LifebloodPotion"},{"floor":22,"key":"Block Potion"}],"is_trial":false,"path_per_floor":["M","?","M","M","$","E","M","R","T","E","?","M","R","E","R","B",null,"M","?","M","?","M","E"],"character_chosen":"IRONCLAD","items_purchased":["Rupture"],"campfire_rested":3,"item_purchase_floors":[5],"current_hp_per_floor":[64,64,65,71,71,51,33,57,57,43,43,40,64,44,68,48,72,73,57,40,40,33,2,2],"gold":370,"neow_bonus":"UPGRADE_CARD","is_daily":false,"chose_seed":false,"campfire_upgraded":0,"win_rate":0.0,"timestamp":1611617110,"path_taken":["M","?","M","M","$","E","M","R","T","E","?","M","R","E","R","BOSS","M","?","M","?","M","E"],"items_purchased_type":["Card"],"build_version":"2020-12-22","purchased_purges":0,"victory":false,"max_hp_per_floor":[80,80,80,80,80,80,80,80,80,80,80,80,80,80,80,80,80,80,80,80,80,80,80,80],"card_choices":[{"not_picked":["Replay:Undeath\u0027s Touch","Clothesline"],"picked":"Disarm","floor":1},{"not_picked":["Dark Embrace","Clothesline"],"picked":"Anger","floor":3},{"not_picked":["ReplayTheSpireMod:Strike From Hell","Life Link"],"picked":"Replay:Undeath\u0027s Touch","floor":4},{"not_picked":["Dark Embrace","Whirlwind"],"picked":"Flame Barrier","floor":6},{"not_picked":["Shrug It Off","Body Slam"],"picked":"Run Through","floor":7},{"not_picked":["Shockwave","Pommel Strike"],"picked":"Iron Wave","floor":10},{"not_picked":["Pommel Strike","Entrench"],"picked":"Limit Break","floor":12},{"not_picked":["Shockwave","hubris:ReadiedAction"],"picked":"Seeing Red","floor":14},{"not_picked":["Barricade","Limit Break"],"picked":"Demon Form","floor":16},{"not_picked":["Defy Death+1","Clothesline"],"picked":"Replay:Undeath\u0027s Touch+1","floor":18},{"not_picked":["Second Wind","Perfected Strike"],"picked":"Metallicize+1","floor":20},{"not_picked":["Sentinel","ReplayTheSpireMod:Stacked"],"picked":"Power Through","floor":22}],"player_experience":487775,"relics_obtained":[{"floor":6,"key":"Pen Nib"},{"floor":9,"key":"Champion Belt"},{"floor":10,"key":"HollowMod:PaleOreRelic"},{"floor":14,"key":"hubris:TinFlute"}],"event_choices":[{"damage_healed":0,"gold_gain":0,"player_choice":"Obtained Book","damage_taken":16,"max_hp_gain":0,"max_hp_loss":0,"event_name":"Cursed Tome","floor":19,"gold_loss":0}],"is_beta":false,"boss_relics":[{"not_picked":["hubris:BlackHole","ReplayTheSpireMod:SealedPack"],"picked":"Ooze Armor"}],"items_purged_floors":[],"is_endless":false,"potions_floor_spawned":[1,3,7,14,22],"killed_by":"Slavers","ascension_level":9}}