{"host":"h5acbxt0wmjo1kpm","time":1611560980,"event":{"mods":["2.2 Compatiblity","Act Like it!","AlwaysNeverKeys","Aspiration","Bard","Bartender","BaseMod","Better Third Choice","Colored Map","Elementarium","Gensokyo","GifTheSpireLib","Hallownest","Marisa????????","Menagerie","Minty Spire (QoL Compilation)","Permanent Neow","Potionbrewer","Quick Restart","Relic Filter","Reliquary","Replay The Spire","Robot Space Explorer","RumiaBox-????????","Shade Mod","Spicy Shops","StSLib","Strawberry Spire","The Blackbeard","The Dragon Tamer","The Gatherer","The Hayseed","The Problem Sleuth","The Servant 0.9.4","Wandering Minibosses","Wide Potions"],"gold_per_floor":[112,112,38,52,52,52,85,85,153,178,198,42,42,42,42,120,120,74,29,29,29],"floor_reached":19,"language":"ENG","playtime":751,"items_purged":[],"score":347,"play_id":"b0f331ae-fd74-43ee-bea2-9a65ce5640fc","local_time":"20210124234940","is_ascension_mode":true,"campfire_choices":[{"floor":6,"key":"REST"},{"data":"blackbeard:InfiniteBarrage","floor":13,"key":"SMITH"},{"data":"Bash","floor":15,"key":"SMITH"}],"circlet_count":0,"master_deck":["AscendersBane","blackbeard:BlackbeardStrike","blackbeard:BlackbeardStrike","blackbeard:BlackbeardStrike","blackbeard:BlackbeardStrike","blackbeard:IntimidatingStrike+1","blackbeard:BlackbeardDefend","blackbeard:BlackbeardDefend+1","blackbeard:BlackbeardDefend","blackbeard:BlackbeardDefend","blackbeard:CannonBarrage","blackbeard:RearmingStrike","blackbeard:Spear","blackbeard:BrownPants","blackbeard:TacticalRetreat","Bash+1","blackbeard:CloakAndCannonball","blackbeard:InfiniteBarrage+1","blackbeard:Halberd","blackbeard:PirateHook"],"relics":["aspiration:RandomNobGenerator","White_Cape","aspiration:StickyExplosives_weak","Divine Protection","Replay:Wax Seal","aspiration:Lifesprig","Regal Pillow"],"acts_visited":["Exordium","TheCity"],"potions_floor_usage":[4,16,18],"damage_taken":[{"damage":3.0,"enemies":"Jaw Worm","floor":1.0,"turns":4.0},{"damage":0,"enemies":"2 Louse","floor":4,"turns":2},{"damage":10,"enemies":"Lagavulin","floor":7,"turns":7},{"damage":0,"enemies":"Gremlin Nob","floor":10,"turns":4},{"damage":0,"enemies":"Small Slimes","floor":11,"turns":2},{"damage":21,"enemies":"Hexaghost","floor":16,"turns":8},{"damage":42,"enemies":"Spheric Guardian","floor":18,"turns":8},{"damage":23,"enemies":"2 Thieves","floor":19,"turns":2}],"seed_played":"6333711576385791866","potions_obtained":[{"floor":1.0,"key":"Adrenaline Potion"},{"floor":10,"key":"BlessingOfTheForge"},{"floor":16,"key":"Death Potion"}],"is_trial":false,"path_per_floor":["M","?","$","M","?","R","E","?","T","E","M","$","R","T","R","B",null,"M","M"],"character_chosen":"BLACKBEARD_CLASS","items_purchased":["blackbeard:RearmingStrike","blackbeard:Spear","aspiration:Lifesprig"],"campfire_rested":1,"item_purchase_floors":[3,3,12],"current_hp_per_floor":[61,40,40,40,29,50,40,40,40,40,40,40,40,40,40,19,58,16,0,0,0],"gold":29,"neow_bonus":"BOSS_RELIC","is_daily":false,"chose_seed":false,"campfire_upgraded":2,"win_rate":0.0,"timestamp":1611560980,"path_taken":["M","?","$","M","?","R","E","?","T","E","M","$","R","?","R","BOSS","M","?"],"items_purchased_type":["Card","Card","Relic"],"build_version":"2020-12-22","purchased_purges":0,"victory":false,"max_hp_per_floor":[71,71,71,71,71,71,71,71,71,71,71,71,71,71,71,71,71,71,71,71,71],"card_choices":[{"not_picked":["blackbeard:TerrorOfTheSeas","blackbeard:DoubleCannonball"],"picked":"blackbeard:CannonBarrage","floor":1.0},{"not_picked":["blackbeard:SwordDance","blackbeard:Sharpening"],"picked":"blackbeard:BrownPants","floor":4},{"not_picked":["blackbeard:DelayedPain","blackbeard:WeaponMastery"],"picked":"blackbeard:TacticalRetreat","floor":7},{"not_picked":["blackbeard:Toast","blackbeard:BlindAttacks"],"picked":"blackbeard:CloakAndCannonball","floor":10},{"not_picked":["blackbeard:Fencing","blackbeard:AgileStrike"],"picked":"blackbeard:InfiniteBarrage","floor":11},{"not_picked":["blackbeard:Lifeboat","blackbeard:Murder"],"picked":"blackbeard:Halberd","floor":16},{"not_picked":["blackbeard:DoubleCannonball","blackbeard:Toast"],"picked":"blackbeard:PirateHook","floor":18}],"player_experience":2230794,"relics_obtained":[{"floor":7,"key":"aspiration:StickyExplosives_weak"},{"floor":9,"key":"Divine Protection"},{"floor":10,"key":"Replay:Wax Seal"},{"floor":14,"key":"Regal Pillow"}],"event_choices":[{"damage_healed":61,"gold_gain":0,"player_choice":"Upgrade","damage_taken":21,"max_hp_gain":0,"max_hp_loss":71,"event_name":"betterThird:BetterShining","floor":2,"gold_loss":0,"cards_upgraded":["blackbeard:BlackbeardDefend","blackbeard:IntimidatingStrike"]},{"damage_healed":0,"gold_gain":0,"player_choice":"Relic ","damage_taken":11,"max_hp_gain":0,"max_hp_loss":0,"event_name":"betterThird:BetterScrap","floor":5,"gold_loss":0,"cards_obtained":["Massacre"]}],"is_beta":false,"boss_relics":[{"not_picked":["strawberrySpire:JuiceKeg","Velvet Choker","ChewingGum"]}],"items_purged_floors":[],"is_endless":false,"potions_floor_spawned":[1,10,16],"killed_by":"2 Thieves","ascension_level":15}}