{"host":"0p0n41frih4f9rxw","time":1611561144,"event":{"mods":["Act Like it!","BaseMod","Downfall","Minty Spire (QoL Compilation)","Replay The Spire","StSLib","The Servant 0.9.4"],"gold_per_floor":[118,134,134,134,134,164,164,164,219,231,231,241,293,304,304,407,407,424,424,424,524,524,544,469,469,493,348,348,348],"floor_reached":28,"language":"ENG","playtime":1021,"items_purged":["Replay:Hysterical Blindness"],"score":239,"play_id":"bbb39ec8-aaa5-42e1-b613-5eebef5873ec","local_time":"20210125075224","is_ascension_mode":false,"campfire_choices":[{"data":"Reprogram","floor":7.0,"key":"SMITH"},{"data":"Initiator","floor":25.0,"key":"SMITH"}],"circlet_count":0,"master_deck":["Strike_S","Strike_S+1","Strike_S+1","Strike_S","Defend_S","Defend_S","Defend_S","Starlight","FastForward","Contraction","Duplication","Comet","RealityMarble","CurseOfTheBell","CurseOfTheBell","Initiator+1","BottledTime+1","DualDimension+1"],"relics":["Uniform","NeowsBlessing","Simple Rune","Vajra","Black Star","downfall:ExtraCursedBell","Pen Nib","Toxic Egg 2","Ginger","Replay:Baseball"],"acts_visited":["Exordium","TheCity"],"potions_floor_usage":[],"damage_taken":[{"damage":0.0,"enemies":"Cultist","floor":1.0,"turns":1.0},{"damage":0.0,"enemies":"Small Slimes","floor":2.0,"turns":2.0},{"damage":0.0,"enemies":"Lagavulin","floor":6.0,"turns":1.0},{"damage":3.0,"enemies":"2 Louse","floor":10.0,"turns":2.0},{"damage":1.0,"enemies":"2 Fungi Beasts","floor":12.0,"turns":3.0},{"damage":8.0,"enemies":"Large Slime","floor":14.0,"turns":4.0},{"damage":27.0,"enemies":"Slime Boss","floor":16.0,"turns":9.0},{"damage":5.0,"enemies":"Chosen","floor":18.0,"turns":7.0},{"damage":58.0,"enemies":"Shell Parasite","floor":23.0,"turns":10.0},{"damage":8,"enemies":"Snake Plant","floor":28,"turns":3}],"seed_played":"-2564072757397343315","potions_obtained":[{"floor":1.0,"key":"bronze:BurnAndBuffPotion"},{"floor":2.0,"key":"Weak Potion"},{"floor":10.0,"key":"Explosive Potion"},{"floor":12.0,"key":"Dexterity Potion"},{"floor":15.0,"key":"Cursed Concoction"},{"floor":15.0,"key":"Block Potion"}],"is_trial":false,"path_per_floor":["M","M","?","$","?","E","R","?","T","M","$","M","?","M","R","B",null,"M","?","$","?","?","M","?","R","T","$","M"],"character_chosen":"THE_SERVANT","items_purchased":["DualDimension+1"],"campfire_rested":0,"item_purchase_floors":[27],"current_hp_per_floor":[65,65,65,65,65,65,65,65,65,62,62,61,61,53,53,26,65,60,60,60,60,65,7,7,7,7,7,0,0],"gold":348,"neow_bonus":"THREE_ENEMY_KILL","is_daily":false,"chose_seed":false,"campfire_upgraded":2,"win_rate":0.0,"timestamp":1611561144,"path_taken":["M","?","?","?","?","E","R","?","T","M","$","M","?","M","R","BOSS","M","?","$","?","?","?","?","R","T","?","M"],"items_purchased_type":["Card"],"build_version":"2020-12-22","purchased_purges":1,"victory":false,"max_hp_per_floor":[65,65,65,65,65,65,65,65,65,65,65,65,65,65,65,65,65,65,65,65,65,65,65,65,65,65,65,65,65],"card_choices":[{"not_picked":["SurpressingFire","Manipulate"],"picked":"Starlight","floor":1.0},{"not_picked":["FanOfKnives","Advance"],"picked":"FastForward","floor":2.0},{"not_picked":["Unruled","Potential","Rewind"],"picked":"SKIP","floor":6.0},{"not_picked":["Alleviate","Foresight"],"picked":"Contraction","floor":10.0},{"not_picked":["ShatteredReality","Comet","Starlight"],"picked":"SKIP","floor":12.0},{"not_picked":["Replace","Alleviate","Revamp"],"picked":"SKIP","floor":14.0},{"not_picked":["ForgedInTime","Dilation"],"picked":"Duplication","floor":16.0},{"not_picked":["Read","Spin+1"],"picked":"Luminosity","floor":18.0},{"not_picked":["FastForward+1","Potential"],"picked":"BottledTime+1","floor":23.0}],"player_experience":125020,"relics_obtained":[{"floor":6.0,"key":"Simple Rune"},{"floor":9.0,"key":"Vajra"},{"floor":21.0,"key":"Pen Nib"},{"floor":21.0,"key":"Toxic Egg 2"},{"floor":21.0,"key":"Ginger"},{"floor":26.0,"key":"Replay:Baseball"}],"event_choices":[{"cards_removed":["Defend_S"],"damage_healed":0.0,"max_hp_gain":0.0,"max_hp_loss":0.0,"gold_gain":0.0,"event_name":"Purifier","player_choice":"Purged","floor":3.0,"gold_loss":0.0,"damage_taken":0.0},{"damage_healed":0.0,"max_hp_gain":0.0,"max_hp_loss":0.0,"gold_gain":52.0,"event_name":"Golden Wing","player_choice":"Gained Gold","floor":13.0,"gold_loss":0.0,"damage_taken":0.0},{"damage_healed":0.0,"max_hp_gain":0.0,"max_hp_loss":0.0,"gold_gain":0.0,"cards_transformed":["Reboot","Luminosity"],"event_name":"Drug Dealer","player_choice":"Became Test Subject","floor":19.0,"gold_loss":0.0,"damage_taken":0.0,"cards_obtained":["Comet","RealityMarble"]},{"cards_removed":["Reprogram"],"damage_healed":5.0,"max_hp_gain":0.0,"max_hp_loss":0.0,"gold_gain":0.0,"event_name":"Bonfire Elementals","player_choice":"Offered Uncommon","floor":22.0,"gold_loss":0.0,"damage_taken":0.0},{"cards_removed":["Delirium"],"damage_healed":0.0,"max_hp_gain":0.0,"max_hp_loss":0.0,"gold_gain":0.0,"event_name":"Beggar","player_choice":"Gave Gold","floor":24.0,"gold_loss":75.0,"damage_taken":0.0}],"is_beta":false,"boss_relics":[{"not_picked":["SacredBark","Sozu"],"picked":"Black Star"}],"items_purged_floors":[27],"is_endless":false,"potions_floor_spawned":[1,2,10,12],"killed_by":"Snake Plant","ascension_level":0}}