{"host":"v0dnu0zs4qo0v13s","time":1611537145,"event":{"mods":["BaseMod","Colored Map","Colored Powertips","Minty Spire (QoL Compilation)","Relic Stats","StSLib","SuperFastMode","everything is the same but u backflip on backflip"],"gold_per_floor":[113,126,140,159,39,39,67,87,87,98,98,98,60,79,79,79,79],"floor_reached":16,"language":"ENG","playtime":590,"items_purged":["Strike_P"],"score":166,"play_id":"b8d858c4-b49a-48fb-8caa-4e7e3d4ac7dd","local_time":"20210124201225","is_ascension_mode":true,"campfire_choices":[{"floor":6,"key":"REST"},{"data":"FlurryOfBlows","floor":12,"key":"SMITH"},{"floor":15,"key":"REST"}],"circlet_count":0,"master_deck":["AscendersBane","Strike_P","Strike_P","Strike_P","Defend_P","Defend_P","Defend_P","Defend_P","Eruption","Vigilance","SignatureMove","Crescendo","EmptyFist","Consecrate","FlurryOfBlows+1","Alpha","FlurryOfBlows","Meditate","Injury","Vengeance","Protect"],"relics":["PureWater","NeowsBlessing","Yang","Golden Idol"],"acts_visited":["Exordium"],"potions_floor_usage":[16],"damage_taken":[{"damage":0,"enemies":"Cultist","floor":1,"turns":1},{"damage":0,"enemies":"Small Slimes","floor":2,"turns":1},{"damage":0,"enemies":"Jaw Worm","floor":3,"turns":1},{"damage":16,"enemies":"2 Fungi Beasts","floor":4,"turns":3},{"damage":12,"enemies":"Gremlin Nob","floor":7,"turns":3},{"damage":5,"enemies":"3 Louse","floor":8,"turns":2},{"damage":11,"enemies":"Looter","floor":10,"turns":2},{"damage":16,"enemies":"Exordium Wildlife","floor":14,"turns":4},{"damage":52,"enemies":"Slime Boss","floor":16,"turns":6}],"seed_played":"5384414959930634314","potions_obtained":[{"floor":4,"key":"PowerPotion"},{"floor":7,"key":"SteroidPotion"}],"is_trial":false,"path_per_floor":["M","M","M","M","$","R","E","M","T","M","?","R","$","M","R","B"],"character_chosen":"WATCHER","items_purchased":["FlurryOfBlows","Vengeance"],"campfire_rested":2,"item_purchase_floors":[5,13],"current_hp_per_floor":[65,65,65,49,49,70,58,53,53,42,42,42,42,26,47,0,0],"gold":79,"neow_bonus":"THREE_ENEMY_KILL","is_daily":false,"chose_seed":false,"campfire_upgraded":1,"win_rate":0.0,"timestamp":1611537145,"path_taken":["M","?","M","M","$","R","E","M","T","?","?","R","$","M","R","BOSS"],"items_purchased_type":["Card","Card"],"build_version":"2020-12-22","purchased_purges":1,"victory":false,"max_hp_per_floor":[72,72,72,72,72,72,72,72,72,72,72,72,72,72,72,72,72],"relic_stats":{"counters":[9,23],"Golden Idol":4,"Yang":[38],"obtain_stats":[{"NeowsBlessing":0,"Golden Idol":11,"Yang":7,"PureWater":0},{"NeowsBlessing":0,"Golden Idol":7,"Yang":5,"PureWater":0},{"NeowsBlessing":0,"Golden Idol":13,"Yang":9,"PureWater":0}]},"card_choices":[{"not_picked":["ThirdEye","Prostrate"],"picked":"SignatureMove","floor":1},{"not_picked":["Evaluate","DeceiveReality"],"picked":"Crescendo","floor":2},{"not_picked":["ClearTheMind","DeceiveReality"],"picked":"EmptyFist","floor":3},{"not_picked":["FlyingSleeves","ThirdEye"],"picked":"Consecrate","floor":4},{"not_picked":["FlurryOfBlows","FlyingSleeves"],"picked":"Alpha","floor":7},{"not_picked":["EmptyFist","Consecrate"],"picked":"FlurryOfBlows","floor":8},{"not_picked":["PathToVictory","CutThroughFate"],"picked":"Meditate","floor":10},{"not_picked":["CutThroughFate","FollowUp"],"picked":"Protect","floor":14}],"player_experience":714158,"relics_obtained":[{"floor":7,"key":"Yang"}],"event_choices":[{"damage_healed":0,"gold_gain":0,"player_choice":"Take Wound","damage_taken":0,"relics_obtained":["Golden Idol"],"max_hp_gain":0,"max_hp_loss":0,"event_name":"Golden Idol","floor":11,"gold_loss":0,"cards_obtained":["Injury"]}],"is_beta":false,"boss_relics":[],"items_purged_floors":[5],"is_endless":false,"potions_floor_spawned":[4,7,10],"killed_by":"Slime Boss","ascension_level":12}}