{"host":"aj7el8l5kufbk20z","time":1611541412,"event":{"mods":["AchievementEnabler","BaseMod","Colored Map","Colored Powertips","Curses Come First","Highlight Path","Minty Spire (QoL Compilation)","Permanent Neow","Poor People Problems","Quick Restart","Rare Cards Sparkle","Relic Stats","StSLib","SuperFastMode","Waifu the Spire"],"gold_per_floor":[360,371,223,239,253,253,267,267,267,267,281,210,210,221,221,318,318,329,347,347,347,359,359,359,376,376,376,258,258,258,273,273,375,375,375,375],"floor_reached":35,"language":"ZHS","playtime":2007,"items_purged":["Strike_G"],"score":594,"play_id":"4e75963c-2d39-431d-bfa9-74da39fff617","local_time":"20210125102332","is_ascension_mode":true,"campfire_choices":[{"data":"Footwork","floor":6.0,"key":"SMITH"},{"data":"Infinite Blades","floor":8.0,"key":"SMITH"},{"data":"Accuracy","floor":10.0,"key":"SMITH"},{"floor":15.0,"key":"REST"},{"data":"Noxious Fumes","floor":24.0,"key":"SMITH"},{"floor":27.0,"key":"REST"},{"data":"Footwork","floor":29.0,"key":"SMITH"},{"floor":32.0,"key":"REST"}],"circlet_count":0,"master_deck":["AscendersBane","Strike_G","Defend_G","Defend_G","Defend_G","Defend_G","Survivor","Neutralize","Backflip","Infinite Blades+1","Accuracy+1","Footwork+1","Prepared","Cloak And Dagger","Deflect","Noxious Fumes+1","Acrobatics","Bullet Time","Venomology+1","Backflip","PiercingWail","Endless Agony","Deflect","Terror","Caltrops","Footwork+1","Tactician","PiercingWail","Phantasmal Killer","CurseOfTheBell"],"relics":["Ring of the Snake","StrikeDummy","Astrolabe","Nunchaku","Calling Bell","Bronze Scales","Question Card","TungstenRod"],"acts_visited":["Exordium","TheCity","TheBeyond"],"potions_floor_usage":[],"damage_taken":[{"damage":5.0,"enemies":"Cultist","floor":1.0,"turns":5.0},{"damage":0.0,"enemies":"2 Louse","floor":2.0,"turns":5.0},{"damage":0.0,"enemies":"Jaw Worm","floor":4.0,"turns":6.0},{"damage":0.0,"enemies":"Blue Slaver","floor":5.0,"turns":5.0},{"damage":7.0,"enemies":"2 Fungi Beasts","floor":7.0,"turns":4.0},{"damage":0.0,"enemies":"Lots of Slimes","floor":11.0,"turns":5.0},{"damage":4.0,"enemies":"Large Slime","floor":14.0,"turns":6.0},{"damage":13.0,"enemies":"Hexaghost","floor":16.0,"turns":11.0},{"damage":3.0,"enemies":"Shell Parasite","floor":18.0,"turns":7.0},{"damage":8.0,"enemies":"Spheric Guardian","floor":19.0,"turns":6.0},{"damage":4.0,"enemies":"Shelled Parasite and Fungi","floor":22.0,"turns":7.0},{"damage":0.0,"enemies":"Gremlin Leader","floor":23.0,"turns":1.0},{"damage":11.0,"enemies":"Centurion and Healer","floor":25.0,"turns":7.0},{"damage":0.0,"enemies":"Cultist and Chosen","floor":30.0,"turns":1.0},{"damage":15.0,"enemies":"Snecko","floor":31.0,"turns":6.0},{"damage":39.0,"enemies":"Collector","floor":33.0,"turns":13.0},{"damage":9,"enemies":"3 Darklings","floor":35,"turns":2}],"seed_played":"-676666611273749627","potions_obtained":[{"floor":1.0,"key":"ColorlessPotion"},{"floor":4.0,"key":"Energy Potion"},{"floor":11.0,"key":"Block Potion"},{"floor":18.0,"key":"GamblersBrew"},{"floor":22.0,"key":"SmokeBomb"},{"floor":33.0,"key":"LiquidMemories"}],"is_trial":false,"path_per_floor":["M","M","$","M","M","R","M","R","T","R","M","$","?","M","R","B",null,"M","M","?","?","M","E","R","M","T","R","$","R","M","M","R","B",null,"M"],"character_chosen":"THE_SILENT","items_purchased":["Accuracy","Noxious Fumes","Footwork","Tactician"],"campfire_rested":3,"item_purchase_floors":[3,12,28,28],"current_hp_per_floor":[40,40,40,40,40,40,33,33,33,33,33,33,33,29,50,37,62,59,51,38,38,34,34,34,23,23,45,45,45,45,30,52,13,60,51,51],"gold":375,"neow_bonus":"TWO_FIFTY_GOLD","is_daily":false,"chose_seed":false,"campfire_upgraded":5,"win_rate":0.0,"timestamp":1611541412,"path_taken":["M","M","$","?","M","R","M","R","T","R","?","$","?","M","R","BOSS","M","?","?","?","M","E","R","M","T","R","$","R","M","M","R","BOSS","M"],"items_purchased_type":["Card","Card","Card","Card"],"build_version":"2020-12-22","purchased_purges":1,"victory":false,"max_hp_per_floor":[70,70,70,70,70,70,70,70,70,70,70,70,70,70,70,70,70,70,70,75,75,75,75,75,75,75,75,75,75,75,75,75,75,75,75,75],"relic_stats":{"Nunchaku":[3],"counters":[17,97],"Astrolabe":["Venomology","Glass Knife","Heel Hook"],"Bronze Scales":[6],"Question Card":0,"obtain_stats":[{"Calling Bell":34,"Nunchaku":26,"Astrolabe":17,"Bronze Scales":34,"StrikeDummy":9,"Question Card":34,"TungstenRod":34,"Ring of the Snake":0},{"Calling Bell":16,"Nunchaku":13,"Astrolabe":8,"Bronze Scales":16,"StrikeDummy":5,"Question Card":16,"TungstenRod":16,"Ring of the Snake":0},{"Calling Bell":95,"Nunchaku":75,"Astrolabe":47,"Bronze Scales":95,"StrikeDummy":25,"Question Card":95,"TungstenRod":95,"Ring of the Snake":0}],"TungstenRod":2,"Ring of the Snake":[34]},"card_choices":[{"not_picked":["Leg Sweep","Well Laid Plans"],"picked":"Backflip","floor":1.0},{"not_picked":["Dagger Throw","Blur"],"picked":"Infinite Blades","floor":2.0},{"not_picked":["Slice","Quick Slash"],"picked":"Footwork","floor":4.0},{"not_picked":["Backflip","Leg Sweep"],"picked":"Prepared","floor":5.0},{"not_picked":["Poisoned Stab","Slice"],"picked":"Cloak And Dagger","floor":7.0},{"not_picked":["Crippling Poison","Reflex"],"picked":"Deflect","floor":11.0},{"not_picked":["Underhanded Strike","Sucker Punch"],"picked":"Acrobatics","floor":14.0},{"not_picked":["Burst","Grand Finale"],"picked":"Bullet Time","floor":16.0},{"not_picked":["Slice","Flying Knee"],"picked":"Backflip","floor":18.0},{"not_picked":["Calculated Gamble","Prepared"],"picked":"PiercingWail","floor":19.0},{"not_picked":["Catalyst","Dodge and Roll"],"picked":"Terror","floor":22.0},{"not_picked":["Cloak And Dagger","Dodge and Roll"],"picked":"Caltrops","floor":25.0},{"not_picked":["Dagger Throw","Choke"],"picked":"PiercingWail","floor":31.0},{"not_picked":["Doppelganger","Glass Knife"],"picked":"Phantasmal Killer","floor":33.0}],"player_experience":373607,"relics_obtained":[{"floor":9.0,"key":"StrikeDummy"},{"floor":26.0,"key":"Nunchaku"},{"floor":34,"key":"Bronze Scales"},{"floor":34,"key":"Question Card"},{"floor":34,"key":"TungstenRod"}],"event_choices":[{"cards_removed":["Strike_G"],"damage_healed":0.0,"max_hp_gain":0.0,"max_hp_loss":0.0,"gold_gain":0.0,"event_name":"Purifier","player_choice":"Purged","floor":13.0,"gold_loss":0.0,"damage_taken":0.0},{"damage_healed":0.0,"max_hp_gain":5.0,"max_hp_loss":0.0,"gold_gain":0.0,"event_name":"Forgotten Altar","player_choice":"Shed Blood","floor":20.0,"gold_loss":0.0,"damage_taken":18.0},{"damage_healed":0.0,"max_hp_gain":0.0,"max_hp_loss":0.0,"gold_gain":0.0,"cards_transformed":["Glass Knife","Heel Hook"],"event_name":"Drug Dealer","player_choice":"Became Test Subject","floor":21.0,"gold_loss":0.0,"damage_taken":0.0,"cards_obtained":["Endless Agony","Deflect"]}],"is_beta":false,"boss_relics":[{"not_picked":["Cursed Key","Black Star"],"picked":"Astrolabe"},{"not_picked":["HoveringKite","Velvet Choker"],"picked":"Calling Bell"}],"items_purged_floors":[3],"is_endless":false,"potions_floor_spawned":[1,4,11,18,19,22,30,33],"killed_by":"3 Darklings","ascension_level":12}}