{"host":"ELF","time":1611563457,"event":{"mods":["BaseMod","Bestiary","Minty Spire (QoL Compilation)","Relic Stats","Slay the Relics Exporter"],"gold_per_floor":[110,110,130,130,95,139,158,176,176,176,176,189,220,256,268,370,382,419,346,378,390,420,432,444,444],"floor_reached":24,"language":"ENG","playtime":990,"items_purged":[],"score":406,"play_id":"7f82f5f1-9ae5-4b12-8f5b-91ef85246dc8","local_time":"20210125023057","is_ascension_mode":true,"campfire_choices":[{"floor":11,"key":"REST"},{"data":"Demon Form","floor":15,"key":"SMITH"},{"data":"Shockwave","floor":23,"key":"SMITH"}],"circlet_count":0,"master_deck":["AscendersBane","Strike_R","Strike_R","Strike_R","Strike_R","Strike_R","Defend_R","Defend_R","Defend_R","Defend_R","Bash","Reckless Charge","Rampage","Demon Form+1","Shockwave+1","Intimidate","Thunderclap","Clothesline","Fire Breathing","Offering","Headbutt","Offering","Uppercut"],"relics":["Burning Blood","Golden Idol","Magic Flower","Thread and Needle","MawBank","Coffee Dripper","Pantograph"],"acts_visited":["Exordium","TheCity"],"potions_floor_usage":[13,22,24],"damage_taken":[{"damage":16,"enemies":"Jaw Worm","floor":1,"turns":7},{"damage":4,"enemies":"2 Louse","floor":3,"turns":3},{"damage":50,"enemies":"3 Sentries","floor":6,"turns":9},{"damage":7,"enemies":"Cultist","floor":7,"turns":4},{"damage":21,"enemies":"Blue Slaver","floor":8,"turns":5},{"damage":0,"enemies":"2 Fungi Beasts","floor":12,"turns":4},{"damage":22,"enemies":"Gremlin Nob","floor":13,"turns":4},{"damage":9,"enemies":"Red Slaver","floor":14,"turns":3},{"damage":35,"enemies":"Hexaghost","floor":16,"turns":9},{"damage":21,"enemies":"3 Byrds","floor":18,"turns":5},{"damage":25,"enemies":"2 Thieves","floor":20,"turns":5},{"damage":26,"enemies":"Cultist and Chosen","floor":22,"turns":5},{"damage":41,"enemies":"Slavers","floor":24,"turns":3}],"seed_played":"6570732571031006451","potions_obtained":[{"floor":6,"key":"SteroidPotion"},{"floor":8,"key":"Ancient Potion"},{"floor":14,"key":"ElixirPotion"},{"floor":18,"key":"Fruit Juice"}],"is_trial":false,"path_per_floor":["M","?","M","?","?","E","M","M","T","?","R","M","E","M","R","B",null,"M","?","M","?","M","R","E"],"character_chosen":"IRONCLAD","items_purchased":[],"campfire_rested":1,"item_purchase_floors":[],"current_hp_per_floor":[54,83,85,54,76,32,34,22,22,22,48,57,44,44,44,18,71,59,59,43,43,26,26,0,0],"gold":444,"neow_bonus":"TWENTY_PERCENT_HP_BONUS","is_daily":false,"chose_seed":false,"campfire_upgraded":2,"win_rate":0.0,"timestamp":1611563457,"path_taken":["M","?","M","?","?","E","M","M","T","?","R","M","E","M","R","BOSS","M","?","M","?","?","R","E"],"items_purchased_type":[],"build_version":"2020-12-18","purchased_purges":0,"victory":false,"max_hp_per_floor":[89,89,89,89,89,89,89,89,89,89,89,89,89,89,89,89,89,89,89,89,89,89,89,94,94],"relic_stats":{"counters":[13,66],"Golden Idol":62,"Pantograph":0,"Magic Flower":[30],"MawBank":132,"obtain_stats":[{"Golden Idol":4,"Pantograph":19,"Magic Flower":6,"Thread and Needle":10,"Coffee Dripper":17,"MawBank":13,"Burning Blood":0},{"Golden Idol":2,"Pantograph":10,"Magic Flower":3,"Thread and Needle":5,"Coffee Dripper":9,"MawBank":7,"Burning Blood":0},{"Golden Idol":10,"Pantograph":53,"Magic Flower":19,"Thread and Needle":28,"Coffee Dripper":48,"MawBank":36,"Burning Blood":0}],"Burning Blood":99},"card_choices":[{"not_picked":["Iron Wave","Wild Strike"],"picked":"Reckless Charge","floor":1},{"not_picked":["Wild Strike","Heavy Blade"],"picked":"Rampage","floor":3},{"not_picked":["Flex","Sword Boomerang"],"picked":"Demon Form","floor":6},{"not_picked":["Havoc","Flex"],"picked":"Shockwave","floor":7},{"not_picked":["Wild Strike","Iron Wave"],"picked":"Intimidate","floor":8},{"not_picked":["Combust","Flex"],"picked":"Thunderclap","floor":12},{"not_picked":["Headbutt","Entrench"],"picked":"Clothesline","floor":13},{"not_picked":["Sever Soul","Armaments"],"picked":"Fire Breathing","floor":14},{"not_picked":["Brutality","Barricade"],"picked":"Offering","floor":16},{"not_picked":["Armaments","Perfected Strike"],"picked":"Headbutt","floor":18},{"not_picked":["Clash","Headbutt","Rampage"],"picked":"SKIP","floor":20},{"not_picked":["Metallicize","Clash"],"picked":"Uppercut","floor":22}],"player_experience":3267730,"relics_obtained":[{"floor":6,"key":"Magic Flower"},{"floor":13,"key":"MawBank"}],"event_choices":[{"damage_healed":29,"gold_gain":0,"player_choice":"Banana","damage_taken":0,"max_hp_gain":0,"max_hp_loss":0,"event_name":"Big Fish","floor":2,"gold_loss":0},{"damage_healed":0,"gold_gain":0,"player_choice":"Take Damage","damage_taken":31,"relics_obtained":["Golden Idol"],"max_hp_gain":0,"max_hp_loss":0,"event_name":"Golden Idol","floor":4,"gold_loss":0},{"damage_healed":22,"gold_gain":0,"player_choice":"Healed","damage_taken":0,"max_hp_gain":0,"max_hp_loss":0,"event_name":"The Cleric","floor":5,"gold_loss":35},{"damage_healed":0,"gold_gain":0,"player_choice":"Searched \u00271\u0027 times","damage_taken":0,"relics_obtained":["Thread and Needle"],"max_hp_gain":0,"max_hp_loss":0,"event_name":"Dead Adventurer","floor":10,"gold_loss":0},{"damage_healed":0,"gold_gain":0,"player_choice":"Obtained Relic","damage_taken":0,"relics_obtained":["Pantograph"],"max_hp_gain":0,"max_hp_loss":0,"event_name":"Addict","floor":19,"gold_loss":85},{"damage_healed":0,"gold_gain":0,"player_choice":"Copied","damage_taken":0,"max_hp_gain":0,"max_hp_loss":0,"event_name":"Duplicator","floor":21,"gold_loss":0,"cards_obtained":["Offering"]}],"is_beta":true,"boss_relics":[{"not_picked":["Busted Crown","Velvet Choker"],"picked":"Coffee Dripper"}],"items_purged_floors":[],"is_endless":false,"potions_floor_spawned":[6,8,14,16,18,20],"killed_by":"Slavers","ascension_level":19}}