{"host":"hwrdjx5eod2cxh09","time":1611568550,"event":{"mods":["AchievementEnabler","BaseMod","Bestiary","Minty Spire (QoL Compilation)","Relic Stats"],"gold_per_floor":[117,128,139,150,165,165,177,127,127,52,87,87,102,117,117,212,212,231,244,259,159,177,177,177,193,193,193,193,227,102,202,202,305,355,374,385,396,92,108,143,143,153,207,219,232,232,232,57,57,57],"floor_reached":51,"language":"ENG","playtime":1988,"items_purged":["Strike_R","Strike_R","Strike_R","Defend_R","Burning Pact"],"score":880,"play_id":"38ad0419-967e-44a7-a440-4dbd66dd8e93","local_time":"20210125185550","is_ascension_mode":false,"campfire_choices":[{"data":"Sword Boomerang","floor":6.0,"key":"SMITH"},{"floor":12.0,"key":"REST"},{"data":"Bash","floor":15.0,"key":"SMITH"},{"data":"Disarm","floor":23.0,"key":"SMITH"},{"data":"Dropkick","floor":27.0,"key":"SMITH"},{"data":"Defend_R","floor":32.0,"key":"PURGE"},{"data":"Defend_R+1","floor":41.0,"key":"PURGE"},{"data":"Disarm+1","floor":47,"key":"PURGE"},{"data":"Dropkick","floor":49,"key":"SMITH"}],"circlet_count":0,"master_deck":["Bash+1","Dropkick+1","Dropkick+1","Feed","Thunderclap+1"],"relics":["Burning Blood","Mummified Hand","FossilizedHelix","Busted Crown","Blood Vial","Self Forming Clay","Peace Pipe","Tiny House","Vajra","Pear","Juzu Bracelet"],"acts_visited":["TheCity","TheBeyond"],"potions_floor_usage":[50],"damage_taken":[{"damage":6.0,"enemies":"Jaw Worm","floor":1.0,"turns":3.0},{"damage":6.0,"enemies":"2 Louse","floor":2.0,"turns":3.0},{"damage":6.0,"enemies":"Cultist","floor":3.0,"turns":3.0},{"damage":19.0,"enemies":"3 Louse","floor":4.0,"turns":4.0},{"damage":5.0,"enemies":"Looter","floor":5.0,"turns":3.0},{"damage":18.0,"enemies":"Lots of Slimes","floor":7.0,"turns":6.0},{"damage":24.0,"enemies":"Lagavulin","floor":11.0,"turns":6.0},{"damage":0.0,"enemies":"Blue Slaver","floor":13.0,"turns":4.0},{"damage":0.0,"enemies":"2 Fungi Beasts","floor":14.0,"turns":3.0},{"damage":35.0,"enemies":"The Guardian","floor":16.0,"turns":11.0},{"damage":38.0,"enemies":"Spheric Guardian","floor":18.0,"turns":6.0},{"damage":9.0,"enemies":"3 Byrds","floor":19.0,"turns":4.0},{"damage":5.0,"enemies":"Cultist and Chosen","floor":20.0,"turns":6.0},{"damage":15.0,"enemies":"Snake Plant","floor":22.0,"turns":3.0},{"damage":7.0,"enemies":"Chosen and Byrds","floor":25.0,"turns":4.0},{"damage":43.0,"enemies":"Slavers","floor":29.0,"turns":11.0},{"damage":0.0,"enemies":"Collector","floor":33.0,"turns":2.0},{"damage":32.0,"enemies":"3 Shapes","floor":35.0,"turns":4.0},{"damage":0.0,"enemies":"Orb Walker","floor":36.0,"turns":2.0},{"damage":14.0,"enemies":"Jaw Worm Horde","floor":37.0,"turns":3.0},{"damage":0.0,"enemies":"Spire Growth","floor":39.0,"turns":2.0},{"damage":9.0,"enemies":"Reptomancer","floor":40.0,"turns":2.0},{"damage":50.0,"enemies":"4 Shapes","floor":42.0,"turns":4.0},{"damage":24.0,"enemies":"Sphere and 2 Shapes","floor":44.0,"turns":5.0},{"damage":0,"enemies":"Maw","floor":45,"turns":2},{"damage":0,"enemies":"Awakened One","floor":50,"turns":2}],"seed_played":"4438150915706454064","potions_obtained":[{"floor":2.0,"key":"CultistPotion"},{"floor":4.0,"key":"FairyPotion"},{"floor":5.0,"key":"LiquidBronze"},{"floor":20.0,"key":"Weak Potion"},{"floor":29.0,"key":"Regen Potion"},{"floor":34.0,"key":"FairyPotion"},{"floor":40.0,"key":"Swift Potion"},{"floor":42.0,"key":"SteroidPotion"}],"is_trial":false,"path_per_floor":["M","M","M","M","M","R","M","?","T","$","E","R","M","M","R","B",null,"M","M","M","$","M","R","?","M","T","R","?","E","$","?","R","B",null,"M","M","M","$","M","E","R","M","T","M","M","?","R","$","R","B",null],"character_chosen":"IRONCLAD","items_purchased":["Vajra"],"campfire_rested":1,"item_purchase_floors":[38],"current_hp_per_floor":[56,56,56,43,44,44,32,32,32,32,14,38,44,50,50,21,80,51,51,55,55,46,46,46,50,50,50,50,18,18,18,18,29,103,80,88,85,85,96,108,108,69,69,56,67,67,67,67,67,78],"gold":57,"neow_bonus":"REMOVE_TWO","is_daily":false,"chose_seed":false,"campfire_upgraded":5,"win_rate":0.0,"timestamp":1611568550,"path_taken":["M","M","M","M","M","R","M","?","T","$","E","R","M","M","R","BOSS","M","M","M","$","M","R","?","?","T","R","?","E","$","?","R","BOSS","M","?","M","$","?","E","R","M","T","M","M","?","R","$","R","BOSS"],"items_purchased_type":["Relic"],"build_version":"2020-12-22","purchased_purges":5,"victory":true,"max_hp_per_floor":[80,80,80,80,80,80,80,80,80,80,80,80,80,80,80,80,80,83,86,89,89,89,89,89,92,92,92,92,95,95,95,95,98,103,106,106,109,109,112,125,125,128,128,131,134,134,134,134,134,137],"relic_stats":{"Blood Vial":22,"Peace Pipe":3,"Busted Crown":38,"counters":[26,108],"Mummified Hand":[0],"Self Forming Clay":[69],"Juzu Bracelet":0,"obtain_stats":[{"Blood Vial":24,"Peace Pipe":29,"Busted Crown":17,"Tiny House":34,"Pear":40,"Mummified Hand":9,"Self Forming Clay":26,"Vajra":38,"Juzu Bracelet":43,"Burning Blood":0,"FossilizedHelix":11},{"Blood Vial":14,"Peace Pipe":16,"Busted Crown":10,"Tiny House":17,"Pear":22,"Mummified Hand":6,"Self Forming Clay":15,"Vajra":20,"Juzu Bracelet":23,"Burning Blood":0,"FossilizedHelix":7},{"Blood Vial":65,"Peace Pipe":80,"Busted Crown":46,"Tiny House":82,"Pear":95,"Mummified Hand":22,"Self Forming Clay":69,"Vajra":91,"Juzu Bracelet":99,"Burning Blood":0,"FossilizedHelix":28}],"Burning Blood":156},"card_choices":[{"not_picked":["Warcry","True Grit","Headbutt"],"picked":"SKIP","floor":1.0},{"not_picked":["Combust","Spot Weakness"],"picked":"Sword Boomerang","floor":2.0},{"not_picked":["Immolate","Second Wind"],"picked":"Dropkick","floor":3.0},{"not_picked":["Power Through","Perfected Strike","Shockwave"],"picked":"SKIP","floor":4.0},{"not_picked":["Battle Trance","Cleave","Shrug It Off"],"picked":"SKIP","floor":5.0},{"not_picked":["Twin Strike","Fire Breathing"],"picked":"Disarm","floor":7.0},{"not_picked":["Body Slam","Whirlwind"],"picked":"Dropkick","floor":11.0},{"not_picked":["Pummel","Perfected Strike","Spot Weakness"],"picked":"SKIP","floor":13.0},{"not_picked":["Hemokinesis","Havoc","Carnage"],"picked":"SKIP","floor":14.0},{"not_picked":["Limit Break","Reaper"],"picked":"Feed","floor":16.0},{"not_picked":["Clothesline"],"picked":"SKIP","floor":18.0},{"not_picked":["Clothesline"],"picked":"SKIP","floor":19.0},{"not_picked":["Feel No Pain"],"picked":"SKIP","floor":20.0},{"not_picked":[],"picked":"Burning Pact","floor":22.0},{"not_picked":["Wild Strike+1"],"picked":"SKIP","floor":25.0},{"not_picked":["Disarm"],"picked":"SKIP","floor":29.0},{"not_picked":["Armaments+1"],"picked":"SKIP","floor":35.0},{"not_picked":["Anger+1"],"picked":"SKIP","floor":36.0},{"not_picked":["Rupture+1"],"picked":"SKIP","floor":37.0},{"not_picked":["Body Slam"],"picked":"SKIP","floor":39.0},{"not_picked":["Cleave"],"picked":"SKIP","floor":40.0},{"not_picked":["Thunderclap"],"picked":"SKIP","floor":42.0},{"not_picked":[],"picked":"Thunderclap+1","floor":44.0},{"not_picked":["Blood for Blood"],"picked":"SKIP","floor":45}],"player_experience":290831,"relics_obtained":[{"floor":9.0,"key":"Mummified Hand"},{"floor":11.0,"key":"FossilizedHelix"},{"floor":26.0,"key":"Self Forming Clay"},{"floor":29.0,"key":"Peace Pipe"},{"floor":40.0,"key":"Pear"},{"floor":43.0,"key":"Juzu Bracelet"}],"event_choices":[{"cards_removed":["Strike_R"],"damage_healed":0.0,"max_hp_gain":0.0,"max_hp_loss":0.0,"gold_gain":0.0,"event_name":"The Cleric","player_choice":"Card Removal","floor":8.0,"gold_loss":50.0,"damage_taken":0.0},{"cards_removed":["Sword Boomerang"],"damage_healed":0.0,"max_hp_gain":0.0,"max_hp_loss":0.0,"gold_gain":0.0,"event_name":"WeMeetAgain","player_choice":"Gave Card","floor":24.0,"gold_loss":0.0,"damage_taken":0.0,"relics_obtained":["Blood Vial"]},{"damage_healed":0.0,"max_hp_gain":0.0,"max_hp_loss":0.0,"gold_gain":0.0,"event_name":"Vampires","player_choice":"Ignored","floor":28.0,"gold_loss":0.0,"damage_taken":0.0},{"damage_healed":0.0,"max_hp_gain":0.0,"max_hp_loss":0.0,"gold_gain":100.0,"event_name":"Golden Shrine","player_choice":"Pray","floor":31.0,"gold_loss":0.0,"damage_taken":0.0},{"damage_healed":0,"gold_gain":0,"player_choice":"Memory 1","damage_taken":0,"max_hp_gain":0,"max_hp_loss":0,"event_name":"SensoryStone","floor":46,"gold_loss":0}],"is_beta":false,"boss_relics":[{"not_picked":["Fusion Hammer","Philosopher\u0027s Stone"],"picked":"Busted Crown"},{"not_picked":["Calling Bell","Sozu"],"picked":"Tiny House"}],"items_purged_floors":[10,21,30,38,48],"is_endless":false,"potions_floor_spawned":[2,4,5,7,16,20,29,36,40,42,45],"ascension_level":0}}