{"host":"rj1j8apb2x4vafcu","time":1611564928,"event":{"mods":["AchievementEnabler","Act Like it!","BaseMod","Colored Map","Colored Powertips","Minty Spire (QoL Compilation)","Rare Cards Sparkle","StSLib"],"gold_per_floor":[115,69,69,87,87,120,120,138,164,175,192,192,205,216,216,216,216],"floor_reached":16,"language":"ENG","playtime":738,"items_purged":[],"score":142,"play_id":"c1a72fd1-b548-4f8e-bcea-a1d79c0031b2","local_time":"20210125065528","is_ascension_mode":true,"campfire_choices":[{"data":"Cloak And Dagger","floor":7,"key":"SMITH"},{"data":"Blade Dance","floor":12,"key":"SMITH"},{"data":"Footwork","floor":15,"key":"SMITH"}],"circlet_count":0,"master_deck":["Strike_G","Strike_G","Strike_G","Strike_G","Defend_G","Defend_G","Defend_G","Defend_G","Defend_G","Survivor","Neutralize","Cloak And Dagger","Deflect","Cloak And Dagger+1","Deflect","Blade Dance+1","Dagger Throw","Footwork+1","Escape Plan","Tactician"],"relics":["Ring of the Snake","NeowsBlessing","PreservedInsect","StoneCalendar","Lantern"],"acts_visited":["Exordium"],"potions_floor_usage":[],"damage_taken":[{"damage":0,"enemies":"Small Slimes","floor":1,"turns":1},{"damage":0,"enemies":"Cultist","floor":4,"turns":1},{"damage":0,"enemies":"Lagavulin","floor":6,"turns":1},{"damage":0,"enemies":"2 Louse","floor":8,"turns":3},{"damage":2,"enemies":"Looter","floor":10,"turns":3},{"damage":0,"enemies":"Exordium Wildlife","floor":11,"turns":4},{"damage":0,"enemies":"Lots of Slimes","floor":13,"turns":4},{"damage":0,"enemies":"Red Slaver","floor":14,"turns":3},{"damage":63,"enemies":"Hexaghost","floor":16,"turns":11}],"seed_played":"3258656653311434411","potions_obtained":[{"floor":4,"key":"Ancient Potion"},{"floor":10,"key":"CunningPotion"},{"floor":14,"key":"Energy Potion"}],"is_trial":false,"path_per_floor":["M","$","?","M","?","E","R","M","T","M","M","R","M","M","R","B"],"character_chosen":"THE_SILENT","items_purchased":["Deflect"],"campfire_rested":0,"item_purchase_floors":[2],"current_hp_per_floor":[70,70,63,63,63,63,63,63,63,61,61,61,61,61,61,0,0],"gold":216,"neow_bonus":"THREE_ENEMY_KILL","is_daily":false,"chose_seed":false,"campfire_upgraded":3,"win_rate":0.0,"timestamp":1611564928,"path_taken":["M","$","?","M","?","E","R","M","T","M","?","R","M","M","R","BOSS"],"items_purchased_type":["Card"],"build_version":"2020-12-22","purchased_purges":0,"victory":false,"max_hp_per_floor":[70,70,70,70,70,70,70,70,70,70,70,70,70,70,70,70,70],"card_choices":[{"not_picked":["Slice","Deadly Poison"],"picked":"Cloak And Dagger","floor":1},{"not_picked":["Flying Knee","Skewer"],"picked":"Cloak And Dagger","floor":4},{"not_picked":["Distraction","Caltrops"],"picked":"Deflect","floor":6},{"not_picked":["Backflip","Bane"],"picked":"Blade Dance","floor":8},{"not_picked":["Dash","Calculated Gamble"],"picked":"Dagger Throw","floor":10},{"not_picked":["Wraith Form v2","Slice"],"picked":"Footwork","floor":11},{"not_picked":["Heel Hook","All Out Attack"],"picked":"Escape Plan","floor":13},{"not_picked":["Bouncing Flask","Noxious Fumes"],"picked":"Tactician","floor":14}],"player_experience":121660,"relics_obtained":[{"floor":6,"key":"StoneCalendar"},{"floor":9,"key":"Lantern"}],"event_choices":[{"damage_healed":0,"gold_gain":0,"player_choice":"Success","damage_taken":7,"relics_obtained":["PreservedInsect"],"max_hp_gain":0,"max_hp_loss":0,"event_name":"Scrap Ooze","floor":3,"gold_loss":0},{"cards_removed":["Strike_G"],"damage_healed":0,"gold_gain":0,"player_choice":"Purged","damage_taken":0,"max_hp_gain":0,"max_hp_loss":0,"event_name":"Purifier","floor":5,"gold_loss":0}],"is_beta":false,"boss_relics":[],"items_purged_floors":[],"is_endless":false,"potions_floor_spawned":[4,10,14],"killed_by":"Hexaghost","ascension_level":2}}