{"host":"pi8b3ffzwvxqztac","time":1611604629,"event":{"mods":["BaseMod","Colored Map","Downfall","Minty Spire (QoL Compilation)","StSLib"],"gold_per_floor":[99,99,99,118,218,230,278,178,204,215,233,261,161,195,205,307,307,307,320,320,320,320,350,350,360,376,376,387,387,402,402,418,418,418,418],"floor_reached":33,"language":"ENG","playtime":2225,"items_purged":[],"score":462,"play_id":"e18617ee-7368-4215-bed0-9664aa3e1a1a","local_time":"20210126085709","is_ascension_mode":true,"campfire_choices":[{"floor":1.0,"key":"RECALL"},{"floor":8.0,"key":"REST"},{"floor":13.0,"key":"REST"},{"floor":29,"key":"REST"}],"circlet_count":0,"master_deck":["AscendersBane","sneckomod:Strike+1","sneckomod:Defend","sneckomod:Defend","sneckomod:Defend","sneckomod:TailWhip+1","sneckomod:SnekBite+1","sneckomod:Unknown+1","sneckomod:SoulDraw","sneckomod:Nope","sneckomod:UnknownColorless","sneckomod:WideSting","sneckomod:SnakeSap","sneckomod:UnknownCommonAttack","sneckomod:QuickBite","sneckomod:UnlimitedRolls","sneckomod:UnknownBlock","sneckomod:Transmogrify","hexamod:Firestarter+1","sneckomod:UnknownUncommonPower","sneckomod:SlitherStrike","sneckomod:QuickBite","downfall:Bewildered"],"relics":["sneckomod:SneckoSoul","downfall:HeartBlessingRed","downfall:HeartBlessingGreen","bronze:DecasWashers","downfall:RedIOU","GremlinMask","Busted Crown","Regal Pillow","Matryoshka","sneckomod:BabySnecko","hexamod:CandleOfCauterizing"],"acts_visited":["Exordium","TheCity"],"potions_floor_usage":[16,16,27,33,33],"damage_taken":[{"damage":12.0,"enemies":"Small Slimes","floor":4.0,"turns":3.0},{"damage":43.0,"enemies":"downfall:Heads","floor":5.0,"turns":7.0},{"damage":4.0,"enemies":"2 Louse","floor":6.0,"turns":2.0},{"damage":12.0,"enemies":"Gremlin Nob","floor":9.0,"turns":3.0},{"damage":7.0,"enemies":"Jaw Worm","floor":10.0,"turns":2.0},{"damage":7.0,"enemies":"Exordium Wildlife","floor":11.0,"turns":3.0},{"damage":26.0,"enemies":"3 Sentries","floor":12.0,"turns":8.0},{"damage":12.0,"enemies":"Gremlin Nob","floor":14.0,"turns":3.0},{"damage":8.0,"enemies":"3 Louse","floor":15.0,"turns":2.0},{"damage":16,"enemies":"SI_SHIV_ARCHETYPE","floor":16,"turns":4},{"damage":0,"enemies":"3 Byrds","floor":19,"turns":3},{"damage":10,"enemies":"Book of Stabbing","floor":23,"turns":6},{"damage":15,"enemies":"Centurion and Healer","floor":25,"turns":4},{"damage":37,"enemies":"3 Cultists","floor":26,"turns":5},{"damage":0,"enemies":"Snecko","floor":27,"turns":3},{"damage":0,"enemies":"Snake Plant","floor":28,"turns":3},{"damage":0,"enemies":"Chosen and Byrds","floor":30,"turns":5},{"damage":6,"enemies":"Cultist and Chosen","floor":32,"turns":5},{"damage":42,"enemies":"DF_ARCHETYPE_CLAW","floor":33,"turns":3}],"seed_played":"4536592814482429299","potions_obtained":[{"floor":6.0,"key":"Strength Potion"},{"floor":10.0,"key":"Regen Potion"},{"floor":12.0,"key":"champ:CounterPotion"},{"floor":15.0,"key":"Weak Potion"},{"floor":20,"key":"CultistPotion"},{"floor":26,"key":"SmokeBomb"},{"floor":28,"key":"PowerPotion"}],"is_trial":false,"path_per_floor":["R","?","?","M","?","M","T","R","E","M","M","E","R","E","M","B",null,"R","M","?","?","?","E","T","M","M","M","M","R","M","?","M","B"],"character_chosen":"THE_SNECKO","items_purchased":[],"campfire_rested":3,"item_purchase_floors":[],"current_hp_per_floor":[81,81,81,69,26,22,22,49,37,30,23,12,39,27,19,3,68,68,68,68,68,68,58,58,43,6,6,6,48,48,48,42,0,0,0],"gold":418,"neow_bonus":"UPGRADE_CARD","is_daily":false,"chose_seed":false,"campfire_upgraded":0,"win_rate":0.0,"timestamp":1611604629,"path_taken":["R","?","?","M","?","M","T","R","E","M","M","E","R","E","M","BOSS","R","M","?","?","?","E","T","M","?","M","M","R","M","?","M","BOSS"],"items_purchased_type":[],"build_version":"2020-12-22","purchased_purges":0,"victory":false,"max_hp_per_floor":[90,90,90,90,90,90,90,90,90,90,90,90,90,90,90,90,90,90,90,90,90,90,90,90,90,90,90,90,90,90,90,90,90,90,90],"card_choices":[{"not_picked":["sneckomod:UnknownDraw","sneckomod:UnknownBlock"],"picked":"sneckomod:SoulDraw","floor":4.0},{"not_picked":["sneckomod:DiceBlock","sneckomod:SnekBeam"],"picked":"sneckomod:Nope","floor":5.0},{"not_picked":["sneckomod:QuickBite","sneckomod:Nope"],"picked":"sneckomod:WideSting","floor":6.0},{"not_picked":["sneckomod:SoulDraw","sneckomod:UnknownBlock"],"picked":"sneckomod:SnakeSap","floor":9.0},{"not_picked":["sneckomod:UnknownDraw","sneckomod:IronFang","sneckomod:RainOfDice"],"picked":"SKIP","floor":10.0},{"not_picked":["sneckomod:IronFang","sneckomod:SoulRoll"],"picked":"sneckomod:UnknownCommonAttack","floor":11.0},{"not_picked":["sneckomod:CheapStock","sneckomod:SoulRoll"],"picked":"sneckomod:QuickBite","floor":12.0},{"not_picked":["sneckomod:DiceCrush","sneckomod:UnknownX"],"picked":"sneckomod:UnlimitedRolls","floor":14.0},{"not_picked":["sneckomod:DiceBlock","sneckomod:PureSnecko"],"picked":"sneckomod:UnknownBlock","floor":15.0},{"not_picked":["sneckomod:Mudshield","sneckomod:SoulExchange"],"picked":"sneckomod:Transmogrify","floor":16},{"not_picked":["sneckomod:UnknownX"],"picked":"SKIP","floor":19},{"not_picked":["sneckomod:UnknownBlock","sneckomod:DiceCrush"],"picked":"sneckomod:UnknownUncommonPower","floor":23},{"not_picked":[],"picked":"sneckomod:SlitherStrike","floor":25},{"not_picked":["sneckomod:DiceBlock"],"picked":"SKIP","floor":26},{"not_picked":[],"picked":"sneckomod:QuickBite","floor":28},{"not_picked":["sneckomod:WideSting"],"picked":"SKIP","floor":30},{"not_picked":["sneckomod:UnknownCommonAttack"],"picked":"SKIP","floor":32}],"player_experience":613654,"relics_obtained":[{"floor":7.0,"key":"Guardian:PocketSentry"},{"floor":9.0,"key":"Bronze Scales"},{"floor":12.0,"key":"hexamod:CandleOfCauterizing"},{"floor":14.0,"key":"bronze:DecasWashers"},{"floor":19,"key":"Bronze Scales"},{"floor":23,"key":"Busted Crown"},{"floor":23,"key":"Bottled Flame"},{"floor":24,"key":"sneckomod:BlankCard"},{"floor":25,"key":"Guardian:PocketSentry"},{"floor":26,"key":"Guardian:PocketSentry"},{"floor":28,"key":"Regal Pillow"},{"floor":30,"key":"Matryoshka"},{"floor":32,"key":"hexamod:CandleOfCauterizing"}],"event_choices":[{"cards_removed":["sneckomod:Strike"],"damage_healed":0.0,"max_hp_gain":0.0,"max_hp_loss":0.0,"gold_gain":0.0,"event_name":"The Cleric","player_choice":"Card Removal","floor":2.0,"gold_loss":0.0,"damage_taken":0.0},{"damage_healed":0,"gold_gain":0,"player_choice":"Trade","damage_taken":0,"relics_obtained":["GremlinMask"],"max_hp_gain":0,"max_hp_loss":0,"event_name":"FaceTrader","floor":22,"gold_loss":0}],"is_beta":false,"boss_relics":[{"not_picked":["Fusion Hammer","Empty Cage"],"picked":"Busted Crown"}],"items_purged_floors":[],"is_endless":false,"potions_floor_spawned":[6,10,12,15,26,27,28,30],"killed_by":"DF_ARCHETYPE_CLAW","ascension_level":12}}