{"host":"gb9pilk70hujf88i","time":1611537808,"event":{"mods":["AchievementEnabler","BaseMod","Better Altar","Better Match","Better Sensory Stone","Better Third Choice","Better Vampires","Colored Map","Colored Powertips","Downfall","Hubris","Infinite Spire","KinomotoSakuraMod(????)","Koishi","Minty Spire (QoL Compilation)","Replay The Spire","StSLib","The Jungle","The Marked"],"gold_per_floor":[116,135,154,5,5,33,33,59,59,126,51,87,87,121,121,230,230,257,276,300,321,51,91,129,173,197,231,85,129,152,161,161,267,267,310,352,352,397,451,515,569,625,625,687,753,841,480,537,537,537,537,537,56,101,101],"floor_reached":56,"language":"ENG","playtime":4229,"items_purged":["Sickly","Koishi:GeneticsOfTheUnconscious","ClowCardTheShield","ClowCardTheShield"],"score":2552,"play_id":"b01b85c1-c0bd-49bd-89c2-38230757ae37","local_time":"20210124232328","is_ascension_mode":true,"campfire_choices":[{"data":"ClowCardTheWindy","floor":7.0,"key":"SMITH"},{"floor":13.0,"key":"REST"},{"floor":15.0,"key":"DIG"},{"data":"ClowCardTheLight","floor":32.0,"key":"SMITH"},{"floor":49,"key":"RECALL"},{"data":"ClowCardTheFight","floor":52,"key":"SMITH"}],"circlet_count":0,"master_deck":["SakuraCardTheMove+","SakuraCardTheMirror+","SakuraCardTheMist+","ClowCardTheSword","ClowCardTheSword","ClowCardTheSword","ClowCardTheSword","ClowCardTheShield","SpellCardSeal","SpellCardRelease","ClowCardTheWindy+1","ClowCardTheWave","ClowCardTheThrough","ClowCardTheLight+1","Koishi:ReleaseOfTheId+1","ClowCardTheErase","ClowCardTheFreeze","ClowCardTheGlow","ClowCardTheShot","ClowCardTheThrough","ClowCardTheFloat","Koishi:BramblyRoseGarden","Koishi:StingingMind","ClowCardTheShadow+1","ClowCardTheBig","Flash of Steel+1","ClowCardTheErase","ClowCardTheShot","ClowCardTheMirror+1","ClowCardTheFloat","ClowCardTheFight+1","ClowCardTheChange+1","ClowCardTheFirey+1","ClowCardTheBubbles+1","ClowCardTheEarthy+1","ClowCardTheBubbles","ClowCardTheBubbles","Koishi:PerfectMindControl","ClowCardTheErase","ClowCardTheChange","ClowCardTheSnow+1","ClowCardTheTwin","ClowCardTheTwin","ClowCardTheFirey","ClowCardTheFight+1","ClowCardTheSnow","hubris:EnhanceAbility","hubris:EnhanceAbility","ClowCardTheFirey"],"relics":["KSMOD_SealedBook","KSMOD_SealedWand","TungstenRod","PreservedInsect","hubris:DisguiseKit","KSMOD_YukitosBentoBox","infinitespire:Golems Mask","Nunchaku","CeramicFish","WingedGreaves","Blood Vial","Ornamental Fan","Unceasing Top","hubris:BlackHole","Blue Doll","hubris:SlimyHat","Pen Nib","Kunai","Red Mask","Honey Jar","infinitespire:EvilPickle","War Paint","hubris:BottledRain","ReplayTheSpireMod:Lightbulb","Strange Spoon","DollysMirror","Happy Flower"],"acts_visited":["Exordium","TheCity","TheBeyond","TheEnding"],"potions_floor_usage":[50],"damage_taken":[{"damage":0.0,"enemies":"Cultist","floor":1.0,"turns":4.0},{"damage":2.0,"enemies":"Small Slimes","floor":2.0,"turns":3.0},{"damage":6.0,"enemies":"Jaw Worm","floor":3.0,"turns":3.0},{"damage":22.0,"enemies":"Replay:BlueRogue","floor":6.0,"turns":5.0},{"damage":0.0,"enemies":"Lagavulin","floor":8.0,"turns":6.0},{"damage":11.0,"enemies":"Gremlin Nob","floor":10.0,"turns":3.0},{"damage":9.0,"enemies":"3 Sentries","floor":12.0,"turns":6.0},{"damage":0.0,"enemies":"Gremlin Nob","floor":14.0,"turns":3.0},{"damage":1.0,"enemies":"The Guardian","floor":16.0,"turns":8.0},{"damage":0.0,"enemies":"Shell Parasite","floor":18.0,"turns":1.0},{"damage":0.0,"enemies":"Spheric Guardian","floor":19.0,"turns":1.0},{"damage":0.0,"enemies":"Snake Plant","floor":20.0,"turns":1.0},{"damage":0.0,"enemies":"Sentry and Sphere","floor":21.0,"turns":2.0},{"damage":0.0,"enemies":"Book of Stabbing","floor":23.0,"turns":1.0},{"damage":0.0,"enemies":"Slavers","floor":24.0,"turns":2.0},{"damage":0.0,"enemies":"Book of Stabbing","floor":25.0,"turns":2.0},{"damage":0.0,"enemies":"Replay:Snechameleon","floor":27.0,"turns":1.0},{"damage":0.0,"enemies":"Masked Bandits","floor":29.0,"turns":3.0},{"damage":0.0,"enemies":"Cultist and Chosen","floor":30.0,"turns":1.0},{"damage":0.0,"enemies":"Pondfish","floor":33.0,"turns":2.0},{"damage":0.0,"enemies":"Orb Walker","floor":35.0,"turns":1.0},{"damage":7.0,"enemies":"3 Shapes","floor":36.0,"turns":1.0},{"damage":0.0,"enemies":"Spire Growth","floor":38.0,"turns":1.0},{"damage":4.0,"enemies":"4 Shapes","floor":39.0,"turns":1.0},{"damage":0.0,"enemies":"R_Hoarder","floor":40.0,"turns":1.0},{"damage":0.0,"enemies":"Maw","floor":41.0,"turns":1.0},{"damage":0.0,"enemies":"Spire Growth","floor":42.0,"turns":1.0},{"damage":0,"enemies":"3 Darklings","floor":44,"turns":1},{"damage":0,"enemies":"Maw","floor":45,"turns":1},{"damage":0,"enemies":"Nemesis","floor":46,"turns":2},{"damage":0,"enemies":"Jaw Worm Horde","floor":48,"turns":1},{"damage":0,"enemies":"Donu and Deca","floor":50,"turns":2},{"damage":0,"enemies":"Shield and Spear","floor":54,"turns":1},{"damage":0,"enemies":"The Heart","floor":55,"turns":3}],"seed_played":"8550427373364537987","potions_obtained":[{"floor":1.0,"key":"ColorlessPotion"},{"floor":2.0,"key":"Venom Potion"},{"floor":12.0,"key":"Dexterity Potion"},{"floor":16.0,"key":"GamblersBrew"},{"floor":18.0,"key":"PowerPotion"},{"floor":20.0,"key":"Strength Potion"},{"floor":25.0,"key":"BlessingOfTheForge"},{"floor":38.0,"key":"FearPotion"},{"floor":39.0,"key":"LifebloodPotion"},{"floor":45,"key":"Swift Potion"},{"floor":46,"key":"DistilledChaos"},{"floor":48,"key":"LifebloodPotion"}],"is_trial":false,"path_per_floor":["M","M","M","$","?","E","R","E","T","?","$","E","R","E","R_BF","B",null,"M","M","M","M","$","E","E","E","T","E","$","?","M","?","R","B",null,"M","M","T","M","M","E","M","M","T","M","M","E","$","M","R","B",null,"R","$","E","B",null],"character_chosen":"KINOMOTOSAKURA","items_purchased":["PreservedInsect","ClowCardTheShot","ClowCardTheThrough","ClowCardTheBig","Flash of Steel+1","ClowCardTheErase","Strange Spoon","ClowCardTheTwin","DollysMirror","ClowCardTheSnow","hubris:EnhanceAbility"],"campfire_rested":1,"item_purchase_floors":[4,22,22,28,28,28,47,47,53,53,53],"current_hp_per_floor":[63,61,55,55,55,33,33,33,33,22,22,13,31,31,31,32,55,57,59,61,63,63,63,63,63,63,63,63,63,63,63,63,63,63,63,56,56,58,56,62,63,63,63,63,63,63,63,63,63,63,63,63,63,63,63],"gold":101,"neow_bonus":"ONE_RARE_RELIC","is_daily":false,"chose_seed":false,"campfire_upgraded":3,"win_rate":0.0,"timestamp":1611537808,"path_taken":["M","M","M","$","?","E","R","E","T","?","$","E","R","E","R_BF","BOSS","M","M","M","M","$","E","E","E","T","E","$","?","M","?","R","BOSS","M","?","?","M","M","E","M","M","T","M","M","E","$","M","R","BOSS","R","$","E","BOSS"],"items_purchased_type":["Relic","Card","Card","Card","Card","Card","Relic","Card","Relic","Card","Card"],"build_version":"2020-12-22","purchased_purges":4,"victory":true,"max_hp_per_floor":[63,63,63,63,63,63,63,63,63,63,63,63,63,63,63,63,63,63,63,63,63,63,63,63,63,63,63,63,63,63,63,63,63,63,63,63,63,63,63,63,63,63,63,63,63,63,63,63,63,63,63,63,63,63,63],"card_choices":[{"not_picked":["ClowCardTheMaze","ClowCardTheCloud"],"picked":"ClowCardTheWindy","floor":1.0},{"not_picked":["ClowCardTheArrow","ClowCardTheVoice"],"picked":"ClowCardTheMove","floor":2.0},{"not_picked":["ClowCardTheBig","ClowCardTheMove"],"picked":"ClowCardTheWave","floor":3.0},{"not_picked":["ClowCardTheVoice","ClowCardTheWindy","Koishi:ReflexRadar"],"picked":"ClowCardTheMirror","floor":6.0},{"not_picked":["ClowCardTheGlow","ClowCardTheLock","ClowCardTheSleep"],"picked":"Koishi:GeneticsOfTheUnconscious","floor":8.0},{"not_picked":["ClowCardTheShot","ClowCardTheRain","Koishi:ParalyzingFear"],"picked":"ClowCardTheMist","floor":10.0},{"not_picked":["ClowCardTheJump","ClowCardTheSand","Koishi:StingingMind"],"picked":"ClowCardTheCreate","floor":12.0},{"not_picked":["ClowCardTheWave","ClowCardTheIllusion","Koishi:ParalyzingFear"],"picked":"ClowCardTheThrough","floor":14.0},{"not_picked":["ClowCardTheTime","ClowCardTheThunder","Koishi:HeartStoppingHorror"],"picked":"ClowCardTheLight","floor":16.0},{"not_picked":["ClowCardTheDream","ClowCardTheChange","ClowCardTheWood"],"picked":"Koishi:ReleaseOfTheId","floor":18.0},{"not_picked":["ClowCardTheShadow+1","ClowCardTheCloud","Koishi:PhantomBarrier"],"picked":"ClowCardTheErase","floor":19.0},{"not_picked":["ClowCardTheFly","ClowCardTheChange","Koishi:RacingHeart"],"picked":"ClowCardTheFreeze","floor":20.0},{"not_picked":["ClowCardTheArrow","ClowCardTheSleep","Koishi:PhantomBarrier"],"picked":"ClowCardTheGlow","floor":21.0},{"not_picked":["ClowCardTheSong","ClowCardTheLock+1","Koishi:ApparitionsStalkTheNight"],"picked":"ClowCardTheFloat","floor":23.0},{"not_picked":["ClowCardTheSong","ClowCardTheGlow","ClowCardTheReturn"],"picked":"Koishi:BramblyRoseGarden","floor":24.0},{"not_picked":["ClowCardTheChange","ClowCardTheMist","ClowCardTheWood+1"],"picked":"Koishi:StingingMind","floor":25.0},{"not_picked":["ClowCardTheArrow+1","ClowCardTheMaze","Koishi:JumpScare"],"picked":"ClowCardTheShadow+1","floor":27.0},{"not_picked":["ClowCardTheMist","ClowCardTheArrow","Koishi:IdleWhim"],"picked":"ClowCardTheShot","floor":29.0},{"not_picked":["ClowCardTheWave","ClowCardTheDream","Koishi:PhantomStrike"],"picked":"ClowCardTheMirror","floor":30.0},{"not_picked":["ClowCardTheTwin","ClowCardTheDark","Koishi:HeartStoppingHorror"],"picked":"ClowCardTheFight","floor":33.0},{"not_picked":["ClowCardTheMove","ClowCardTheMist","ClowCardTheLock+1","Koishi:RacingHeart"],"picked":"ClowCardTheChange+1","floor":35.0},{"not_picked":["ClowCardTheFloat","ClowCardTheLoop","ClowCardTheLibra","Koishi:JumpScare"],"picked":"ClowCardTheFirey+1","floor":36.0},{"not_picked":["ClowCardTheCloud","ClowCardTheErase+1","ClowCardTheStorm","Koishi:UnconsciousUprising"],"picked":"ClowCardTheBubbles+1","floor":38.0},{"not_picked":["ClowCardTheDream","ClowCardTheSweet","ClowCardTheMaze+1","Koishi:ApparitionsStalkTheNight"],"picked":"ClowCardTheEarthy+1","floor":39.0},{"not_picked":["ClowCardTheTwin","ClowCardTheWindy+1","ClowCardTheSong","Koishi:FreudianInstinct"],"picked":"ClowCardTheBubbles","floor":40.0},{"not_picked":["ClowCardTheArrow","ClowCardTheSilent","ClowCardThePower","Koishi:GeneticsOfTheUnconscious"],"picked":"ClowCardTheBubbles","floor":41.0},{"not_picked":["ClowCardTheVoice+1","ClowCardTheMove+1","ClowCardTheShadow","ClowCardTheFlower+1"],"picked":"Koishi:PerfectMindControl","floor":42.0},{"not_picked":["ClowCardTheLock","ClowCardThePower+1","ClowCardTheArrow","Koishi:SubterraneanRose"],"picked":"ClowCardTheErase","floor":44},{"not_picked":["ClowCardTheFly","ClowCardTheWave+1","ClowCardTheErase+1","Koishi:TraumaticStroke"],"picked":"ClowCardTheChange","floor":45},{"not_picked":["ClowCardTheThunder","ClowCardTheVoice+1","ClowCardTheChange+1","Koishi:CatchAndRose"],"picked":"ClowCardTheSnow+1","floor":46},{"not_picked":["ClowCardTheMist","ClowCardTheWood+1","ClowCardTheLock+1","Koishi:TremblingHands"],"picked":"ClowCardTheFirey","floor":48},{"not_picked":["ClowCardTheRain+1","ClowCardTheIllusion+1","ClowCardTheWave","Koishi:DreadfulBlow"],"picked":"ClowCardTheFirey","floor":54}],"player_experience":72414,"relics_obtained":[{"floor":6.0,"key":"KSMOD_YukitosBentoBox"},{"floor":8.0,"key":"infinitespire:Golems Mask"},{"floor":9.0,"key":"Nunchaku"},{"floor":10.0,"key":"CeramicFish"},{"floor":12.0,"key":"WingedGreaves"},{"floor":14.0,"key":"Blood Vial"},{"floor":14.0,"key":"Ornamental Fan"},{"floor":15.0,"key":"Unceasing Top"},{"floor":23.0,"key":"Blue Doll"},{"floor":25.0,"key":"hubris:SlimyHat"},{"floor":26.0,"key":"Pen Nib"},{"floor":27.0,"key":"Kunai"},{"floor":29.0,"key":"Red Mask"},{"floor":40.0,"key":"War Paint"},{"floor":43,"key":"hubris:BottledRain"},{"floor":46,"key":"ReplayTheSpireMod:Lightbulb"},{"floor":54,"key":"Happy Flower"}],"event_choices":[{"damage_healed":0.0,"max_hp_gain":0.0,"max_hp_loss":0.0,"gold_gain":30.0,"event_name":"Dead Adventurer","player_choice":"Searched \u00272\u0027 times","floor":10.0,"gold_loss":0.0,"damage_taken":0.0},{"damage_healed":0.0,"max_hp_gain":0.0,"max_hp_loss":0.0,"gold_gain":0.0,"event_name":"Masked Bandits","player_choice":"Fought Bandits","floor":29.0,"gold_loss":0.0,"damage_taken":0.0},{"damage_healed":0.0,"max_hp_gain":0.0,"max_hp_loss":0.0,"gold_gain":0.0,"cards_transformed":["ClowCardTheShield"],"event_name":"Transmorgrifier","player_choice":"Transformed","floor":31.0,"gold_loss":0.0,"damage_taken":0.0,"cards_obtained":["ClowCardTheFloat"]}],"is_beta":false,"boss_relics":[{"not_picked":["ReplayTheSpireMod:SealedPack","Runic Pyramid"],"picked":"hubris:BlackHole"},{"not_picked":["Pandora\u0027s Box","Cursed Key"],"picked":"Honey Jar"}],"items_purged_floors":[11,22,47,53],"is_endless":false,"potions_floor_spawned":[1,2,12,16,18,20,25,33,38,39,45,46,48],"ascension_level":6}}