{"host":"p34rppyhk302xzzg","time":1611552853,"event":{"mods":["Act Like it!","Arknights The Spire","Ascension Reborn","BaseMod","Better Vampires","Gensokyo","Lobotomy","LobotomyExtend","Marisa£®ÏF”Í°°ƒß¿Ì…≥£©","Minty Spire (QoL Compilation)","Quick Restart","READ ME - Guardian Mod","Remilia£®¿Ÿ√◊¿Ú—«£©","SOS£®Àπ∞Õ¥Ô÷Æ◊”£©","StSLib","Td1madao Mod","Waifu the Spire","Youmu£®ªÍ∆«—˝√Œ£©","noobMod","°æ“≈ŒÔø®≈∆°øREMEMod"],"gold_per_floor":[119,119,132,150,52,82,82,157,181,181,181,181,246,262,262,365,365,379,60,71,82,82,112,130,160,160,160,175,79,79,91,91,189,189,200,226,226,55,69,69,102,102,102,112,155,171,131,156,156,156],"floor_reached":51,"language":"ZHS","playtime":1574,"items_purged":["Pain"],"score":1018,"play_id":"f8938b97-6a75-4628-bb51-6806b6ed9927","local_time":"20210125133413","is_ascension_mode":true,"campfire_choices":[{"data":"Dualcast","floor":7,"key":"SMITH"},{"data":"VampireClaw","floor":10,"key":"SMITH"},{"data":"Zap","floor":15,"key":"SMITH"},{"data":"Gash","floor":32,"key":"SMITH"},{"data":"REME_Shoggoth","floor":40,"key":"SMITH"},{"data":"Turbo","floor":42,"key":"SMITH"},{"data":"Blizzard","floor":49,"key":"SMITH"}],"circlet_count":0,"master_deck":["Strike_B","Strike_B","Strike_B","Strike_B","Defend_B","Defend_B","Defend_B","Defend_B","Zap+1","Dualcast+1","VampireClaw+1","Steam","Bloodbath","Leap","Scorched","Go for the Eyes","Conserve Battery+1","MeatLantern","All For One+1","Freischutz","Blizzard+1","SingingMachine","Amplify","GalaxyChild","Tempest","Rip and Tear","Go for the Eyes","REME_FirmDetermination","CrumblingArmor","Gash+1","UniverseFragment","Coolheaded+1","BodiesMountain","Seek","Murderer","Ball Lightning+1","BigBadWolf","Conserve Battery","Gash+1","NothingThere","Aggregate+1","Lockon","SpiderBud","Lockon","DespairKnight","REME_Shoggoth+1","Mercenary","Compile Driver+1","Turbo+1","CENSORED","Force Field+1","Hologram+1","CherryBlossoms","Capacitor+1","BlueStar","Storm+1","QueenOfHatred","Glacier+1"],"relics":["Cracked Core","REME_ComplimentaryCards","ice","CogitoBucket","LetterFromLob","WarpedTongs","ScarletDevilRocket","REME_HandOfSuture","MagicBullet_r","Moonlight_r","Mango","SlaversCollar","LuminousBracelet","Membership Card","PreservedInsect","Sundial","Boot","Kunai","Tiny Chest","BackwardClock","ClockworkSouvenir","Sozu","Omamori","Girya","Ginger","Mummified Hand","AtMidnight","ChangeAnything","MealTicket","Bronze Scales"],"acts_visited":["Exordium","TheCity","TheBeyond"],"potions_floor_usage":[4,6,16,23,41,41,50],"damage_taken":[{"damage":11,"enemies":"Jaw Worm","floor":1,"turns":2},{"damage":4,"enemies":"Cultist","floor":3,"turns":3},{"damage":4,"enemies":"Small Slimes","floor":4,"turns":3},{"damage":35,"enemies":"Gremlin Nob","floor":6,"turns":5},{"damage":0,"enemies":"Blue Slaver","floor":14,"turns":1},{"damage":0,"enemies":"Slime Boss","floor":16,"turns":4},{"damage":29,"enemies":"2 Thieves","floor":18,"turns":3},{"damage":0,"enemies":"Chosen","floor":20,"turns":1},{"damage":4,"enemies":"Snake Plant","floor":21,"turns":1},{"damage":22,"enemies":"Gremlin Leader","floor":23,"turns":2},{"damage":0,"enemies":"Cultist and Chosen","floor":24,"turns":3},{"damage":0,"enemies":"Book of Stabbing","floor":25,"turns":2},{"damage":4,"enemies":"Sentry and Sphere","floor":28,"turns":3},{"damage":4,"enemies":"Centurion and Healer","floor":31,"turns":2},{"damage":80,"enemies":"Champ","floor":33,"turns":4},{"damage":20,"enemies":"3 Darklings","floor":35,"turns":1},{"damage":0,"enemies":"3 Shapes","floor":39,"turns":1},{"damage":38,"enemies":"Giant Head","floor":41,"turns":2},{"damage":19,"enemies":"Spire Growth","floor":44,"turns":6},{"damage":1,"enemies":"Reptomancer","floor":45,"turns":2},{"damage":44,"enemies":"Sphere and 2 Shapes","floor":46,"turns":3},{"damage":20,"enemies":"Time Eater","floor":50,"turns":5}],"seed_played":"-548700891159378873","potions_obtained":[{"floor":3,"key":"ColorlessPotion"},{"floor":4,"key":"REME_GoldPotion"},{"floor":6,"key":"SkillPotion"},{"floor":14,"key":"BlessingOfTheForge"},{"floor":20,"key":"PowerPotion"},{"floor":25,"key":"SpeedPotion"},{"floor":28,"key":"Energy Potion"},{"floor":31,"key":"Swift Potion"}],"is_trial":false,"path_per_floor":["M","?","M","M","$","E","R","?","T","R","E","T","?","M","R","B",null,"M","$","M","M","T","E","M","E","T","?","M","$","?","M","R","B",null,"M","T","?","$","M","R","E","R","T","M","E","M","?","T","R","B",null],"character_chosen":"DEFECT","items_purchased":["Conserve Battery","Membership Card","PreservedInsect","Rip and Tear","Go for the Eyes","REME_FirmDetermination","ClockworkSouvenir","Lockon","Girya","Turbo"],"campfire_rested":0,"item_purchase_floors":[5,19,19,19,19,19,29,29,38,38],"current_hp_per_floor":[64,64,60,57,57,75,75,64,64,64,20,34,34,34,34,90,90,87,87,97,100,100,95,105,105,105,105,105,105,105,105,105,63,113,113,113,107,107,107,107,109,109,109,109,109,109,109,109,109,123],"gold":156,"neow_bonus":"","is_daily":false,"chose_seed":false,"campfire_upgraded":7,"win_rate":0.0,"timestamp":1611552853,"path_taken":["M","?","M","?","?","E","R","?","T","R","E","?","?","?","R","BOSS","M","$","M","M","?","E","?","E","T","?","M","?","?","M","R","BOSS","M","?","?","?","M","R","E","R","T","M","E","M","?","?","R","BOSS"],"items_purchased_type":["Card","Relic","Relic","Card","Card","Card","Relic","Card","Relic","Card"],"build_version":"2020-12-22","purchased_purges":1,"victory":true,"max_hp_per_floor":[75,75,75,75,75,75,75,75,75,75,75,89,89,89,89,90,90,105,105,105,105,105,105,105,105,105,105,105,105,105,105,105,113,113,113,113,107,107,107,107,109,109,109,109,109,109,109,109,109,123],"card_choices":[{"not_picked":["VoidDream","WallGazer"],"picked":"Alriune","floor":1},{"not_picked":["REME_Whirling","Auto Shields"],"picked":"Steam","floor":1},{"not_picked":["Yin","UniverseFragment","VoidDream"],"picked":"Singing Bowl","floor":3},{"not_picked":["WhitesApple","BeautyBeast"],"picked":"Bloodbath","floor":3},{"not_picked":["Auto Shields","Genetic Algorithm"],"picked":"Leap","floor":3},{"not_picked":["OldLady","Rudolta"],"picked":"Scorched","floor":4},{"not_picked":["Beam Cell","Darkness"],"picked":"Go for the Eyes","floor":4},{"not_picked":["Murderer","UniverseFragment","FieryBird"],"picked":"Singing Bowl","floor":6},{"not_picked":["WallGazer","ShyLook"],"picked":"MeatLantern","floor":6},{"not_picked":["Lockon","Conserve Battery"],"picked":"All For One","floor":6},{"not_picked":["MHz","Yin"],"picked":"Freischutz","floor":14},{"not_picked":["Coolheaded","Static Discharge"],"picked":"Blizzard","floor":14},{"not_picked":["FieryBird","LaLuna","OSAHOGD"],"picked":"Singing Bowl","floor":16},{"not_picked":["SpiderBud","OldLady"],"picked":"SingingMachine","floor":16},{"not_picked":["Multi-Cast","Creative AI"],"picked":"Amplify","floor":16},{"not_picked":["Rudolta","FairyFestival"],"picked":"GalaxyChild","floor":18},{"not_picked":["Leap","Defragment"],"picked":"Tempest","floor":18},{"not_picked":["BigBird","WallGazer","LittleHelper"],"picked":"Singing Bowl","floor":20},{"not_picked":["Murderer","Mercenary"],"picked":"CrumblingArmor","floor":20},{"not_picked":["Streamline","Sweeping Beam"],"picked":"Gash","floor":20},{"not_picked":["HeroicMonk","WallGazer","Wellcheers"],"picked":"Singing Bowl","floor":21},{"not_picked":["WhitesApple","OldLady"],"picked":"UniverseFragment","floor":21},{"not_picked":["Cold Snap","Turbo"],"picked":"Coolheaded+1","floor":21},{"not_picked":["Rudolta","GreedKing","HappyTeddy"],"picked":"Singing Bowl","floor":23},{"not_picked":["Porccubus","WallGazer"],"picked":"BodiesMountain","floor":23},{"not_picked":["Cold Snap","Hologram"],"picked":"Seek","floor":23},{"not_picked":["Mercenary","Funeral"],"picked":"Murderer","floor":24},{"not_picked":["Leap+1","Stack"],"picked":"Ball Lightning+1","floor":24},{"not_picked":["DreamingCurrent","BlackArmy"],"picked":"BigBadWolf","floor":25},{"not_picked":["Chill","Sweeping Beam"],"picked":"Conserve Battery","floor":25},{"not_picked":["Alriune","HeroicMonk"],"picked":"NothingThere","floor":28},{"not_picked":["Doom and Gloom","Cold Snap+1"],"picked":"Aggregate+1","floor":28},{"not_picked":["Rudolta","MHz"],"picked":"SpiderBud","floor":31},{"not_picked":["Skim","Steam"],"picked":"Lockon","floor":31},{"not_picked":["Variant","HappyTeddy","WhitesApple"],"picked":"Singing Bowl","floor":33},{"not_picked":["HeroicMonk","QueenBee"],"picked":"DespairKnight","floor":33},{"not_picked":["Reboot","Seek"],"picked":"REME_Shoggoth","floor":33},{"not_picked":["SnowQueen","Variant","VoidDream"],"picked":"Singing Bowl","floor":35},{"not_picked":["RedShoes","GreedKing"],"picked":"Mercenary","floor":35},{"not_picked":["Ball Lightning","Static Discharge+1"],"picked":"Compile Driver+1","floor":35},{"not_picked":["BlueStar","Scarecrow"],"picked":"CENSORED","floor":39},{"not_picked":["Streamline+1","Ball Lightning"],"picked":"Force Field+1","floor":39},{"not_picked":["Variant","Yin"],"picked":"Funeral","floor":41},{"not_picked":["Creative AI","Steam Power"],"picked":"Hologram+1","floor":41},{"not_picked":["Scarecrow","HeroicMonk","Yin"],"picked":"Singing Bowl","floor":44},{"not_picked":["Wellcheers","DreamingCurrent"],"picked":"CherryBlossoms","floor":44},{"not_picked":["Hologram","Turbo+1"],"picked":"Capacitor+1","floor":44},{"not_picked":["WhitesApple","HeroicMonk"],"picked":"BlueStar","floor":45},{"not_picked":["Fusion","Go for the Eyes"],"picked":"Storm+1","floor":45},{"not_picked":["SnowQueen","SilentOrchestra"],"picked":"QueenOfHatred","floor":46},{"not_picked":["Loop","Rebound"],"picked":"Glacier+1","floor":46}],"player_experience":66645,"relics_obtained":[{"floor":1,"key":"LetterFromLob"},{"floor":6,"key":"ScarletDevilRocket"},{"floor":9,"key":"REME_HandOfSuture"},{"floor":12,"key":"Mango"},{"floor":22,"key":"Sundial"},{"floor":23,"key":"Boot"},{"floor":25,"key":"Kunai"},{"floor":26,"key":"Tiny Chest"},{"floor":36,"key":"Omamori"},{"floor":41,"key":"Ginger"},{"floor":43,"key":"Mummified Hand"},{"floor":44,"key":"AtMidnight"},{"floor":45,"key":"MealTicket"},{"floor":48,"key":"Bronze Scales"}],"event_choices":[{"damage_healed":0,"gold_gain":0,"player_choice":"Rummage","damage_taken":0,"relics_obtained":["WarpedTongs"],"max_hp_gain":0,"max_hp_loss":0,"event_name":"Accursed Blacksmith","floor":2,"gold_loss":0,"cards_obtained":["Pain"]},{"damage_healed":0,"gold_gain":75,"player_choice":"Gather Gold","damage_taken":11,"max_hp_gain":0,"max_hp_loss":0,"event_name":"World of Goop","floor":8,"gold_loss":0},{"damage_healed":0,"gold_gain":65,"player_choice":"Gained Gold","damage_taken":0,"max_hp_gain":0,"max_hp_loss":0,"event_name":"Golden Wing","floor":13,"gold_loss":0},{"damage_healed":0,"gold_gain":0,"player_choice":"Read","damage_taken":0,"max_hp_gain":0,"max_hp_loss":0,"event_name":"The Library","floor":27,"gold_loss":0,"cards_obtained":["Gash"]},{"damage_healed":0,"gold_gain":0,"player_choice":"Ignored","damage_taken":0,"max_hp_gain":0,"max_hp_loss":0,"event_name":"Ghosts","floor":30,"gold_loss":0},{"damage_healed":0,"gold_gain":0,"player_choice":"Max HP","damage_taken":0,"max_hp_gain":0,"max_hp_loss":6,"event_name":"Winding Halls","floor":37,"gold_loss":0},{"damage_healed":0,"gold_gain":0,"player_choice":"Upgrade","damage_taken":0,"max_hp_gain":0,"max_hp_loss":0,"event_name":"Designer","floor":47,"gold_loss":40,"cards_upgraded":["Gash"]}],"is_beta":false,"boss_relics":[{"not_picked":["Tiny House","Ectoplasm"],"picked":"SlaversCollar"},{"not_picked":["Runic Dome","Snecko Eye"],"picked":"Sozu"}],"items_purged_floors":[5],"is_endless":false,"potions_floor_spawned":[3,4,6,14,20,25,28,31,41,46],"ascension_level":0}}