{"host":"f6w7z8zvb0mi4wy9","time":1611615146,"event":{"mods":["BaseMod","Colored Map","Minty Spire (QoL Compilation)","READ ME - Guardian Mod","StSLib","SuperFastMode","The Jungle"],"gold_per_floor":[111,128,88,102,177,177,211,230,284,284,309,1,13,13,13,13,13],"floor_reached":16,"language":"KOR","playtime":254,"items_purged":[],"score":196,"play_id":"30b29b43-8720-4c84-88d8-6f99ec02fad4","local_time":"20210126075226","is_ascension_mode":true,"campfire_choices":[{"data":"Zap","floor":6,"key":"SMITH"},{"floor":15,"key":"REST"}],"circlet_count":0,"master_deck":["Strike_B+1","Strike_B+1","Strike_B","Strike_B","Defend_B","Defend_B","Defend_B","Defend_B","Zap+1","Dualcast","Ball Lightning","Beam Cell","Tempest","Go for the Eyes","Capacitor"],"relics":["Cracked Core","NeowsBlessing","Mercury Hourglass","Bag of Marbles","Whetstone","ClockworkSouvenir","Juzu Bracelet","Golden Idol"],"acts_visited":["Exordium"],"potions_floor_usage":[7,7,16],"damage_taken":[{"damage":0,"enemies":"Small Slimes","floor":1,"turns":1},{"damage":0,"enemies":"Cultist","floor":2,"turns":1},{"damage":0,"enemies":"2 Louse","floor":4,"turns":1},{"damage":0,"enemies":"Gremlin Nob","floor":7,"turns":2},{"damage":0,"enemies":"2 Fungi Beasts","floor":8,"turns":2},{"damage":15,"enemies":"Lagavulin","floor":11,"turns":7},{"damage":0,"enemies":"3 Louse","floor":13,"turns":2},{"damage":36,"enemies":"The Guardian","floor":16,"turns":8}],"seed_played":"-8335936180841121542","potions_obtained":[{"floor":3,"key":"DistilledChaos"},{"floor":3,"key":"BlessingOfTheForge"},{"floor":3,"key":"SteroidPotion"},{"floor":7,"key":"Dexterity Potion"},{"floor":8,"key":"Strength Potion"},{"floor":11,"key":"PotionOfCapacity"}],"is_trial":false,"path_per_floor":["M","M","?","M","?","R","E","M","T","?","E","$","M","?","R","B"],"character_chosen":"DEFECT","items_purchased":["ClockworkSouvenir","Juzu Bracelet"],"campfire_rested":1,"item_purchase_floors":[12,12],"current_hp_per_floor":[68,68,68,68,57,57,57,57,57,45,30,30,30,12,34,0,0],"gold":13,"neow_bonus":"THREE_ENEMY_KILL","is_daily":false,"chose_seed":false,"campfire_upgraded":1,"win_rate":0.0,"timestamp":1611615146,"path_taken":["M","M","?","?","?","R","E","M","T","?","E","$","M","?","R","BOSS"],"items_purchased_type":["Relic","Relic"],"build_version":"2020-12-22","purchased_purges":0,"victory":false,"max_hp_per_floor":[75,75,75,75,75,75,75,75,75,75,75,75,75,75,75,75,75],"card_choices":[{"not_picked":["Leap","Chaos"],"picked":"Ball Lightning","floor":1},{"not_picked":["Ball Lightning","Steam"],"picked":"Beam Cell","floor":2},{"not_picked":["Redo","Double Energy","Recycle"],"picked":"SKIP","floor":4},{"not_picked":["Darkness","Rebound"],"picked":"Tempest","floor":7},{"not_picked":["Turbo","Sweeping Beam"],"picked":"Go for the Eyes","floor":8},{"not_picked":["Rebound","Stack"],"picked":"Capacitor","floor":11},{"not_picked":["Redo","Rebound","Aggregate"],"picked":"SKIP","floor":13}],"player_experience":898931,"relics_obtained":[{"floor":7,"key":"Mercury Hourglass"},{"floor":11,"key":"Whetstone"}],"event_choices":[{"damage_healed":0,"gold_gain":0,"player_choice":"Bought 3 Potions","damage_taken":0,"max_hp_gain":0,"max_hp_loss":0,"event_name":"The Woman in Blue","floor":3,"gold_loss":0},{"damage_healed":0,"gold_gain":75,"player_choice":"Gather Gold","damage_taken":11,"max_hp_gain":0,"max_hp_loss":0,"event_name":"World of Goop","floor":5,"gold_loss":0},{"damage_healed":0,"gold_gain":0,"player_choice":"Success","damage_taken":12,"relics_obtained":["Bag of Marbles"],"max_hp_gain":0,"max_hp_loss":0,"event_name":"Scrap Ooze","floor":10,"gold_loss":0},{"damage_healed":0,"gold_gain":0,"player_choice":"Take Damage","damage_taken":18,"relics_obtained":["Golden Idol"],"max_hp_gain":0,"max_hp_loss":0,"event_name":"Golden Idol","floor":14,"gold_loss":0}],"is_beta":false,"boss_relics":[],"items_purged_floors":[],"is_endless":false,"potions_floor_spawned":[7,8,11,13],"killed_by":"The Guardian","ascension_level":9}}