{"host":"jjx","time":1611557837,"event":{"mods":["Act Like it!","BaseMod","Chen","DeckTracker","Downfall","Gensokyo","Marisa£®ÏF”Í°°ƒß¿Ì…≥£©","Minty Spire (QoL Compilation)","Quick Restart","Remilia£®¿Ÿ√◊¿Ú—«£©","StSLib","The Poker Player","The Servant 0.9.4","Waifu the Spire","Youmu£®ªÍ∆«—˝√Œ£©"],"gold_per_floor":[99,111,121,121,137,312,339,373,373,383,207,207,207,5,20,120,120,120,130,145,84,104,104,104,104,122,122,157,93,93,93,110,205,205,205,220,220,220,240,240,290,123,137,137,169,180,209,209,223,223],"floor_reached":51,"language":"ENG","playtime":2805,"items_purged":["Doubt","Guardian:Strike_Guardian"],"score":725,"play_id":"8280ee5c-6dd2-4156-b0ef-ab2d3d0bcf87","local_time":"20210125145717","is_ascension_mode":false,"campfire_choices":[{"data":"Guardian:TwinSlam","floor":1.0,"key":"SMITH"},{"data":"Guardian:BronzeOrb","floor":9.0,"key":"SMITH"},{"data":"Guardian:TemporalStrike","floor":12.0,"key":"SMITH"},{"data":"Guardian:TimeBomb","floor":18.0,"key":"SMITH"},{"data":"Guardian:StasisStrike","floor":25.0,"key":"SMITH"},{"data":"Guardian:SentryBeam","floor":27.0,"key":"SMITH"},{"floor":30.0,"key":"REST"},{"data":"Guardian:TimeSifter","floor":35.0,"key":"SMITH"},{"data":"Guardian:StasisField","floor":44.0,"key":"SMITH"}],"circlet_count":0,"master_deck":["Guardian:Strike_Guardian","Guardian:Defend_Guardian","Guardian:Defend_Guardian","Guardian:CurlUp","Guardian:TwinSlam+1","Guardian:BronzeOrb+1","Guardian:TemporalStrike+1","Guardian:TimeBomb+1","Guardian:TemporalShield","Guardian:SentryBeam+1","Guardian:Incinerate","Guardian:TimeCapacitor","Guardian:VentSteam","Guardian:TemporalStrike","Guardian:Planning","Guardian:StasisStrike+1","Guardian:Reroute","Guardian:Incinerate+1","Guardian:Suspension","Guardian:TimeSifter+1","Guardian:Incinerate","Guardian:ChargeCore","Guardian:StasisField+1","Guardian:ShieldCharger","Wraith","Mayhem+1","Parasite","Guardian:MultiBeam+1","Guardian:Clone+1","Guardian:Emergency+1"],"relics":["Guardian:ModeShifter","Turnip","Bag of Preparation","Guardian:BottledStasis","Sozu","downfall:RedIOU","Shovel","Shuriken","Frozen Egg 2","Empty Cage","Juzu Bracelet","Blue Candle","Anchor","Strawberry","PreservedInsect"],"acts_visited":["Exordium","TheCity","TheBeyond"],"potions_floor_usage":[50,50,50],"damage_taken":[{"damage":3.0,"enemies":"2 Louse","floor":2.0,"turns":2.0},{"damage":1.0,"enemies":"Cultist","floor":3.0,"turns":3.0},{"damage":2.0,"enemies":"Small Slimes","floor":5.0,"turns":4.0},{"damage":8.0,"enemies":"Gremlin Nob","floor":8.0,"turns":5.0},{"damage":8.0,"enemies":"Exordium Wildlife","floor":10.0,"turns":4.0},{"damage":5.0,"enemies":"downfall:FleeingMerchant","floor":11.0,"turns":4.0},{"damage":2.0,"enemies":"downfall:FleeingMerchant","floor":14.0,"turns":4.0},{"damage":0.0,"enemies":"2 Fungi Beasts","floor":15.0,"turns":3.0},{"damage":19.0,"enemies":"SI_SHIV_ARCHETYPE","floor":16.0,"turns":9.0},{"damage":0.0,"enemies":"3 Byrds","floor":19.0,"turns":2.0},{"damage":0.0,"enemies":"Chosen","floor":20.0,"turns":2.0},{"damage":10.0,"enemies":"downfall:FleeingMerchant","floor":21.0,"turns":4.0},{"damage":21.0,"enemies":"Snake Plant","floor":22.0,"turns":3.0},{"damage":6.0,"enemies":"3 Cultists","floor":26.0,"turns":3.0},{"damage":6.0,"enemies":"Gremlin Leader","floor":28.0,"turns":4.0},{"damage":10.0,"enemies":"downfall:FleeingMerchant","floor":29.0,"turns":4.0},{"damage":6.0,"enemies":"Shelled Parasite and Fungi","floor":32.0,"turns":4.0},{"damage":27.0,"enemies":"DF_ARCHETYPE_CLAW","floor":33.0,"turns":8.0},{"damage":9.0,"enemies":"3 Darklings","floor":36.0,"turns":3.0},{"damage":0.0,"enemies":"Orb Walker","floor":39.0,"turns":2.0},{"damage":13.0,"enemies":"Writhing Mass","floor":43.0,"turns":5.0},{"damage":4.0,"enemies":"Nemesis","floor":45.0,"turns":9.0},{"damage":0.0,"enemies":"Jaw Worm Horde","floor":46.0,"turns":2.0},{"damage":26.0,"enemies":"Reptomancer","floor":47.0,"turns":3.0},{"damage":1.0,"enemies":"Sphere and 2 Shapes","floor":49.0,"turns":5.0},{"damage":17,"enemies":"IC_BLOCK_ARCHETYPE","floor":50,"turns":10}],"seed_played":"-2296261129916548657","potions_obtained":[{"floor":2.0,"key":"Guardian:BlockOnCardUsePotion"},{"floor":3.0,"key":"Fire Potion"},{"floor":5.0,"key":"LiquidBronze"},{"floor":15.0,"key":"Strength Potion"}],"is_trial":false,"path_per_floor":["R","M","M","?","M","?","T","E","R","M","$","R","?","$","M","B",null,"R","M","M","$","M","?","T","R","M","R","E","$","R","?","M","B",null,"R","M","T","?","M","?","T","$","M","R","E","M","E","?","M","B",null],"character_chosen":"GUARDIAN","items_purchased":["Guardian:TemporalShield","Guardian:SentryBeam","Guardian:BottledStasis","Guardian:TimeCapacitor","Guardian:Reroute","Frozen Egg 2","Guardian:ChargeCore","Mayhem+1"],"campfire_rested":1,"item_purchase_floors":[11,11,14,14,21,29,29,42],"current_hp_per_floor":[72,69,68,68,66,66,66,58,58,50,45,45,45,43,43,24,72,72,72,72,62,41,41,41,41,35,35,29,19,40,40,34,7,72,72,63,63,58,58,58,58,58,45,45,48,48,22,22,21,4],"gold":223,"neow_bonus":"ONE_RARE_RELIC","is_daily":false,"chose_seed":false,"campfire_upgraded":8,"win_rate":0.0,"timestamp":1611557837,"path_taken":["R","M","M","?","?","?","T","E","R","M","$","R","?","?","M","BOSS","R","M","M","$","M","?","T","R","M","R","E","?","R","?","M","BOSS","R","M","?","?","M","?","T","$","M","R","E","M","E","?","M","BOSS"],"items_purchased_type":["Card","Card","Relic","Card","Card","Relic","Card","Card"],"build_version":"2020-12-18","purchased_purges":2,"victory":true,"max_hp_per_floor":[72,72,72,72,72,72,72,72,72,72,72,72,72,72,72,72,72,72,72,72,72,72,72,72,72,72,72,72,72,72,72,72,72,72,72,72,72,72,72,72,72,72,72,72,79,79,79,79,79,79],"card_choices":[{"not_picked":["Guardian:ArmoredProtocol","Guardian:TemporalShield"],"picked":"Guardian:BronzeOrb","floor":2.0},{"not_picked":["Guardian:PrismaticBarrier","Guardian:PrimingBeam"],"picked":"Guardian:TemporalStrike","floor":3.0},{"not_picked":["Guardian:RollAttack","Guardian:DonusPower"],"picked":"Guardian:TimeBomb","floor":5.0},{"not_picked":["Guardian:SpikerProtocol","Guardian:TemporalStrike","Guardian:PrismaticBarrier"],"picked":"SKIP","floor":8.0},{"not_picked":["Guardian:CrystalBeam","Guardian:BodySlam","Guardian:Gem_White"],"picked":"SKIP","floor":10.0},{"not_picked":["Guardian:CrystalBeam","Guardian:RefractedBeam"],"picked":"Guardian:Gem_Yellow","floor":11.0},{"not_picked":["Guardian:RevengeProtocol","Guardian:Gem_Blue"],"picked":"Guardian:Incinerate","floor":14.0},{"not_picked":["Guardian:PrimingBeam","Guardian:Harden"],"picked":"Guardian:VentSteam","floor":15.0},{"not_picked":["Guardian:DonusPower","Guardian:VentSteam"],"picked":"Guardian:TemporalStrike","floor":19.0},{"not_picked":["Guardian:Recover","Guardian:TemporalShield"],"picked":"Guardian:Planning","floor":20.0},{"not_picked":["Guardian:SpikerProtocol","Guardian:TemporalShield"],"picked":"Guardian:StasisStrike","floor":21.0},{"not_picked":["Guardian:Gem_White","Guardian:RollAttack"],"picked":"Guardian:Incinerate+1","floor":22.0},{"not_picked":["Guardian:RollAttack+1","Guardian:CrystalBeam"],"picked":"Guardian:Suspension","floor":26.0},{"not_picked":["Guardian:Gem_Red","Guardian:PiercingHide"],"picked":"Guardian:TimeSifter","floor":28.0},{"not_picked":["Guardian:GuardianWhirl","Guardian:VentSteam"],"picked":"Guardian:Incinerate","floor":29.0},{"not_picked":["Guardian:ChargeCore","Guardian:WalkerClaw"],"picked":"Guardian:Gem_Green","floor":32.0},{"not_picked":["Guardian:FastForward","Guardian:SphericShield"],"picked":"Guardian:StasisField","floor":33.0},{"not_picked":["Guardian:EvasiveProtocol+1","Guardian:RollAttack"],"picked":"Guardian:Gem_White","floor":36.0},{"not_picked":["Guardian:TemporalStrike","Guardian:Gem_Cyan"],"picked":"Guardian:ShieldCharger","floor":39.0},{"not_picked":["Guardian:CrystalBeam","Guardian:PrimingBeam+1"],"picked":"Guardian:MultiBeam+1","floor":43.0},{"not_picked":["Guardian:CrystalBeam+1","Guardian:ConstructionForm+1","Guardian:VentSteam+1"],"picked":"SKIP","floor":45.0},{"not_picked":["Guardian:WalkerClaw+1","Guardian:RefractedBeam","Guardian:MultiBeam"],"picked":"SKIP","floor":46.0},{"not_picked":["Guardian:PiercingHide+1","Guardian:Gem_Red"],"picked":"Guardian:Clone+1","floor":47.0},{"not_picked":["Guardian:Gem_Purple","Guardian:RollAttack+1"],"picked":"Guardian:Emergency+1","floor":49.0}],"player_experience":594658,"relics_obtained":[{"floor":7.0,"key":"Bag of Preparation"},{"floor":8.0,"key":"Potion Belt"},{"floor":24.0,"key":"Shovel"},{"floor":28.0,"key":"Shuriken"},{"floor":37.0,"key":"Juzu Bracelet"},{"floor":41.0,"key":"Anchor"},{"floor":45.0,"key":"Strawberry"},{"floor":47.0,"key":"PreservedInsect"}],"event_choices":[{"damage_healed":0.0,"max_hp_gain":0.0,"max_hp_loss":0.0,"gold_gain":0.0,"event_name":"OrinTheCat","player_choice":"Ignored","floor":40.0,"gold_loss":0.0,"damage_taken":0.0},{"damage_healed":0.0,"max_hp_gain":0.0,"max_hp_loss":0.0,"gold_gain":0.0,"event_name":"Mysterious Sphere","player_choice":"Ignored","floor":48.0,"gold_loss":0.0,"damage_taken":0.0}],"is_beta":true,"boss_relics":[{"not_picked":["Runic Pyramid","Snecko Eye"],"picked":"Sozu"},{"not_picked":["Philosopher\u0027s Stone","SacredBark"],"picked":"Empty Cage"}],"items_purged_floors":[11,29],"is_endless":false,"potions_floor_spawned":[2,3,5,15,19,26,33,36,39,46,49],"ascension_level":0}}