{"host":"hk3n60c9tb8azi3z","time":1611536171,"event":{"mods":["AchievementEnabler","BaseMod","Minty Spire (QoL Compilation)","Permanent Neow","Quick Restart","Relic Sorter","Relic Stats"],"gold_per_floor":[115,115,265,55,69,102,102,102,102,53,53,88,121,152,152,229,229,244,259,259,284,40,40,75,101,128,159,159,54,54,67,67,144,144,160,172,19,241,241,241,269,298,298,298,315,315,6,6,6,6,6,6,6,6,35,35,35],"floor_reached":56,"language":"ENG","playtime":4045,"items_purged":["Doubt"],"score":2237,"play_id":"76fadad9-453f-4acc-8cc3-dfab5195a6d6","local_time":"20210125015611","daily_mods":["SealedDeck","Heirloom","Flight"],"is_ascension_mode":true,"campfire_choices":[{"data":"Defragment","floor":7.0,"key":"SMITH"},{"data":"Capacitor","floor":8.0,"key":"SMITH"},{"floor":11.0,"key":"REST"},{"floor":15.0,"key":"REST"},{"floor":23.0,"key":"REST"},{"data":"Double Energy","floor":30.0,"key":"SMITH"},{"data":"Amplify","floor":32.0,"key":"SMITH"},{"data":"Fission","floor":40.0,"key":"SMITH"},{"floor":44.0,"key":"REST"},{"floor":46.0,"key":"RECALL"},{"data":"Electrodynamics","floor":49.0,"key":"SMITH"},{"data":"Hologram","floor":53,"key":"SMITH"}],"circlet_count":0,"master_deck":["AscendersBane","Skim","Turbo","Storm","Reinforced Body","Auto Shields","Doom and Gloom","Coolheaded","Coolheaded","Loop","Defragment+1","Compile Driver","Capacitor+1","Hologram+1","Ball Lightning","Ball Lightning","Electrodynamics+1","Go for the Eyes","Self Repair","Ball Lightning","Double Energy+1","Glacier","Amplify+1","Fission+1","Skim+1","Coolheaded+1","Multi-Cast","Fusion+1","Meteor Strike","Loop","Rainbow"],"relics":["Cracked Core","Turnip","Bag of Preparation","Ornamental Fan","Oddly Smooth Stone","Bronze Scales","PreservedInsect","Runic Pyramid","Red Mask","DataDisk","Smiling Mask","Peace Pipe","Vajra","Bottled Lightning","SlaversCollar","Regal Pillow","Ancient Tea Set","Bottled Tornado","Centennial Puzzle"],"acts_visited":["TheEnding"],"potions_floor_usage":[51,51,56],"damage_taken":[{"damage":1.0,"enemies":"2 Louse","floor":1.0,"turns":2.0},{"damage":0.0,"enemies":"Jaw Worm","floor":5.0,"turns":3.0},{"damage":20.0,"enemies":"Lagavulin","floor":6.0,"turns":7.0},{"damage":26.0,"enemies":"Gremlin Nob","floor":12.0,"turns":4.0},{"damage":0.0,"enemies":"Lagavulin","floor":13.0,"turns":5.0},{"damage":8.0,"enemies":"Gremlin Nob","floor":14.0,"turns":3.0},{"damage":0.0,"enemies":"Slime Boss","floor":16.0,"turns":6.0},{"damage":20.0,"enemies":"2 Thieves","floor":18.0,"turns":3.0},{"damage":17.0,"enemies":"Chosen","floor":19.0,"turns":4.0},{"damage":4.0,"enemies":"Masked Bandits","floor":21.0,"turns":3.0},{"damage":0.0,"enemies":"Gremlin Leader","floor":24.0,"turns":5.0},{"damage":2.0,"enemies":"Book of Stabbing","floor":25.0,"turns":3.0},{"damage":0.0,"enemies":"Gremlin Leader","floor":27.0,"turns":3.0},{"damage":0.0,"enemies":"Centurion and Healer","floor":31.0,"turns":2.0},{"damage":15.0,"enemies":"Champ","floor":33.0,"turns":8.0},{"damage":2.0,"enemies":"3 Darklings","floor":35.0,"turns":3.0},{"damage":0.0,"enemies":"3 Shapes","floor":36.0,"turns":4.0},{"damage":0.0,"enemies":"Nemesis","floor":41.0,"turns":5.0},{"damage":39.0,"enemies":"Giant Head","floor":42.0,"turns":6.0},{"damage":0.0,"enemies":"3 Darklings","floor":45.0,"turns":2.0},{"damage":4.0,"enemies":"Donu and Deca","floor":50.0,"turns":4.0},{"damage":64,"enemies":"Awakened One","floor":51,"turns":9},{"damage":15,"enemies":"Shield and Spear","floor":55,"turns":3},{"damage":62,"enemies":"The Heart","floor":56,"turns":5}],"seed_played":"-4224851139248262070","potions_obtained":[{"floor":5.0,"key":"SteroidPotion"},{"floor":13.0,"key":"Fire Potion"},{"floor":14.0,"key":"SpeedPotion"},{"floor":18.0,"key":"EssenceOfDarkness"},{"floor":24.0,"key":"Energy Potion"},{"floor":33.0,"key":"Strength Potion"},{"floor":35.0,"key":"Regen Potion"},{"floor":42.0,"key":"PowerPotion"},{"floor":55,"key":"FocusPotion"}],"is_trial":true,"path_per_floor":["M","?","?","$","M","E","R","R","T","?","R","E","E","E","R","B",null,"M","M","?","?","$","R","E","E","T","E","?","$","R","M","R","B",null,"M","M","$","?","?","R","E","E","T","R","M","R","$","?","R","B","B",null,"R","$","E","B"],"character_chosen":"DEFECT","items_purchased":["Capacitor","Hologram","DataDisk","Double Energy","EssenceOfDarkness","Multi-Cast","Bottled Tornado","Loop"],"campfire_rested":4,"item_purchase_floors":[4,4,22,22,29,37,47,47],"current_hp_per_floor":[63,63,63,63,63,43,43,43,43,43,64,38,38,30,51,51,66,46,29,29,25,25,46,53,58,58,65,45,45,45,52,52,44,68,73,76,76,76,72,72,72,40,40,72,72,72,72,72,72,72,30,62,62,62,61,0,0],"gold":35,"neow_bonus":"","is_daily":false,"chose_seed":false,"campfire_upgraded":7,"win_rate":0.0,"timestamp":1611536171,"path_taken":["M","?","?","$","?","E","R","R","T","?","R","E","E","E","R","BOSS","M","M","?","?","$","R","E","E","T","E","?","$","R","M","R","BOSS","M","M","$","?","?","R","E","E","T","R","?","R","$","?","R","BOSS","BOSS","R","$","E","BOSS"],"items_purchased_type":["Card","Card","Relic","Card","Potion","Card","Relic","Card"],"build_version":"2020-12-22","purchased_purges":1,"victory":false,"max_hp_per_floor":[71,71,71,71,71,71,71,71,71,71,71,71,71,71,71,71,71,71,71,71,71,71,71,71,71,71,71,76,76,76,76,76,76,76,76,76,76,76,72,72,72,72,72,72,72,72,72,72,72,72,72,72,72,72,72,72,72],"relic_stats":{"Peace Pipe":0,"Regal Pillow":0,"Centennial Puzzle":[3],"counters":[3,17],"Ornamental Fan":[32],"Bronze Scales":[128],"Turnip":[2],"PreservedInsect":77,"Bag of Preparation":[6],"Smiling Mask":0,"obtain_stats":[{"Regal Pillow":0,"Oddly Smooth Stone":0,"Vajra":0,"PreservedInsect":0,"Bag of Preparation":0,"Bottled Tornado":0,"Smiling Mask":0,"Ancient Tea Set":0,"Peace Pipe":0,"SlaversCollar":0,"DataDisk":0,"Centennial Puzzle":55,"Ornamental Fan":0,"Bronze Scales":0,"Turnip":0,"Red Mask":0,"Bottled Lightning":0,"Cracked Core":0,"Runic Pyramid":0},{"Regal Pillow":0,"Oddly Smooth Stone":0,"Vajra":0,"PreservedInsect":0,"Bag of Preparation":0,"Bottled Tornado":0,"Smiling Mask":0,"Ancient Tea Set":0,"Peace Pipe":0,"SlaversCollar":0,"DataDisk":0,"Centennial Puzzle":2,"Ornamental Fan":0,"Bronze Scales":0,"Turnip":0,"Red Mask":0,"Bottled Lightning":0,"Cracked Core":0,"Runic Pyramid":0},{"Regal Pillow":0,"Oddly Smooth Stone":0,"Vajra":0,"PreservedInsect":0,"Bag of Preparation":0,"Bottled Tornado":0,"Smiling Mask":0,"Ancient Tea Set":0,"Peace Pipe":0,"SlaversCollar":0,"DataDisk":0,"Centennial Puzzle":12,"Ornamental Fan":0,"Bronze Scales":0,"Turnip":0,"Red Mask":0,"Bottled Lightning":0,"Cracked Core":0,"Runic Pyramid":0}]},"card_choices":[{"not_picked":["Turbo","Steam"],"picked":"Compile Driver","floor":1.0},{"not_picked":["Sweeping Beam","Rebound","Hyperbeam"],"picked":"SKIP","floor":5.0},{"not_picked":["Beam Cell","Static Discharge"],"picked":"Ball Lightning","floor":6.0},{"not_picked":["Stack","Steam Power"],"picked":"Leap","floor":12.0},{"not_picked":["Leap","Stack","Darkness"],"picked":"SKIP","floor":13.0},{"not_picked":["Rebound","Redo"],"picked":"Ball Lightning","floor":14.0},{"not_picked":["Multi-Cast","Buffer"],"picked":"Electrodynamics","floor":16.0},{"not_picked":["Gash","Compile Driver"],"picked":"Go for the Eyes","floor":18.0},{"not_picked":["Double Energy","Melter"],"picked":"Self Repair","floor":19.0},{"not_picked":["Hologram","Redo"],"picked":"Ball Lightning","floor":21.0},{"not_picked":["Darkness+1","Reinforced Body","Ball Lightning"],"picked":"SKIP","floor":24.0},{"not_picked":["Compile Driver","Rebound"],"picked":"Glacier","floor":25.0},{"not_picked":["Sunder+1","Redo","Beam Cell"],"picked":"SKIP","floor":27.0},{"not_picked":["Streamline+1","Loop"],"picked":"Amplify","floor":31.0},{"not_picked":["Creative AI","Thunder Strike"],"picked":"Fission","floor":33.0},{"not_picked":["Stack","Streamline"],"picked":"Skim+1","floor":35.0},{"not_picked":["Cold Snap","Barrage"],"picked":"Coolheaded+1","floor":36.0},{"not_picked":["Reprogram","Sunder"],"picked":"Fusion+1","floor":41.0},{"not_picked":["Beam Cell","Hello World"],"picked":"Meteor Strike","floor":42.0},{"not_picked":["Redo","Cold Snap","Hello World"],"picked":"SKIP","floor":45.0},{"not_picked":["Reprogram","Turbo"],"picked":"Rainbow","floor":55}],"player_experience":1597411,"relics_obtained":[{"floor":6.0,"key":"Bag of Preparation"},{"floor":9.0,"key":"Ornamental Fan"},{"floor":12.0,"key":"Oddly Smooth Stone"},{"floor":13.0,"key":"Bronze Scales"},{"floor":14.0,"key":"PreservedInsect"},{"floor":21.0,"key":"Red Mask"},{"floor":24.0,"key":"Smiling Mask"},{"floor":25.0,"key":"Peace Pipe"},{"floor":26.0,"key":"Vajra"},{"floor":27.0,"key":"Bottled Lightning"},{"floor":41.0,"key":"Regal Pillow"},{"floor":42.0,"key":"Ancient Tea Set"},{"floor":55,"key":"Centennial Puzzle"}],"event_choices":[{"damage_healed":0.0,"max_hp_gain":0.0,"max_hp_loss":0.0,"gold_gain":0.0,"event_name":"The Cleric","player_choice":"Leave","floor":2.0,"gold_loss":0.0,"damage_taken":0.0},{"damage_healed":0.0,"max_hp_gain":0.0,"max_hp_loss":0.0,"gold_gain":150.0,"event_name":"Liars Game","player_choice":"AGREE","floor":3.0,"gold_loss":0.0,"damage_taken":0.0,"cards_obtained":["Doubt"]},{"damage_healed":0.0,"max_hp_gain":0.0,"max_hp_loss":0.0,"gold_gain":0.0,"event_name":"World of Goop","player_choice":"Left Gold","floor":10.0,"gold_loss":49.0,"damage_taken":0.0},{"damage_healed":0.0,"max_hp_gain":0.0,"max_hp_loss":0.0,"gold_gain":0.0,"event_name":"Beggar","player_choice":"Ignored","floor":20.0,"gold_loss":0.0,"damage_taken":0.0},{"damage_healed":0.0,"max_hp_gain":0.0,"max_hp_loss":0.0,"gold_gain":0.0,"event_name":"Masked Bandits","player_choice":"Fought Bandits","floor":21.0,"gold_loss":0.0,"damage_taken":0.0},{"damage_healed":0.0,"max_hp_gain":5.0,"max_hp_loss":0.0,"gold_gain":0.0,"event_name":"Forgotten Altar","player_choice":"Shed Blood","floor":28.0,"gold_loss":0.0,"damage_taken":25.0},{"damage_healed":0.0,"max_hp_gain":0.0,"max_hp_loss":0.0,"gold_gain":222.0,"event_name":"Tomb of Lord Red Mask","player_choice":"Wore Mask","floor":38.0,"gold_loss":0.0,"damage_taken":0.0},{"damage_healed":0.0,"max_hp_gain":0.0,"max_hp_loss":4.0,"gold_gain":0.0,"event_name":"Winding Halls","player_choice":"Max HP","floor":39.0,"gold_loss":0.0,"damage_taken":0.0},{"cards_removed":["Leap"],"damage_healed":0.0,"max_hp_gain":0.0,"max_hp_loss":0.0,"gold_gain":0.0,"event_name":"Purifier","player_choice":"Purged","floor":48.0,"gold_loss":0.0,"damage_taken":0.0}],"is_beta":false,"boss_relics":[{"not_picked":["Calling Bell","Philosopher\u0027s Stone"],"picked":"Runic Pyramid"},{"not_picked":["SacredBark","Velvet Choker"],"picked":"SlaversCollar"}],"items_purged_floors":[4],"is_endless":false,"potions_floor_spawned":[5,13,14,18,19,24,33,35,36,42,55],"killed_by":"The Heart","ascension_level":20}}