{"host":"y7wrf01yacd588jx","time":1611616094,"event":{"mods":["AchievementEnabler","Act Like it!","Aspiration","BaseMod","Colored Map","Colored Powertips","Conspire","Downfall","Energized Spire","Friendly Minions","Gensokyo","GifTheSpireLib","Googly Eyes","Hubris","Infinite Spire","Minty Spire (QoL Compilation)","Permanent Neow","Relic Sorter","Reliquary","Replay The Spire","Shade Mod","StSLib","Stuff the Spire","The Death Knight"],"gold_per_floor":[99,118,137,37,37,37,37,71,71,83,117,217,277,355,372,472,472,472,485,535,555,575,588,588,638,707,707,907,975,168,185,203,305,305,305,323,339,389,389,389],"floor_reached":38,"language":"ENG","playtime":4422,"items_purged":["Pain"],"score":515,"play_id":"1940e923-a0cc-4253-bf50-27af50405ffd","local_time":"20210125180814","is_ascension_mode":false,"campfire_choices":[{"data":"Slimebound:Split","floor":1,"key":"SMITH"},{"data":"Ghostly","floor":6,"key":"SMITH"},{"data":"Slimebound:SplitBruiser","floor":9,"key":"SMITH"},{"data":"Slimebound:MassRepurpose","floor":18,"key":"SMITH"},{"data":"Slimebound:SlimeBarrage","floor":27,"key":"SMITH"},{"floor":35,"key":"DIG"}],"circlet_count":0,"master_deck":["Slimebound:Strike_Slimebound","Slimebound:Strike_Slimebound","Slimebound:Strike_Slimebound","Slimebound:Tackle","Slimebound:Defend_Slimebound","Slimebound:Defend_Slimebound","Slimebound:Defend_Slimebound","Slimebound:Defend_Slimebound","Slimebound:Split+1","Slimebound:CorrosiveSpit","Slimebound:AcidTongue","Slimebound:SplitBruiser+1","Ghostly+1","Slimebound:SlimeSpikes","Slimebound:GoopSpray","Slimebound:SplitLeeching","Slimebound:SplitAcid","Slimebound:FlameTackle","Slimebound:SamplingLick","Slimebound:GoopTackle","Slimebound:Teamwork","hubris:Wrath","Slimebound:MassRepurpose+1","ReplayTheSpireMod:Private Reserves","infinitespire:TheBestDefense","Bash","Slimebound:ComboTackle","StuffTheSpire:Deluminance","StuffTheSpire:Deluminance","StuffTheSpire:Deluminance","StuffTheSpire:Deluminance","StuffTheSpire:Deluminance","Slimebound:Replication","Slimebound:Prepare","Slimebound:Nibble","Slimebound:SlimeBarrage+1","Slimebound:Repurpose","expansioncontent:StudyTheSpire","Slimebound:LevelUp+1","Slimebound:Repurpose","Slimebound:MegaLick+1"],"relics":["Slimebound:AbsorbEndCombat","reliquary:OuijaBoard","hubris:Towel","TungstenRod","aspiration:ChemicalBlood","Calipers","downfall:CloakOfManyFaces","CultistMask","FaceOfCleric","NlothsMask","GremlinMask","SsserpentHead","Odd Mushroom","ReplayTheSpireMod:SealedPack","StuffTheSpire:BlackoutCurse","infinitespire:EmpoweringShard","WarpedTongs","Counterbalance","Lee\u0027s Waffle","reliquary:WritOfMandamus"],"acts_visited":["Exordium","TheCity","TheBeyond"],"potions_floor_usage":[8,11,14,16,16,21,22,23,23,26,30,31,33,33,37,38,38,38],"damage_taken":[{"damage":1,"enemies":"conspire:RoseBush","floor":2,"turns":4},{"damage":0,"enemies":"2 Louse","floor":3,"turns":3},{"damage":23,"enemies":"Gremlin Nob","floor":8,"turns":5},{"damage":7,"enemies":"Cultist","floor":10,"turns":3},{"damage":0,"enemies":"Lagavulin","floor":11,"turns":7},{"damage":17,"enemies":"downfall:FaceTrader","floor":12,"turns":14},{"damage":0,"enemies":"3 Louse","floor":13,"turns":3},{"damage":15,"enemies":"The Mushroom Lair","floor":14,"turns":3},{"damage":12,"enemies":"Exordium Wildlife","floor":15,"turns":4},{"damage":16,"enemies":"SI_SHIV_ARCHETYPE","floor":16,"turns":7},{"damage":4,"enemies":"Spheric Guardian","floor":19,"turns":7},{"damage":29,"enemies":"3 Byrds","floor":21,"turns":5},{"damage":10,"enemies":"conspire:HollyBat","floor":22,"turns":12},{"damage":39,"enemies":"3 Cultists","floor":23,"turns":6},{"damage":0,"enemies":"Centurion and Healer","floor":26,"turns":6},{"damage":6,"enemies":"Snecko","floor":29,"turns":4},{"damage":7,"enemies":"downfall:FleeingMerchant","floor":30,"turns":4},{"damage":14,"enemies":"Shelled Parasite and Fungi","floor":31,"turns":5},{"damage":0,"enemies":"Snake Plant","floor":32,"turns":3},{"damage":56,"enemies":"IC_MUSHROOM_ARCHETYPE","floor":33,"turns":9},{"damage":12,"enemies":"Orb Walker","floor":36,"turns":3},{"damage":43,"enemies":"3 Darklings","floor":37,"turns":5},{"damage":48,"enemies":"3 Darklings","floor":38,"turns":5}],"seed_played":"-7561827585824648805","potions_obtained":[{"floor":3,"key":"SteroidPotion"},{"floor":8,"key":"Weak Potion"},{"floor":12,"key":"conspire:TimeTravelPotion"},{"floor":13,"key":"PowerPotion"},{"floor":14,"key":"LiquidBronze"},{"floor":15,"key":"Swift Potion"},{"floor":16,"key":"EssenceOfSteel"},{"floor":21,"key":"Dexterity Potion"},{"floor":22,"key":"Regen Potion"},{"floor":29,"key":"ColorlessPotion"},{"floor":32,"key":"Dexterity Potion"},{"floor":33,"key":"bronze:BurnAndBuffPotion"},{"floor":38,"key":"Dexterity Potion"}],"is_trial":false,"path_per_floor":["R","M","M","?","?","R","T","E","R","M","E","?","M","?","M","B",null,"R","M","?","M","M","M","T","?","M","R","?","M","$","M","M","B",null,"R_BF","M","M","?"],"character_chosen":"SLIMEBOUND","items_purchased":["Slimebound:Repurpose","Counterbalance","Lee\u0027s Waffle","expansioncontent:StudyTheSpire"],"campfire_rested":0,"item_purchase_floors":[30,30,30,30],"current_hp_per_floor":[65,65,65,65,65,65,65,44,44,39,47,38,39,42,35,28,69,69,70,70,42,39,17,17,17,20,20,20,19,83,72,75,28,86,86,77,41,0,0,0],"gold":389,"neow_bonus":"RANDOM_COMMON_RELIC","is_daily":false,"chose_seed":false,"campfire_upgraded":5,"win_rate":0.0,"timestamp":1611616094,"path_taken":["R","M","M","?","?","R","T","E","R","M","E","?","?","?","M","BOSS","R","M","?","M","M","M","T","?","?","R","?","?","$","M","M","BOSS","R_BF","M","M","?"],"items_purchased_type":["Card","Relic","Relic","Card"],"build_version":"2020-12-22","purchased_purges":1,"victory":false,"max_hp_per_floor":[65,65,65,65,65,65,65,65,65,65,65,65,66,67,68,69,69,69,70,70,71,72,73,73,73,74,74,74,75,83,84,85,86,86,86,87,88,88,88,88],"card_choices":[{"not_picked":["Slimebound:ItLooksTasty","Slimebound:SlimeBarrage"],"picked":"Slimebound:AcidTongue","floor":2},{"not_picked":["Slimebound:FinishingTackle","Slimebound:Chomp"],"picked":"Slimebound:SplitBruiser","floor":3},{"not_picked":["Slimebound:FormOfPuddle","Slimebound:FlameTackle"],"picked":"Slimebound:SlimeSpikes","floor":8},{"not_picked":["Slimebound:LivingWall","Slimebound:SplitMire"],"picked":"Slimebound:GoopSpray","floor":10},{"not_picked":["Slimebound:GoopSpray","Slimebound:Overexert"],"picked":"Slimebound:SplitLeeching","floor":11},{"not_picked":["Slimebound:BestDefense","Slimebound:SlimeSpikes"],"picked":"Slimebound:SplitAcid","floor":12},{"not_picked":["Slimebound:Dissolve","Slimebound:SlimeTap"],"picked":"Slimebound:FlameTackle","floor":13},{"not_picked":["Slimebound:SlimeSpikes","Slimebound:SlimeTap"],"picked":"Slimebound:SamplingLick","floor":14},{"not_picked":["Slimebound:SlimeBarrage","Slimebound:GoopSpray"],"picked":"Slimebound:GoopTackle","floor":15},{"not_picked":["Slimebound:SelfFormingGoo","Slimebound:MinionMaster"],"picked":"Slimebound:Teamwork","floor":16},{"not_picked":["Slimebound:Teamwork","Slimebound:MassFeed"],"picked":"Slimebound:MassRepurpose","floor":17},{"not_picked":["Finesse","StuffTheSpire:PlasmaPulse"],"picked":"ReplayTheSpireMod:Private Reserves","floor":17},{"not_picked":["infinitespire:Menacing","hubris:InfiniteBlow"],"picked":"infinitespire:TheBestDefense","floor":17},{"not_picked":["Guardian:TwinSlam","bronze:Goto"],"picked":"Bash","floor":17},{"not_picked":["Slimebound:HauntingLick+1","Slimebound:ViciousTackle+1"],"picked":"Slimebound:ComboTackle","floor":19},{"not_picked":["Slimebound:LeechEnergy","Slimebound:Schlurp"],"picked":"Slimebound:Replication","floor":21},{"not_picked":["Slimebound:RollThrough","Slimebound:SlimeSpikes+1"],"picked":"Slimebound:Prepare","floor":22},{"not_picked":["Slimebound:HauntingLick","Slimebound:Dissolve"],"picked":"Slimebound:Nibble","floor":23},{"not_picked":["Slimebound:SplitLeeching","Slimebound:LeechingTouch+1"],"picked":"Slimebound:SlimeBarrage","floor":26},{"not_picked":["Slimebound:GoopSpray","Slimebound:DivideAndConquer","Slimebound:ItLooksTasty"],"picked":"SKIP","floor":29},{"not_picked":["Slimebound:OneTwoCombo","Slimebound:FinishingTackle","Slimebound:Equalize+1"],"picked":"SKIP","floor":30},{"not_picked":["Slimebound:ProtectTheBoss","Slimebound:Schlurp"],"picked":"Slimebound:LevelUp+1","floor":31},{"not_picked":["Slimebound:PressTheAttack","Slimebound:SplitAcid+1"],"picked":"Slimebound:Repurpose","floor":32},{"not_picked":["Slimebound:FinishingTackle+1","Slimebound:TongueLash+1","Slimebound:SpikyOuterGoop"],"picked":"SKIP","floor":36},{"not_picked":["Slimebound:GoopTackle+1","Slimebound:SplitAcid"],"picked":"Slimebound:MegaLick+1","floor":37}],"player_experience":125912,"relics_obtained":[{"floor":7,"key":"TungstenRod"},{"floor":8,"key":"aspiration:ChemicalBlood"},{"floor":11,"key":"Calipers"},{"floor":12,"key":"downfall:CloakOfManyFaces"},{"floor":14,"key":"Odd Mushroom"},{"floor":24,"key":"infinitespire:EmpoweringShard"},{"floor":35,"key":"reliquary:OuijaBoard"}],"event_choices":[{"damage_healed":0,"gold_gain":0,"player_choice":"Argue","damage_taken":0,"max_hp_gain":0,"max_hp_loss":0,"event_name":"conspire:LoneGhost","floor":4,"gold_loss":0},{"damage_healed":0,"gold_gain":0,"player_choice":"Fought Mushrooms","damage_taken":0,"max_hp_gain":0,"max_hp_loss":0,"event_name":"Mushrooms","floor":14,"gold_loss":0},{"damage_healed":0,"gold_gain":0,"player_choice":"Rummage","damage_taken":0,"relics_obtained":["WarpedTongs"],"max_hp_gain":0,"max_hp_loss":0,"event_name":"Accursed Blacksmith","floor":25,"gold_loss":0,"cards_obtained":["Pain"]}],"is_beta":false,"boss_relics":[{"not_picked":["Astrolabe","energizedSpire:StickyHand"],"picked":"ReplayTheSpireMod:SealedPack"},{"not_picked":["hubris:Backtick","Calling Bell"],"picked":"reliquary:WritOfMandamus"}],"items_purged_floors":[30],"is_endless":false,"potions_floor_spawned":[3,8,12,13,14,16,19,21,29,32,33,36,37],"killed_by":"3 Darklings","ascension_level":0}}