{"host":"edc6wmn2qug8wnvl","time":1611579686,"event":{"mods":["AchievementEnabler","BaseMod","Colored Map","Colored Powertips","Minty Spire (QoL Compilation)","StSLib"],"gold_per_floor":[111,125,125,125,200,200,230,241,264,276,202,214,233,233,233,330,330,348,367,378,378,161,161,81,81,136,148,168,181,106,135,135,238,238,255,255,273,285,301,301,301,315,386,386,386,120,133,148,148,148],"floor_reached":51,"language":"ENG","playtime":6335,"items_purged":[],"score":796,"play_id":"a4755b06-59d9-4df0-9838-070b035cc399","local_time":"20210125050126","is_ascension_mode":false,"campfire_choices":[{"floor":6,"key":"REST"},{"data":"Undo","floor":10,"key":"SMITH"},{"floor":15,"key":"REST"},{"data":"Chill","floor":23,"key":"SMITH"},{"data":"Defragment","floor":25,"key":"SMITH"},{"floor":32,"key":"REST"},{"floor":40,"key":"REST"},{"floor":44,"key":"REST"},{"floor":49,"key":"REST"}],"circlet_count":0,"master_deck":["Strike_B","Strike_B","Strike_B","Defend_B","Defend_B+1","Defend_B","Defend_B+1","Zap","Dualcast","Cold Snap","Capacitor+1","Undo+1","Genetic Algorithm","Chill+1","Cold Snap","Conserve Battery","White Noise","Decay","Compile Driver+1","Capacitor+1","Gash","Cold Snap","FTL","Flash of Steel","Defragment+1","Defragment+1","Consume+1","Gash","Writhe","White Noise+1","Parasite","BootSequence","BootSequence","Enlightenment","Compile Driver+1"],"relics":["Cracked Core","NeowsBlessing","Ginger","War Paint","MawBank","Black Star","Boot","Bronze Scales","Anchor","SlaversCollar","Pantograph"],"acts_visited":["Exordium","TheCity","TheBeyond"],"potions_floor_usage":[12,18,19,20,27,29,31,31,39,39,47,47,47,50],"damage_taken":[{"damage":0,"enemies":"Jaw Worm","floor":1,"turns":1},{"damage":0,"enemies":"Cultist","floor":2,"turns":1},{"damage":0,"enemies":"Lagavulin","floor":7,"turns":1},{"damage":0,"enemies":"Small Slimes","floor":8,"turns":5},{"damage":18,"enemies":"Gremlin Gang","floor":12,"turns":7},{"damage":0,"enemies":"Exordium Wildlife","floor":13,"turns":5},{"damage":15,"enemies":"The Guardian","floor":16,"turns":21},{"damage":3,"enemies":"Shell Parasite","floor":18,"turns":11},{"damage":7,"enemies":"3 Byrds","floor":19,"turns":10},{"damage":1,"enemies":"Centurion and Healer","floor":20,"turns":14},{"damage":2,"enemies":"Snake Plant","floor":27,"turns":8},{"damage":17,"enemies":"Snecko","floor":28,"turns":9},{"damage":0,"enemies":"Centurion and Healer","floor":29,"turns":13},{"damage":4,"enemies":"Book of Stabbing","floor":31,"turns":8},{"damage":0,"enemies":"Automaton","floor":33,"turns":21},{"damage":42,"enemies":"3 Shapes","floor":35,"turns":9},{"damage":18,"enemies":"3 Darklings","floor":37,"turns":16},{"damage":0,"enemies":"4 Shapes","floor":38,"turns":11},{"damage":32,"enemies":"Writhing Mass","floor":39,"turns":12},{"damage":0,"enemies":"Spire Growth","floor":42,"turns":8},{"damage":19,"enemies":"Transient","floor":47,"turns":5},{"damage":9,"enemies":"4 Shapes","floor":48,"turns":14},{"damage":19,"enemies":"Time Eater","floor":50,"turns":20}],"seed_played":"4166476475519966159","potions_obtained":[{"floor":7,"key":"Ancient Potion"},{"floor":8,"key":"ColorlessPotion"},{"floor":12,"key":"Energy Potion"},{"floor":16,"key":"Swift Potion"},{"floor":18,"key":"Weak Potion"},{"floor":21,"key":"LiquidBronze"},{"floor":21,"key":"Weak Potion"},{"floor":28,"key":"BlessingOfTheForge"},{"floor":29,"key":"SpeedPotion"},{"floor":38,"key":"SpeedPotion"},{"floor":42,"key":"DistilledChaos"},{"floor":48,"key":"GamblersBrew"}],"is_trial":false,"path_per_floor":["M","M","?","T","?","R","E","M","T","R","$","M","M","?","R","B",null,"M","M","M","?","$","R","$","R","T","M","M","M","?","E","R","B",null,"M","?","M","M","M","R","?","M","T","R","?","$","M","M","R","B",null],"character_chosen":"DEFECT","items_purchased":["Chill","Cold Snap","Cold Snap","FTL","Flash of Steel","Defragment","BootSequence","Block Potion","Block Potion","Enlightenment"],"campfire_rested":6,"item_purchase_floors":[11,11,22,22,22,24,46,46,46,46],"current_hp_per_floor":[75,75,75,75,64,75,75,75,75,75,75,57,57,57,75,60,75,72,65,64,64,64,64,64,64,64,62,45,45,45,41,63,63,75,33,52,34,34,2,24,24,24,24,46,46,46,27,18,40,46],"gold":148,"neow_bonus":"THREE_ENEMY_KILL","is_daily":false,"chose_seed":false,"campfire_upgraded":3,"win_rate":0.0,"timestamp":1611579686,"path_taken":["M","M","?","?","?","R","E","M","T","R","?","M","?","?","R","BOSS","M","M","?","?","$","R","$","R","T","M","?","M","?","E","R","BOSS","M","?","M","M","M","R","?","?","T","R","?","$","M","?","R","BOSS"],"items_purchased_type":["Card","Card","Card","Card","Card","Card","Card","Potion","Potion","Card"],"build_version":"2020-12-22","purchased_purges":0,"victory":true,"max_hp_per_floor":[75,75,75,75,75,75,75,75,75,75,75,75,75,75,75,75,75,75,75,75,75,75,75,75,75,75,75,75,75,75,75,75,75,75,75,75,75,75,75,75,75,75,75,75,75,75,75,75,75,75],"card_choices":[{"not_picked":["Leap","Redo"],"picked":"Cold Snap","floor":1},{"not_picked":["Steam Power","Compile Driver"],"picked":"Capacitor","floor":2},{"not_picked":["Darkness","Turbo"],"picked":"Undo","floor":7},{"not_picked":["Steam Power","Streamline"],"picked":"Genetic Algorithm","floor":8},{"not_picked":["Streamline","Heatsinks"],"picked":"Conserve Battery","floor":12},{"not_picked":["Rip and Tear","Darkness"],"picked":"White Noise","floor":13},{"not_picked":["Chaos","Steam+1"],"picked":"Compile Driver+1","floor":18},{"not_picked":["Streamline","Barrage"],"picked":"Capacitor+1","floor":19},{"not_picked":["Hyperbeam","Reprogram"],"picked":"Gash","floor":20},{"not_picked":["White Noise","Steam"],"picked":"Defragment+1","floor":27},{"not_picked":["Static Discharge+1","Sweeping Beam+1","Turbo"],"picked":"SKIP","floor":28},{"not_picked":["Sweeping Beam","Conserve Battery"],"picked":"Consume","floor":29},{"not_picked":["Sweeping Beam","Hologram+1"],"picked":"Gash","floor":31},{"not_picked":["Steam","Hologram+1","Steam Power+1"],"picked":"SKIP","floor":35},{"not_picked":["FTL+1","Rip and Tear+1"],"picked":"White Noise+1","floor":37},{"not_picked":["Turbo+1","Conserve Battery","Compile Driver"],"picked":"SKIP","floor":38},{"not_picked":["Hologram","Beam Cell+1","Rebound"],"picked":"SKIP","floor":39},{"not_picked":["Barrage","Creative AI"],"picked":"BootSequence","floor":42},{"not_picked":["Rebound","Ball Lightning"],"picked":"Compile Driver+1","floor":47},{"not_picked":["Stack+1","Chaos","Hello World"],"picked":"SKIP","floor":48}],"player_experience":39052,"relics_obtained":[{"floor":4,"key":"Ginger"},{"floor":7,"key":"War Paint"},{"floor":9,"key":"MawBank"},{"floor":26,"key":"Boot"},{"floor":31,"key":"Bronze Scales"},{"floor":31,"key":"Anchor"},{"floor":43,"key":"Pantograph"}],"event_choices":[{"damage_healed":0,"gold_gain":0,"player_choice":"Grow","damage_taken":0,"max_hp_gain":0,"max_hp_loss":0,"event_name":"Living Wall","floor":3,"gold_loss":0,"cards_upgraded":["Capacitor"]},{"damage_healed":0,"gold_gain":75,"player_choice":"Gather Gold","damage_taken":11,"max_hp_gain":0,"max_hp_loss":0,"event_name":"World of Goop","floor":5,"gold_loss":0},{"damage_healed":0,"gold_gain":0,"player_choice":"Cursed","damage_taken":0,"max_hp_gain":0,"max_hp_loss":0,"event_name":"Wheel of Change","floor":14,"gold_loss":0,"cards_obtained":["Decay"]},{"damage_healed":0,"gold_gain":0,"player_choice":"Got Potions","damage_taken":0,"max_hp_gain":0,"max_hp_loss":0,"event_name":"Lab","floor":21,"gold_loss":0},{"cards_removed":["Strike_B"],"damage_healed":0,"gold_gain":0,"player_choice":"Gave Gold","damage_taken":0,"max_hp_gain":0,"max_hp_loss":0,"event_name":"Beggar","floor":30,"gold_loss":75},{"damage_healed":19,"gold_gain":0,"player_choice":"Writhe","damage_taken":0,"max_hp_gain":0,"max_hp_loss":0,"event_name":"Winding Halls","floor":36,"gold_loss":0,"cards_obtained":["Writhe"]},{"damage_healed":0,"gold_gain":0,"player_choice":"Ignored","damage_taken":0,"max_hp_gain":0,"max_hp_loss":0,"event_name":"NoteForYourself","floor":41,"gold_loss":0},{"damage_healed":0,"gold_gain":0,"player_choice":"Upgraded","damage_taken":0,"max_hp_gain":0,"max_hp_loss":0,"event_name":"Upgrade Shrine","floor":45,"gold_loss":0,"cards_upgraded":["Consume"]}],"is_beta":false,"boss_relics":[{"not_picked":["Inserter","Busted Crown"],"picked":"Black Star"},{"not_picked":["Coffee Dripper","Cursed Key"],"picked":"SlaversCollar"}],"items_purged_floors":[],"is_endless":false,"potions_floor_spawned":[7,8,12,16,18,28,29,38,42,48],"ascension_level":0}}