{"host":"1tl36azeqm6yhdgj","time":1611583557,"event":{"mods":["AchievementEnabler","BaseMod","Minty Spire (QoL Compilation)","StSLib","The IronCluck","everything is the same but u backflip on backflip"],"gold_per_floor":[119,2,77,95,95,124,141,141,141,174,16,30,30,62,62,138,138,113,113,113,11,61,61,96,110,135,135,135,60,60,60],"floor_reached":30,"language":"ENG","playtime":727,"items_purged":[],"score":574,"play_id":"74494b0e-54a6-4fd6-962d-61890ca6bc70","local_time":"20210125090557","is_ascension_mode":true,"campfire_choices":[{"data":"Whirlwind","floor":8.0,"key":"SMITH"},{"data":"Juggernaut","floor":15.0,"key":"SMITH"},{"data":"Limit Break","floor":23,"key":"SMITH"},{"floor":28,"key":"REST"}],"circlet_count":0,"master_deck":["AscendersBane","Strike_R+1","Strike_R","Strike_R+1","Defend_R","Defend_R","Defend_R","Defend_R","Bash","Inflame","Spot Weakness","Whirlwind+1","Intimidate","Pommel Strike","Body Slam+1","Flame Barrier","Juggernaut+1","Limit Break+1","Pummel+1","Mind Blast+1","Corruption","Clothesline+1"],"relics":["Burning Blood","NeowsBlessing","Sundial","MealTicket","Molten Egg 2","Lee\u0027s Waffle","Akabeko","Red Skull","Boot"],"acts_visited":["Exordium","TheCity"],"potions_floor_usage":[16,30],"damage_taken":[{"damage":0.0,"enemies":"Cultist","floor":1.0,"turns":1.0},{"damage":0.0,"enemies":"2 Louse","floor":4.0,"turns":2.0},{"damage":0.0,"enemies":"Gremlin Nob","floor":6.0,"turns":1.0},{"damage":7.0,"enemies":"Jaw Worm","floor":7.0,"turns":3.0},{"damage":29.0,"enemies":"3 Sentries","floor":10.0,"turns":8.0},{"damage":15.0,"enemies":"Large Slime","floor":12.0,"turns":4.0},{"damage":25.0,"enemies":"Lagavulin","floor":14.0,"turns":5.0},{"damage":41,"enemies":"Slime Boss","floor":16,"turns":9},{"damage":22,"enemies":"2 Thieves","floor":18,"turns":4},{"damage":69,"enemies":"Book of Stabbing","floor":24,"turns":5},{"damage":0,"enemies":"Shell Parasite","floor":25,"turns":1},{"damage":59,"enemies":"Slavers","floor":30,"turns":3}],"seed_played":"-4518880366648039904","potions_obtained":[{"floor":4.0,"key":"Weak Potion"},{"floor":6.0,"key":"FearPotion"},{"floor":10.0,"key":"Fire Potion"},{"floor":25,"key":"LiquidBronze"}],"is_trial":false,"path_per_floor":["M","$","?","M","?","E","M","R","T","E","$","M","$","E","R","B",null,"M","?","?","$","?","R","E","M","T","?","R","?","E"],"character_chosen":"IRONCLAD","items_purchased":["Spot Weakness","Whirlwind","Lee\u0027s Waffle","Mind Blast+1"],"campfire_rested":1,"item_purchase_floors":[2,2,11,21],"current_hp_per_floor":[74,74,63,69,46,52,51,51,51,28,82,73,82,63,63,28,69,53,53,69,82,82,82,19,25,25,25,49,49,0,0],"gold":60,"neow_bonus":"THREE_ENEMY_KILL","is_daily":false,"chose_seed":false,"campfire_upgraded":3,"win_rate":0.0,"timestamp":1611583557,"path_taken":["M","$","?","M","?","E","M","R","T","E","$","M","?","E","R","BOSS","M","?","?","?","?","R","E","M","T","?","R","?","E"],"items_purchased_type":["Card","Card","Relic","Card"],"build_version":"2020-12-22","purchased_purges":0,"victory":false,"max_hp_per_floor":[75,75,75,75,75,75,75,75,75,75,82,82,82,82,82,82,82,82,82,82,82,82,82,82,82,82,82,82,82,82,82],"card_choices":[{"not_picked":["Flex","Sword Boomerang"],"picked":"Inflame","floor":1.0},{"not_picked":["Second Wind","Headbutt"],"picked":"Intimidate","floor":4.0},{"not_picked":["Havoc","True Grit","Armaments"],"picked":"SKIP","floor":6.0},{"not_picked":["Evolve","Entrench"],"picked":"Pommel Strike","floor":7.0},{"not_picked":["Battle Trance","Shrug It Off"],"picked":"Body Slam+1","floor":10.0},{"not_picked":["Headbutt+1","Hemokinesis+1"],"picked":"Flame Barrier","floor":12.0},{"not_picked":["Armaments","Sword Boomerang+1"],"picked":"Juggernaut","floor":14.0},{"not_picked":["Juggernaut","Exhume"],"picked":"Limit Break","floor":16},{"not_picked":["Anger+1","Twin Strike+1"],"picked":"Pummel+1","floor":18},{"not_picked":["Whirlwind+1","Juggernaut"],"picked":"Corruption","floor":24},{"not_picked":["Sword Boomerang+1","True Grit"],"picked":"Clothesline+1","floor":25}],"player_experience":2039895,"relics_obtained":[{"floor":6.0,"key":"Sundial"},{"floor":9.0,"key":"MealTicket"},{"floor":10.0,"key":"Molten Egg 2"},{"floor":14.0,"key":"Akabeko"},{"floor":24,"key":"Red Skull"},{"floor":26,"key":"Boot"}],"event_choices":[{"damage_healed":0.0,"max_hp_gain":0.0,"max_hp_loss":0.0,"gold_gain":75.0,"event_name":"World of Goop","player_choice":"Gather Gold","floor":3.0,"gold_loss":0.0,"damage_taken":11.0},{"damage_healed":0.0,"max_hp_gain":0.0,"max_hp_loss":0.0,"gold_gain":0.0,"event_name":"Shining Light","player_choice":"Entered Light","floor":5.0,"gold_loss":0.0,"damage_taken":23.0,"cards_upgraded":["Strike_R","Strike_R"]},{"cards_removed":["Strike_R"],"damage_healed":0,"gold_gain":0,"player_choice":"Elegance","damage_taken":0,"max_hp_gain":0,"max_hp_loss":0,"event_name":"Back to Basics","floor":19,"gold_loss":0},{"damage_healed":16,"gold_gain":0,"player_choice":"Heal","damage_taken":0,"max_hp_gain":0,"max_hp_loss":0,"event_name":"The Library","floor":20,"gold_loss":0},{"damage_healed":0,"gold_gain":50,"player_choice":"Stole From Cult","damage_taken":0,"max_hp_gain":0,"max_hp_loss":0,"event_name":"Nest","floor":22,"gold_loss":0},{"damage_healed":0,"gold_gain":0,"player_choice":"Ignored","damage_taken":0,"max_hp_gain":0,"max_hp_loss":0,"event_name":"Ghosts","floor":27,"gold_loss":0},{"cards_removed":["Strike_R"],"damage_healed":0,"gold_gain":0,"player_choice":"Gave Gold","damage_taken":0,"max_hp_gain":0,"max_hp_loss":0,"event_name":"Beggar","floor":29,"gold_loss":75}],"is_beta":false,"boss_relics":[{"not_picked":["Sozu","Coffee Dripper","Snecko Eye"]}],"items_purged_floors":[],"is_endless":false,"potions_floor_spawned":[4,6,10,25],"killed_by":"Slavers","ascension_level":20}}