{"host":"yuhy0i501zzmn1iz","time":1611552661,"event":{"mods":["AchievementEnabler","AlwaysNeverKeys","BaseMod","Bestiary","Better Match","Better Third Choice","Curses Come First","Downfall","Minty Spire (QoL Compilation)","StSLib","slay the spire mod where everything is the same but ironclad has a cowboy hat"],"gold_per_floor":[117,117,132,144,161,191,191,208,208,224,224,235,249,266,266,266,266],"floor_reached":16,"language":"ENG","playtime":702,"items_purged":[],"score":140,"play_id":"2d84c71e-d94a-48bb-a298-a96b31655062","local_time":"20210125003101","is_ascension_mode":true,"campfire_choices":[{"floor":7,"key":"REST"},{"floor":11,"key":"REST"},{"floor":15,"key":"REST"}],"circlet_count":0,"master_deck":["Strike_G","Strike_G","Strike_G","Strike_G","Strike_G","Defend_G","Defend_G","Defend_G","Defend_G","Defend_G","Survivor","Neutralize+1","Prepared","Finisher","Choke","Sucker Punch","Footwork","Prepared","Crippling Poison","Cloak And Dagger","Eviscerate"],"relics":["Ring of the Snake","NeowsBlessing","The Courier","Singing Bowl"],"acts_visited":["Exordium"],"potions_floor_usage":[5,12,16,16],"damage_taken":[{"damage":0,"enemies":"2 Louse","floor":1,"turns":1},{"damage":0,"enemies":"Cultist","floor":3,"turns":1},{"damage":0,"enemies":"Small Slimes","floor":4,"turns":1},{"damage":0,"enemies":"Gremlin Gang","floor":5,"turns":3},{"damage":44,"enemies":"Lagavulin","floor":6,"turns":8},{"damage":0,"enemies":"Exordium Wildlife","floor":8,"turns":2},{"damage":14,"enemies":"Looter","floor":10,"turns":3},{"damage":5,"enemies":"3 Louse","floor":12,"turns":3},{"damage":11,"enemies":"Blue Slaver","floor":13,"turns":4},{"damage":22,"enemies":"Lots of Slimes","floor":14,"turns":3},{"damage":37,"enemies":"Hexaghost","floor":16,"turns":14}],"seed_played":"-8955983320009067302","potions_obtained":[{"floor":1,"key":"Explosive Potion"},{"floor":4,"key":"FearPotion"},{"floor":6,"key":"Poison Potion"},{"floor":12,"key":"Swift Potion"},{"floor":13,"key":"GamblersBrew"}],"is_trial":false,"path_per_floor":["M","?","M","M","M","E","R","M","T","M","R","M","M","M","R","B"],"character_chosen":"THE_SILENT","items_purchased":[],"campfire_rested":3,"item_purchase_floors":[],"current_hp_per_floor":[63,63,63,63,63,19,40,40,40,28,49,44,33,11,32,0,0],"gold":266,"neow_bonus":"THREE_ENEMY_KILL","is_daily":false,"chose_seed":false,"campfire_upgraded":0,"win_rate":0.0,"timestamp":1611552661,"path_taken":["M","?","?","M","M","E","R","M","T","M","R","M","M","M","R","BOSS"],"items_purchased_type":[],"build_version":"2020-12-22","purchased_purges":0,"victory":false,"max_hp_per_floor":[70,70,70,70,70,70,70,70,70,72,72,72,72,72,72,72,72],"card_choices":[{"not_picked":["Reflex","Dagger Spray"],"picked":"Prepared","floor":1},{"not_picked":["Dagger Throw","Distraction"],"picked":"Finisher","floor":3},{"not_picked":["Reflex","PiercingWail"],"picked":"Choke","floor":4},{"not_picked":["Concentrate","Dodge and Roll"],"picked":"Sucker Punch","floor":5},{"not_picked":["Crippling Poison","Predator"],"picked":"Footwork","floor":6},{"not_picked":["Acrobatics","Leg Sweep"],"picked":"Prepared","floor":8},{"not_picked":["Concentrate","Distraction","Poisoned Stab"],"picked":"Singing Bowl","floor":10},{"not_picked":["Dagger Spray","Dash"],"picked":"Crippling Poison","floor":12},{"not_picked":["Flechettes","Deflect"],"picked":"Cloak And Dagger","floor":13},{"not_picked":["Underhanded Strike","Prepared"],"picked":"Eviscerate","floor":14}],"player_experience":341525,"relics_obtained":[{"floor":6,"key":"The Courier"},{"floor":9,"key":"Singing Bowl"}],"event_choices":[{"damage_healed":0,"gold_gain":0,"player_choice":"Upgraded","damage_taken":0,"max_hp_gain":0,"max_hp_loss":0,"event_name":"Upgrade Shrine","floor":2,"gold_loss":0,"cards_upgraded":["Neutralize"]}],"is_beta":false,"boss_relics":[],"items_purged_floors":[],"is_endless":false,"potions_floor_spawned":[1,4,6,12,13],"killed_by":"Hexaghost","ascension_level":6}}