{"host":"a5lz0e76zb3fcwkm","time":1611590724,"event":{"mods":["AchievementEnabler","BaseMod","Colored Map","Colored Powertips","Minty Spire (QoL Compilation)","StSLib","SuperFastMode"],"gold_per_floor":[17,33,33,33,54,54,78,96,96,109,134,155,155,169,169,262,262,287,302,170,188,3,37,37,80,132,132,57,57,82,101,101,191,191,215,279,279,279,4,4,22,22,22],"floor_reached":42,"language":"KOR","playtime":1075,"items_purged":["Strike_G","Strike_G"],"score":864,"play_id":"4bd9c597-58c7-46c3-8540-e6ec2b4d89b3","local_time":"20210126010524","is_ascension_mode":true,"campfire_choices":[{"data":"Blade Dance","floor":6.0,"key":"SMITH"},{"data":"Phantasmal Killer","floor":15.0,"key":"SMITH"},{"floor":24.0,"key":"REST"},{"floor":27.0,"key":"REST"},{"data":"Calculated Gamble","floor":32.0,"key":"SMITH"},{"data":"Strike_G","floor":40,"key":"PURGE"}],"circlet_count":0,"master_deck":["AscendersBane","Defend_G","Defend_G","Defend_G","Defend_G","Defend_G","Survivor","Neutralize","Blade Dance+1","PiercingWail","Infinite Blades","Blade Dance","Phantasmal Killer+1","Storm of Steel","Accuracy+1","Acrobatics","Prepared+1","Calculated Gamble+1","Escape Plan","Backflip","Thinking Ahead"],"relics":["Ring of the Snake","Gambling Chip","Golden Idol","Sozu","Anchor","Ornamental Fan","Toy Ornithopter","Cursed Key","Peace Pipe","Meat on the Bone"],"acts_visited":["Exordium","TheCity","TheBeyond"],"potions_floor_usage":[],"damage_taken":[{"damage":17.0,"enemies":"Jaw Worm","floor":1.0,"turns":6.0},{"damage":0.0,"enemies":"2 Louse","floor":2.0,"turns":2.0},{"damage":0.0,"enemies":"Cultist","floor":5.0,"turns":3.0},{"damage":16.0,"enemies":"Exordium Thugs","floor":7.0,"turns":8.0},{"damage":1.0,"enemies":"3 Louse","floor":8.0,"turns":4.0},{"damage":6.0,"enemies":"Looter","floor":10.0,"turns":4.0},{"damage":3.0,"enemies":"Blue Slaver","floor":11.0,"turns":4.0},{"damage":2.0,"enemies":"2 Fungi Beasts","floor":12.0,"turns":4.0},{"damage":3.0,"enemies":"Looter","floor":14.0,"turns":3.0},{"damage":3.0,"enemies":"Hexaghost","floor":16.0,"turns":6.0},{"damage":13.0,"enemies":"3 Byrds","floor":18.0,"turns":5.0},{"damage":14.0,"enemies":"2 Thieves","floor":19.0,"turns":3.0},{"damage":0.0,"enemies":"3 Cultists","floor":21.0,"turns":3.0},{"damage":23.0,"enemies":"Slavers","floor":23.0,"turns":4.0},{"damage":14.0,"enemies":"Gremlin Leader","floor":25.0,"turns":5.0},{"damage":0.0,"enemies":"Snecko","floor":30.0,"turns":2.0},{"damage":0.0,"enemies":"Centurion and Healer","floor":31.0,"turns":2.0},{"damage":1.0,"enemies":"Champ","floor":33.0,"turns":7.0},{"damage":12.0,"enemies":"3 Darklings","floor":35.0,"turns":3.0},{"damage":22.0,"enemies":"2 Orb Walkers","floor":36.0,"turns":4.0},{"damage":17,"enemies":"3 Shapes","floor":41,"turns":3},{"damage":24,"enemies":"Nemesis","floor":42,"turns":2}],"seed_played":"8674741071571410220","potions_obtained":[{"floor":2.0,"key":"Dexterity Potion"},{"floor":5.0,"key":"GamblersBrew"},{"floor":8.0,"key":"LiquidBronze"},{"floor":10.0,"key":"SteroidPotion"}],"is_trial":false,"path_per_floor":["M","M","?","?","M","R","M","M","T","M","M","M","?","M","R","B",null,"M","M","$","M","$","E","R","E","T","R","?","?","M","M","R","B",null,"M","?","?","?","$","R","M","E"],"character_chosen":"THE_SILENT","items_purchased":["Acrobatics","Calculated Gamble","Meat on the Bone"],"campfire_rested":2,"item_purchase_floors":[20,22,39],"current_hp_per_floor":[42,42,42,47,47,47,31,30,30,24,21,19,19,16,16,13,52,39,25,25,25,25,2,21,7,7,26,26,26,26,26,26,25,55,43,21,21,21,21,21,16,0,0],"gold":22,"neow_bonus":"ONE_RARE_RELIC","is_daily":false,"chose_seed":false,"campfire_upgraded":3,"win_rate":0.0,"timestamp":1611590724,"path_taken":["M","M","?","?","M","R","M","M","T","M","M","M","?","M","R","BOSS","M","M","$","M","$","E","R","E","T","R","?","?","M","?","R","BOSS","M","?","?","?","?","R","M","E"],"items_purchased_type":["Card","Card","Relic"],"build_version":"2020-12-22","purchased_purges":2,"victory":false,"max_hp_per_floor":[66,66,60,65,65,65,65,65,65,65,65,65,65,65,65,65,65,65,65,65,65,65,65,65,65,65,65,65,65,65,65,65,65,65,65,65,65,65,65,65,65,65,65],"card_choices":[{"not_picked":["Sucker Punch","Poisoned Stab"],"picked":"Blade Dance","floor":1.0},{"not_picked":["Backstab","Quick Slash","Catalyst"],"picked":"SKIP","floor":2.0},{"not_picked":["Riddle With Holes","Sucker Punch"],"picked":"PiercingWail","floor":5.0},{"not_picked":["Skewer","Quick Slash","Glass Knife"],"picked":"SKIP","floor":7.0},{"not_picked":["Acrobatics","Deadly Poison"],"picked":"Infinite Blades","floor":8.0},{"not_picked":["Poisoned Stab","Outmaneuver","Slice"],"picked":"SKIP","floor":10.0},{"not_picked":["Poisoned Stab","Outmaneuver","Slice"],"picked":"SKIP","floor":10.0},{"not_picked":["Eviscerate","Underhanded Strike"],"picked":"Blade Dance","floor":11.0},{"not_picked":["Underhanded Strike","PiercingWail","Flechettes"],"picked":"SKIP","floor":12.0},{"not_picked":["Quick Slash","Dagger Throw"],"picked":"Phantasmal Killer","floor":14.0},{"not_picked":["Malaise","Phantasmal Killer"],"picked":"Storm of Steel","floor":16.0},{"not_picked":["Noxious Fumes","Cloak And Dagger"],"picked":"Accuracy+1","floor":18.0},{"not_picked":["Blade Dance","Noxious Fumes+1","All Out Attack"],"picked":"SKIP","floor":19.0},{"not_picked":["Acrobatics","Crippling Poison"],"picked":"Prepared+1","floor":21.0},{"not_picked":["Dagger Throw","Underhanded Strike"],"picked":"Escape Plan","floor":23.0},{"not_picked":["Die Die Die","Dagger Throw","Calculated Gamble"],"picked":"SKIP","floor":25.0},{"not_picked":["Skewer","Cloak And Dagger","Riddle With Holes"],"picked":"SKIP","floor":30.0},{"not_picked":["Noxious Fumes","Eviscerate","Cloak And Dagger"],"picked":"SKIP","floor":31.0},{"not_picked":["All Out Attack","Escape Plan"],"picked":"Backflip","floor":35.0},{"not_picked":["Swift Strike","Violence"],"picked":"Thinking Ahead","floor":37},{"not_picked":["Endless Agony+1","Blade Dance","Cloak And Dagger"],"picked":"SKIP","floor":41}],"player_experience":1802157,"relics_obtained":[{"floor":23.0,"key":"Anchor"},{"floor":25.0,"key":"Ornamental Fan"},{"floor":26.0,"key":"Toy Ornithopter"},{"floor":36.0,"key":"Peace Pipe"}],"event_choices":[{"damage_healed":0.0,"max_hp_gain":0.0,"max_hp_loss":6.0,"gold_gain":0.0,"event_name":"Golden Idol","player_choice":"Lose Max HP","floor":3.0,"gold_loss":0.0,"damage_taken":0.0,"relics_obtained":["Golden Idol"]},{"damage_healed":0.0,"max_hp_gain":5.0,"max_hp_loss":0.0,"gold_gain":0.0,"event_name":"Big Fish","player_choice":"Donut","floor":4.0,"gold_loss":0.0,"damage_taken":0.0},{"damage_healed":0.0,"max_hp_gain":0.0,"max_hp_loss":0.0,"gold_gain":0.0,"event_name":"Liars Game","player_choice":"Ignored","floor":13.0,"gold_loss":0.0,"damage_taken":0.0},{"cards_removed":["Strike_G"],"damage_healed":0.0,"max_hp_gain":0.0,"max_hp_loss":0.0,"gold_gain":0.0,"event_name":"Beggar","player_choice":"Gave Gold","floor":28.0,"gold_loss":75.0,"damage_taken":0.0},{"cards_removed":["Strike_G"],"damage_healed":0.0,"max_hp_gain":0.0,"max_hp_loss":0.0,"gold_gain":0.0,"event_name":"Purifier","player_choice":"Purged","floor":29.0,"gold_loss":0.0,"damage_taken":0.0},{"damage_healed":0.0,"max_hp_gain":0.0,"max_hp_loss":0.0,"gold_gain":0.0,"event_name":"Mysterious Sphere","player_choice":"Fight","floor":36.0,"gold_loss":0.0,"damage_taken":0.0},{"damage_healed":0,"gold_gain":0,"player_choice":"Memory 1","damage_taken":0,"max_hp_gain":0,"max_hp_loss":0,"event_name":"SensoryStone","floor":37,"gold_loss":0},{"damage_healed":0,"gold_gain":0,"player_choice":"Ignored","damage_taken":0,"max_hp_gain":0,"max_hp_loss":0,"event_name":"Tomb of Lord Red Mask","floor":38,"gold_loss":0}],"is_beta":false,"boss_relics":[{"not_picked":["Calling Bell","Runic Pyramid"],"picked":"Sozu"},{"not_picked":["SlaversCollar","Busted Crown"],"picked":"Cursed Key"}],"items_purged_floors":[20,22],"is_endless":false,"potions_floor_spawned":[2,5,8,10,14,23,30,33,41],"killed_by":"Nemesis","ascension_level":20}}