{"host":"c97twqu0op5dg8i4","time":1611561878,"event":{"mods":["AchievementEnabler","BaseMod","Colored Map","Minty Spire (QoL Compilation)","Permanent Neow"],"gold_per_floor":[119,119,119,119,194,194,212,212,212,212,13,13,45,58,58,162,162,180,195,294,314,314,346,346,365,392,392,101,101,101,126,126,126,126],"floor_reached":33,"language":"ENG","playtime":963,"items_purged":["Strike_G"],"score":377,"play_id":"ca6bdcce-47d0-4304-b323-3f43fa18a1fe","local_time":"20210125030438","is_ascension_mode":true,"campfire_choices":[{"data":"Poisoned Stab","floor":6,"key":"SMITH"},{"floor":8,"key":"REST"},{"data":"Unload","floor":10,"key":"SMITH"},{"data":"Neutralize","floor":12,"key":"SMITH"},{"data":"Deadly Poison","floor":15,"key":"SMITH"},{"floor":24,"key":"REST"},{"floor":27,"key":"REST"},{"floor":29,"key":"REST"},{"floor":32,"key":"REST"}],"circlet_count":0,"master_deck":["Strike_G","Strike_G+1","Strike_G","Defend_G","Defend_G","Defend_G","Defend_G","Defend_G","Survivor+1","Neutralize+1","Unload+1","Poisoned Stab+1","Deflect","Dodge and Roll","Poisoned Stab","Deadly Poison+1","Burst","Poisoned Stab","Backflip"],"relics":["Ring of the Snake","Unceasing Top","Akabeko","Orichalcum","Busted Crown","Torii","Bag of Preparation","Membership Card","CeramicFish","TungstenRod"],"acts_visited":["Exordium","TheCity"],"potions_floor_usage":[16,23,23,23,23,33,33,33],"damage_taken":[{"damage":1,"enemies":"Jaw Worm","floor":1,"turns":4},{"damage":0,"enemies":"Small Slimes","floor":7,"turns":3},{"damage":13,"enemies":"3 Sentries","floor":13,"turns":9},{"damage":0,"enemies":"2 Louse","floor":14,"turns":2},{"damage":26,"enemies":"The Guardian","floor":16,"turns":8},{"damage":3,"enemies":"Chosen","floor":18,"turns":4},{"damage":10,"enemies":"Spheric Guardian","floor":19,"turns":4},{"damage":12,"enemies":"Snake Plant","floor":21,"turns":3},{"damage":10,"enemies":"Slavers","floor":23,"turns":6},{"damage":10,"enemies":"Shelled Parasite and Fungi","floor":25,"turns":5},{"damage":27,"enemies":"Gremlin Leader","floor":31,"turns":5},{"damage":62,"enemies":"Collector","floor":33,"turns":8}],"seed_played":"718294405600010425","potions_obtained":[{"floor":7,"key":"EntropicBrew"},{"floor":13,"key":"GamblersBrew"},{"floor":16,"key":"Poison Potion"},{"floor":18,"key":"SpeedPotion"},{"floor":23,"key":"LiquidBronze"}],"is_trial":false,"path_per_floor":["M","?","?","?","?","R","M","R","T","R","$","R","E","M","R","B",null,"M","M","?","M","?","E","R","M","T","R","$","R","?","E","R","B"],"character_chosen":"THE_SILENT","items_purchased":["Poisoned Stab","Akabeko","Membership Card","Backflip","CeramicFish"],"campfire_rested":5,"item_purchase_floors":[11,11,28,28,28],"current_hp_per_floor":[62,62,48,48,37,37,37,58,58,58,58,58,45,45,45,19,57,54,44,44,32,19,9,31,21,21,43,43,65,65,38,60,0,0],"gold":126,"neow_bonus":"ONE_RANDOM_RARE_CARD","is_daily":false,"chose_seed":false,"campfire_upgraded":4,"win_rate":0.0,"timestamp":1611561878,"path_taken":["M","?","?","?","?","R","M","R","T","R","$","R","E","M","R","BOSS","M","M","?","M","?","E","R","M","T","R","$","R","?","E","R","BOSS"],"items_purchased_type":["Card","Relic","Relic","Card","Relic"],"build_version":"2020-12-22","purchased_purges":1,"victory":false,"max_hp_per_floor":[70,70,70,70,70,70,70,70,70,70,70,70,70,70,70,70,70,70,70,70,70,75,75,75,75,75,75,75,75,75,75,75,75,75],"card_choices":[{"not_picked":["Deflect","Tactician"],"picked":"Poisoned Stab","floor":1},{"not_picked":["Deflect","Venomology"],"picked":"Dodge and Roll","floor":7},{"not_picked":["Poisoned Stab","Flying Knee"],"picked":"Deadly Poison","floor":13},{"not_picked":["All Out Attack","Slice","Dagger Spray"],"picked":"SKIP","floor":14},{"not_picked":["Die Die Die","Tools of the Trade"],"picked":"Burst","floor":16},{"not_picked":[],"picked":"Poisoned Stab","floor":18},{"not_picked":["Flying Knee+1"],"picked":"SKIP","floor":19},{"not_picked":["Sucker Punch+1"],"picked":"SKIP","floor":21},{"not_picked":["Setup"],"picked":"SKIP","floor":23},{"not_picked":["Eviscerate"],"picked":"SKIP","floor":25},{"not_picked":["Dagger Spray"],"picked":"SKIP","floor":31}],"player_experience":299028,"relics_obtained":[{"floor":9,"key":"Unceasing Top"},{"floor":13,"key":"Orichalcum"},{"floor":23,"key":"Torii"},{"floor":26,"key":"Bag of Preparation"},{"floor":31,"key":"TungstenRod"}],"event_choices":[{"damage_healed":0,"gold_gain":0,"player_choice":"Leave","damage_taken":0,"max_hp_gain":0,"max_hp_loss":0,"event_name":"The Cleric","floor":2,"gold_loss":0},{"damage_healed":0,"gold_gain":0,"player_choice":"Entered Light","damage_taken":14,"max_hp_gain":0,"max_hp_loss":0,"event_name":"Shining Light","floor":3,"gold_loss":0,"cards_upgraded":["Strike_G","Survivor"]},{"damage_healed":0,"gold_gain":0,"cards_transformed":["Strike_G"],"player_choice":"Change","damage_taken":0,"max_hp_gain":0,"max_hp_loss":0,"event_name":"Living Wall","floor":4,"gold_loss":0,"cards_obtained":["Deflect"]},{"damage_healed":0,"gold_gain":75,"player_choice":"Gather Gold","damage_taken":11,"max_hp_gain":0,"max_hp_loss":0,"event_name":"World of Goop","floor":5,"gold_loss":0},{"damage_healed":0,"gold_gain":99,"player_choice":"Stole From Cult","damage_taken":0,"max_hp_gain":0,"max_hp_loss":0,"event_name":"Nest","floor":20,"gold_loss":0},{"damage_healed":0,"gold_gain":0,"player_choice":"Shed Blood","damage_taken":18,"max_hp_gain":5,"max_hp_loss":0,"event_name":"Forgotten Altar","floor":22,"gold_loss":0},{"damage_healed":0,"gold_gain":0,"player_choice":"Ignored","damage_taken":0,"max_hp_gain":0,"max_hp_loss":0,"event_name":"Vampires","floor":30,"gold_loss":0}],"is_beta":false,"boss_relics":[{"not_picked":["Fusion Hammer","Velvet Choker"],"picked":"Busted Crown"}],"items_purged_floors":[28],"is_endless":false,"potions_floor_spawned":[7,13,16,18,19,23],"killed_by":"Collector","ascension_level":7}}