{"host":"6q94iy5iz6612v89","time":1611574498,"event":{"mods":["2.2 Compatiblity","AchievementEnabler","BaseMod","Colored Map","DeckTracker","Keyboard Shortcuts","Marisa£¨Ùöéë¡¡Øª×âÞÞ£©","Minty Spire (QoL Compilation)","Permanent Neow","StSLib","SuperFastMode"],"gold_per_floor":[17,30,48,61,75,108,108,143,143,189,221,221,221,296,296,296,296],"floor_reached":16,"language":"KOR","playtime":395,"items_purged":[],"score":148,"play_id":"e2655300-06c6-4130-bccd-a0217de785ce","local_time":"20210125203458","is_ascension_mode":true,"campfire_choices":[{"data":"GalacticHalo","floor":7,"key":"SMITH"},{"floor":12,"key":"REST"},{"data":"StarBarrage","floor":15,"key":"SMITH"}],"circlet_count":0,"master_deck":["Strike_MRS","Strike_MRS","Strike_MRS","Defend_MRS","Defend_MRS","Defend_MRS","MasterSpark","UpSweep","StarBarrage+1","GalacticHalo+1","WitchOfGreed","EnergyFlow","GalacticHalo"],"relics":["MiniHakkero","Incense Burner","Torii","FossilizedHelix","WingedGreaves"],"acts_visited":["Exordium"],"potions_floor_usage":[10,10,10,16,16,16],"damage_taken":[{"damage":0,"enemies":"Small Slimes","floor":1,"turns":3},{"damage":0,"enemies":"Jaw Worm","floor":2,"turns":3},{"damage":1,"enemies":"2 Louse","floor":3,"turns":2},{"damage":6,"enemies":"Looter","floor":4,"turns":2},{"damage":7,"enemies":"Blue Slaver","floor":5,"turns":4},{"damage":25,"enemies":"3 Sentries","floor":6,"turns":8},{"damage":17,"enemies":"Exordium Wildlife","floor":8,"turns":4},{"damage":6,"enemies":"Lagavulin","floor":10,"turns":4},{"damage":0,"enemies":"Looter","floor":11,"turns":3},{"damage":4,"enemies":"Hexaghost","floor":16,"turns":9}],"seed_played":"2037401866300063293","potions_obtained":[{"floor":3,"key":"GamblersBrew"},{"floor":8,"key":"AttackPotion"},{"floor":8,"key":"BottledSpark"},{"floor":10,"key":"PowerPotion"},{"floor":10,"key":"Fruit Juice"},{"floor":11,"key":"Strength Potion"}],"is_trial":false,"path_per_floor":["M","M","M","M","M","E","R","M","T","E","M","R","?","?","R","B"],"character_chosen":"MARISA","items_purchased":[],"campfire_rested":1,"item_purchase_floors":[],"current_hp_per_floor":[68,68,67,61,54,29,29,12,12,11,11,35,23,12,12,8,8],"gold":296,"neow_bonus":"REMOVE_TWO","is_daily":false,"chose_seed":false,"campfire_upgraded":2,"win_rate":0.0,"timestamp":1611574498,"path_taken":["M","M","M","M","M","E","R","M","T","E","M","R","?","?","R","BOSS"],"items_purchased_type":[],"build_version":"2020-12-22","purchased_purges":0,"victory":false,"max_hp_per_floor":[75,75,75,75,75,75,75,75,75,80,80,80,80,80,80,80,80],"card_choices":[{"not_picked":["GravityBeat","IllusionStar","DarkMatter"],"picked":"SKIP","floor":1},{"not_picked":["EnergyRecoil","AsteroidBelt"],"picked":"StarBarrage","floor":2},{"not_picked":["SporeBomb","LuminesStrike","IllusionStar"],"picked":"SKIP","floor":3},{"not_picked":["ManaConvection","SuperPerseids"],"picked":"GalacticHalo","floor":4},{"not_picked":["ShootingEcho","6A","AsteroidBelt"],"picked":"SKIP","floor":5},{"not_picked":["IllusionStar","GrandCross"],"picked":"WitchOfGreed","floor":6},{"not_picked":["EscapeVelocity","Acceleration"],"picked":"EnergyFlow","floor":8},{"not_picked":["WitchOfGreed","Singularity","NonDirectionalLaser"],"picked":"SKIP","floor":10},{"not_picked":["ChargingUp","OneTimeOff"],"picked":"GalacticHalo","floor":11}],"player_experience":1487581,"relics_obtained":[{"floor":6,"key":"Incense Burner"},{"floor":9,"key":"Torii"},{"floor":10,"key":"FossilizedHelix"}],"event_choices":[{"damage_healed":0,"gold_gain":0,"player_choice":"Success","damage_taken":12,"relics_obtained":["WingedGreaves"],"max_hp_gain":0,"max_hp_loss":0,"event_name":"Scrap Ooze","floor":13,"gold_loss":0},{"damage_healed":0,"gold_gain":75,"player_choice":"Gather Gold","damage_taken":11,"max_hp_gain":0,"max_hp_loss":0,"event_name":"World of Goop","floor":14,"gold_loss":0}],"is_beta":false,"boss_relics":[],"items_purged_floors":[],"is_endless":false,"potions_floor_spawned":[3,8,10,11],"killed_by":"Hexaghost","ascension_level":6}}