{"host":"exhp4inpfmbngj23","time":1611616974,"event":{"mods":["Abigail Mod","BaseMod","Beaked The Cultist","Downfall","Friendly Minions","Kiyohime????","Minty Spire (QoL Compilation)","StSLib","The Alterego"],"gold_per_floor":[0,16,31,481,481,481,550,560,560,593,608,508,523,551,565,565,565,565],"floor_reached":16,"language":"ENG","playtime":1403,"items_purged":[],"score":118,"play_id":"d7100f31-4434-4217-9f44-e0ecee07bd35","local_time":"20210125152254","is_ascension_mode":true,"campfire_choices":[{"data":"Mayhem","floor":1,"key":"SMITH"},{"floor":9,"key":"RECALL"},{"data":"bronze:Replicate","floor":12,"key":"SMITH"}],"circlet_count":0,"master_deck":["bronze:Strike","bronze:Strike","bronze:Strike","bronze:Strike","bronze:Defend","bronze:Defend","bronze:Defend","bronze:Defend","bronze:Replicate+1","bronze:Goto","Mayhem+1","bronze:DelayedSlice","bronze:ForceShield","downfall:Icky","downfall:Icky","downfall:Icky","bronze:Constructor","bronze:InfiniteLoop","bronze:BronzeOrb","bronze:DelayedGuard","bronze:OilSpill"],"relics":["bronze:BronzeCore","Eternal Feather","beaked:ShinyBauble","downfall:HeartBlessingRed","Pocketwatch"],"acts_visited":["Exordium"],"potions_floor_usage":[14,16,16,16],"damage_taken":[{"damage":6,"enemies":"Jaw Worm","floor":2,"turns":3},{"damage":7,"enemies":"2 Louse","floor":3,"turns":3},{"damage":1,"enemies":"Cultist","floor":8,"turns":4},{"damage":18,"enemies":"3 Sentries","floor":10,"turns":13},{"damage":8,"enemies":"Lots of Slimes","floor":11,"turns":3},{"damage":3,"enemies":"3 Louse","floor":13,"turns":5},{"damage":14,"enemies":"Lagavulin","floor":14,"turns":6},{"damage":0,"enemies":"Blue Slaver","floor":15,"turns":1},{"damage":57,"enemies":"IC_STATUS_ARCHETYPE","floor":16,"turns":13}],"seed_played":"-4670844016231794084","potions_obtained":[{"floor":2,"key":"Energy Potion"},{"floor":11,"key":"BlessingOfTheForge"},{"floor":13,"key":"hexamod:SoulburnPotion"},{"floor":15,"key":"BlessingOfTheForge"}],"is_trial":false,"path_per_floor":["R","M","M","?","?","?","T","M","R","E","M","R","M","E","M","B"],"character_chosen":"THE_AUTOMATON","items_purchased":[],"campfire_rested":0,"item_purchase_floors":[],"current_hp_per_floor":[70,64,57,57,62,62,62,61,70,52,44,53,50,36,36,0,0,0],"gold":565,"neow_bonus":"RANDOM_COLORLESS_2","is_daily":false,"chose_seed":false,"campfire_upgraded":2,"win_rate":0.0,"timestamp":1611616974,"path_taken":["R","M","M","?","?","?","T","M","R","E","M","R","?","E","M","BOSS"],"items_purchased_type":[],"build_version":"2020-12-22","purchased_purges":0,"victory":false,"max_hp_per_floor":[70,70,70,70,75,75,75,75,75,75,75,75,75,75,75,75,75,75],"card_choices":[{"not_picked":["Sadistic Nature","Violence"],"picked":"Mayhem","floor":0},{"not_picked":["bronze:CloningBeam","bronze:Overheat"],"picked":"bronze:DelayedSlice","floor":2},{"not_picked":["bronze:Deprecate","bronze:WildBeam"],"picked":"bronze:ForceShield","floor":3},{"not_picked":["bronze:CutThrough","bronze:Shield"],"picked":"bronze:Constructor","floor":8},{"not_picked":["bronze:ItsAFeature","bronze:Constructor"],"picked":"bronze:InfiniteLoop","floor":10},{"not_picked":["bronze:MaxOutput","bronze:ChosenStrike","bronze:Overheat"],"picked":"SKIP","floor":11},{"not_picked":["bronze:Deprecate","bronze:Turbo"],"picked":"bronze:BronzeOrb","floor":13},{"not_picked":["bronze:Shield","bronze:Turbo"],"picked":"bronze:DelayedGuard","floor":14},{"not_picked":["bronze:Safeguard","bronze:Branch"],"picked":"bronze:OilSpill","floor":15}],"player_experience":2042609,"relics_obtained":[{"floor":7,"key":"Eternal Feather"},{"floor":10,"key":"beaked:ShinyBauble"},{"floor":14,"key":"Pocketwatch"}],"event_choices":[{"damage_healed":0,"gold_gain":0,"player_choice":"Donut","damage_taken":0,"max_hp_gain":5,"max_hp_loss":0,"event_name":"Big Fish","floor":5,"gold_loss":0}],"is_beta":false,"boss_relics":[],"items_purged_floors":[],"is_endless":false,"potions_floor_spawned":[2,11,13,15],"killed_by":"IC_STATUS_ARCHETYPE","ascension_level":1}}