{"host":"nz11ypxva4e39b7q","time":1611582913,"event":{"mods":["BaseMod","Better Note","Better Third Choice","Better Vampires","Colored Map","Minty Spire (QoL Compilation)","Quick Restart","StSLib"],"gold_per_floor":[118,118,139,159,182,182,197,197,223,223,66,141,141,164,164,164,164],"floor_reached":16,"language":"ENG","playtime":630,"items_purged":[],"score":184,"play_id":"48c785a7-fc6a-4028-a406-ca50ff5373bf","local_time":"20210125145513","is_ascension_mode":true,"campfire_choices":[{"data":"Backflip","floor":6.0,"key":"SMITH"},{"data":"Footwork","floor":10.0,"key":"SMITH"},{"data":"Neutralize","floor":15,"key":"SMITH"}],"circlet_count":0,"master_deck":["AscendersBane","Strike_G","Strike_G","Strike_G","Strike_G","Defend_G","Defend_G","Defend_G","Survivor","Neutralize+1","Dodge and Roll","Backflip+1","Bane","Grand Finale","Footwork+1","Deflect"],"relics":["Ring of the Snake","Golden Idol","Vajra","Bag of Preparation"],"acts_visited":["Exordium"],"potions_floor_usage":[14],"damage_taken":[{"damage":1.0,"enemies":"Small Slimes","floor":1.0,"turns":5.0},{"damage":0.0,"enemies":"2 Louse","floor":3.0,"turns":4.0},{"damage":8.0,"enemies":"Jaw Worm","floor":4.0,"turns":7.0},{"damage":5.0,"enemies":"2 Fungi Beasts","floor":5.0,"turns":6.0},{"damage":8.0,"enemies":"Blue Slaver","floor":7.0,"turns":6.0},{"damage":5,"enemies":"Gremlin Gang","floor":14,"turns":6},{"damage":1,"enemies":"Hexaghost","floor":16,"turns":7}],"seed_played":"3830773474455649750","potions_obtained":[{"floor":3.0,"key":"Regen Potion"},{"floor":5.0,"key":"SpeedPotion"},{"floor":7.0,"key":"DuplicationPotion"}],"is_trial":false,"path_per_floor":["M","?","M","M","M","R","M","?","T","R","$","?","?","M","R","B"],"character_chosen":"THE_SILENT","items_purchased":["Bag of Preparation"],"campfire_rested":0,"item_purchase_floors":[11],"current_hp_per_floor":[58,58,58,50,58,58,50,50,50,50,50,39,32,27,27,26,26],"gold":164,"neow_bonus":"TRANSFORM_CARD","is_daily":false,"chose_seed":false,"campfire_upgraded":3,"win_rate":0.0,"timestamp":1611582913,"path_taken":["M","?","M","M","M","R","M","?","T","R","$","?","?","M","R","BOSS"],"items_purchased_type":["Relic"],"build_version":"2020-12-22","purchased_purges":0,"victory":false,"max_hp_per_floor":[66,60,60,60,60,60,60,60,60,60,60,60,60,60,60,60,60],"card_choices":[{"not_picked":["Prepared","Deflect"],"picked":"Backflip","floor":1.0},{"not_picked":["Calculated Gamble","Riddle With Holes"],"picked":"Bane","floor":3.0},{"not_picked":["Expertise","Masterful Stab","Riddle With Holes"],"picked":"SKIP","floor":4.0},{"not_picked":["PiercingWail","Blade Dance"],"picked":"Grand Finale","floor":5.0},{"not_picked":["PiercingWail","Masterful Stab","Distraction"],"picked":"SKIP","floor":7.0},{"not_picked":["PiercingWail","Masterful Stab","Distraction"],"picked":"SKIP","floor":7.0},{"not_picked":["Acrobatics","Reflex"],"picked":"Deflect","floor":14}],"player_experience":993920,"relics_obtained":[{"floor":9.0,"key":"Vajra"}],"event_choices":[{"damage_healed":0.0,"max_hp_gain":0.0,"max_hp_loss":6.0,"gold_gain":0.0,"event_name":"Golden Idol","player_choice":"Lose Max HP","floor":2.0,"gold_loss":0.0,"damage_taken":0.0,"relics_obtained":["Golden Idol"]},{"damage_healed":0.0,"max_hp_gain":0.0,"max_hp_loss":0.0,"gold_gain":0.0,"cards_transformed":["Defend_G"],"event_name":"Living Wall","player_choice":"Change","floor":8.0,"gold_loss":0.0,"damage_taken":0.0,"cards_obtained":["Footwork"]},{"damage_healed":0.0,"max_hp_gain":1.0,"max_hp_loss":0.0,"gold_gain":75.0,"event_name":"betterThird:BetterGoop","player_choice":"Gold","floor":12.0,"gold_loss":0.0,"damage_taken":11.0},{"cards_removed":["Strike_G"],"damage_healed":0.0,"max_hp_gain":0.0,"max_hp_loss":0.0,"gold_gain":0.0,"event_name":"Golden Wing","player_choice":"Card Removal","floor":13.0,"gold_loss":0.0,"damage_taken":7.0}],"is_beta":false,"boss_relics":[],"items_purged_floors":[],"is_endless":false,"potions_floor_spawned":[3,5,7],"killed_by":"Hexaghost","ascension_level":20}}