{"host":"wkuscavjg97fbbrj","time":1611566328,"event":{"mods":["BaseMod","Colored Powertips","Downfall","Minty Spire (QoL Compilation)","Permanent Neow","Quick Restart","Replay The Spire","StSLib"],"gold_per_floor":[99,109,129,142,153,172,198,198,227,290,301,313,313,141,156,257,257,257,272,289,308,78,78,131,147,157,257,257,286,304,339,355,457,457,457,475,475,488,506,556,556,585,706,721,521,521,532,544,558,558],"floor_reached":51,"language":"ENG","playtime":3130,"items_purged":["bronze:Strike","bronze:Defend"],"score":804,"play_id":"115dfeaf-b2e0-48e2-80c1-8f2a4fbbbb26","local_time":"20210125041848","is_ascension_mode":false,"campfire_choices":[{"data":"bronze:Strike","floor":1.0,"key":"PURGE"},{"data":"bronze:HardenedForm","floor":13.0,"key":"SMITH"},{"data":"bronze:Defend","floor":18.0,"key":"PURGE"},{"data":"bronze:Format","floor":23.0,"key":"SMITH"},{"floor":28.0,"key":"REST"},{"data":"bronze:Defend","floor":35.0,"key":"PURGE"},{"floor":45,"key":"RECALL"}],"circlet_count":0,"master_deck":["bronze:Strike","bronze:Replicate","bronze:Goto","bronze:HardenedForm+1","bronze:ChosenStrike","bronze:DelayedSlice","bronze:DelayedGuard","bronze:WhirlingStrike","bronze:Branch","bronze:ForceShield","bronze:CutThrough","bronze:Format+1","bronze:Optimize","bronze:ChildClass","bronze:Optimize","bronze:BuggyMess","J.A.X.","bronze:WhirlingStrike+1","bronze:ForceShield+1","bronze:BronzeOrb+1","bronze:Branch+1","bronze:HyperBeam","expansioncontent:Chronoboost","bronze:Branch+1","bronze:ForLoop","bronze:BronzeOrb","bronze:DelayedGuard+1"],"relics":["bronze:BronzeCore","Replay:Baseball","Toy Ornithopter","Orichalcum","Runic Pyramid","Chemical X","Regal Pillow","MutagenicStrength","Bag of Preparation","PreservedInsect","Coffee Dripper","Akabeko","Oddly Smooth Stone","downfall:HeartBlessingBlue","downfall:HeartBlessingGreen","bronze:BottledCode"],"acts_visited":["Exordium","TheCity","TheBeyond"],"potions_floor_usage":[47,50],"damage_taken":[{"damage":5.0,"enemies":"2 Louse","floor":2.0,"turns":4.0},{"damage":0.0,"enemies":"Small Slimes","floor":3.0,"turns":4.0},{"damage":1.0,"enemies":"Jaw Worm","floor":4.0,"turns":3.0},{"damage":7.0,"enemies":"3 Louse","floor":5.0,"turns":2.0},{"damage":0.0,"enemies":"Exordium Wildlife","floor":6.0,"turns":2.0},{"damage":1.0,"enemies":"Gremlin Nob","floor":9.0,"turns":4.0},{"damage":13.0,"enemies":"3 Sentries","floor":10.0,"turns":5.0},{"damage":0.0,"enemies":"Large Slime","floor":11.0,"turns":3.0},{"damage":6.0,"enemies":"Exordium Thugs","floor":12.0,"turns":3.0},{"damage":0.0,"enemies":"downfall:FleeingMerchant","floor":14.0,"turns":4.0},{"damage":0.0,"enemies":"2 Fungi Beasts","floor":15.0,"turns":2.0},{"damage":40.0,"enemies":"SI_SHIV_ARCHETYPE","floor":16.0,"turns":9.0},{"damage":0.0,"enemies":"Spheric Guardian","floor":19.0,"turns":3.0},{"damage":23.0,"enemies":"Shelled Parasite and Fungi","floor":20.0,"turns":4.0},{"damage":12.0,"enemies":"3 Cultists","floor":21.0,"turns":4.0},{"damage":0.0,"enemies":"downfall:FleeingMerchant","floor":22.0,"turns":4.0},{"damage":10.0,"enemies":"Centurion and Healer","floor":25.0,"turns":4.0},{"damage":2.0,"enemies":"Snake Plant","floor":26.0,"turns":4.0},{"damage":11.0,"enemies":"downfall:Augmenter","floor":27.0,"turns":4.0},{"damage":16.0,"enemies":"Book of Stabbing","floor":29.0,"turns":5.0},{"damage":0.0,"enemies":"Sentry and Sphere","floor":30.0,"turns":3.0},{"damage":0.0,"enemies":"Slavers","floor":31.0,"turns":3.0},{"damage":0.0,"enemies":"Snecko","floor":32.0,"turns":1.0},{"damage":6.0,"enemies":"DF_ARCHETYPE_CLAW","floor":33.0,"turns":6.0},{"damage":0.0,"enemies":"Orb Walker","floor":36.0,"turns":1.0},{"damage":3.0,"enemies":"3 Darklings","floor":38.0,"turns":2.0},{"damage":0.0,"enemies":"Maw","floor":39.0,"turns":6.0},{"damage":9.0,"enemies":"Reptomancer","floor":42.0,"turns":4.0},{"damage":3.0,"enemies":"downfall:FleeingMerchant","floor":43.0,"turns":4.0},{"damage":0,"enemies":"Spire Growth","floor":44,"turns":4},{"damage":3,"enemies":"Transient","floor":47,"turns":5},{"damage":0,"enemies":"Jaw Worm Horde","floor":48,"turns":5},{"damage":2,"enemies":"4 Shapes","floor":49,"turns":4},{"damage":9,"enemies":"IC_BLOCK_ARCHETYPE","floor":50,"turns":8}],"seed_played":"-8653477201667663838","potions_obtained":[{"floor":4.0,"key":"Fire Potion"},{"floor":5.0,"key":"Block Potion"},{"floor":6.0,"key":"bronze:BurnAndBuffPotion"},{"floor":9.0,"key":"Toxic Potion"},{"floor":11.0,"key":"Ancient Potion"},{"floor":12.0,"key":"PowerPotion"},{"floor":16.0,"key":"Explosive Potion"},{"floor":20.0,"key":"Venom Potion"},{"floor":25.0,"key":"Swift Potion"},{"floor":26.0,"key":"PowerPotion"},{"floor":30.0,"key":"BlessingOfTheForge"},{"floor":31.0,"key":"Fire Potion"},{"floor":33.0,"key":"AttackPotion"},{"floor":38.0,"key":"Death Potion"},{"floor":39.0,"key":"BlessingOfTheForge"},{"floor":44,"key":"SpeedPotion"},{"floor":48,"key":"Reflective Coating"}],"is_trial":false,"path_per_floor":["R","M","M","M","M","M","T","?","E","?","M","M","R","$","M","B",null,"R","M","M","M","$","R","T","M","M","?","R","E","M","E","M","B",null,"R","M","?","M","M","T","T","E","$","M","R","?","M","M","M","B",null],"character_chosen":"THE_AUTOMATON","items_purchased":["bronze:ForceShield","Chemical X","bronze:ChildClass","bronze:ForLoop","bronze:BronzeOrb"],"campfire_rested":1,"item_purchase_floors":[14,22,22,43,43],"current_hp_per_floor":[70,65,65,64,57,57,57,57,56,48,48,47,47,47,47,12,70,70,70,47,35,35,35,35,25,28,22,58,42,42,47,47,46,70,70,70,70,67,67,67,67,58,60,60,70,70,67,67,65,61],"gold":558,"neow_bonus":"ONE_RANDOM_RARE_CARD","is_daily":false,"chose_seed":false,"campfire_upgraded":2,"win_rate":0.0,"timestamp":1611566328,"path_taken":["R","M","M","M","M","M","T","?","E","?","M","M","R","$","M","BOSS","R","M","M","M","$","R","T","M","M","?","R","E","M","E","M","BOSS","R","M","?","M","M","?","T","E","$","M","R","?","?","M","M","BOSS"],"items_purchased_type":["Card","Relic","Card","Card","Card"],"build_version":"2020-12-22","purchased_purges":2,"victory":true,"max_hp_per_floor":[70,70,70,70,70,70,70,70,70,70,70,70,70,70,70,70,70,70,70,70,70,70,70,70,70,70,70,70,70,70,70,70,70,70,70,70,70,70,70,70,70,70,70,70,80,70,70,70,70,70],"card_choices":[{"not_picked":["bronze:Shield","bronze:Allocate","bronze:Invalidate"],"picked":"SKIP","floor":2.0},{"not_picked":["bronze:Repair","bronze:Deprecate"],"picked":"bronze:ChosenStrike","floor":3.0},{"not_picked":["bronze:Invalidate","bronze:Backtrace","bronze:BitShift"],"picked":"SKIP","floor":4.0},{"not_picked":["bronze:Optimize","bronze:BuggyMess"],"picked":"bronze:DelayedSlice","floor":5.0},{"not_picked":["bronze:Iterate","bronze:Deprecate"],"picked":"bronze:DelayedGuard","floor":6.0},{"not_picked":["bronze:ShipIt","bronze:DelayedGuard"],"picked":"bronze:WhirlingStrike","floor":9.0},{"not_picked":["bronze:Turbo","bronze:WildBeam"],"picked":"bronze:Branch","floor":10.0},{"not_picked":["bronze:DelayedGuard","bronze:CleanCode","bronze:DigitalCarnage"],"picked":"SKIP","floor":11.0},{"not_picked":["bronze:Shield","bronze:BitShift","bronze:Frontload"],"picked":"SKIP","floor":12.0},{"not_picked":["bronze:BurnOut","bronze:OilSpill","bronze:HyperBeam"],"picked":"SKIP","floor":14.0},{"not_picked":["bronze:Frontload","bronze:Turbo"],"picked":"bronze:CutThrough","floor":15.0},{"not_picked":["bronze:HyperBeam","bronze:FindAndReplace"],"picked":"bronze:Format","floor":16.0},{"not_picked":["bronze:Deprecate","bronze:WildBeam","bronze:WhirlingStrike"],"picked":"SKIP","floor":19.0},{"not_picked":["bronze:CloningBeam","bronze:Shield","bronze:CutThrough"],"picked":"SKIP","floor":20.0},{"not_picked":["bronze:Iterate+1","bronze:Overheat"],"picked":"bronze:Optimize","floor":21.0},{"not_picked":["bronze:BronzeArmor+1","bronze:Flail+1","bronze:BitShift"],"picked":"SKIP","floor":22.0},{"not_picked":["bronze:CutThrough+1","bronze:Boost","bronze:Branch"],"picked":"SKIP","floor":25.0},{"not_picked":["bronze:CloningBeam","bronze:FollowUp","bronze:Flail+1"],"picked":"SKIP","floor":26.0},{"not_picked":[],"picked":"J.A.X.","floor":27.0},{"not_picked":["bronze:Deprecate","bronze:ShipIt"],"picked":"bronze:WhirlingStrike+1","floor":29.0},{"not_picked":["bronze:Fortify","bronze:BugBarrage"],"picked":"bronze:ForceShield+1","floor":30.0},{"not_picked":["bronze:Frontload+1","bronze:DelayedSlice"],"picked":"bronze:BronzeOrb+1","floor":31.0},{"not_picked":["bronze:CutThrough","bronze:DelayedGuard"],"picked":"bronze:Branch+1","floor":32.0},{"not_picked":["bronze:CleanCode","bronze:BurnOut"],"picked":"bronze:HyperBeam","floor":33.0},{"not_picked":["bronze:DarkDash+1","bronze:Deprecate","bronze:BitShift+1"],"picked":"SKIP","floor":36.0},{"not_picked":["Replay:SS_hec_1","expansioncontent:AwakenDeath"],"picked":"expansioncontent:Chronoboost","floor":37.0},{"not_picked":["bronze:Boost","bronze:OilSpill","bronze:Return+1"],"picked":"SKIP","floor":38.0},{"not_picked":["bronze:Iterate","bronze:FineTuning+1"],"picked":"bronze:Branch+1","floor":39.0},{"not_picked":["bronze:CutThrough+1","bronze:Return+1","bronze:Turbo"],"picked":"SKIP","floor":42.0},{"not_picked":["bronze:CutThrough","bronze:WildBeam+1","bronze:BronzeArmor+1"],"picked":"SKIP","floor":43.0},{"not_picked":["bronze:BronzeArmor+1","bronze:FineTuning"],"picked":"bronze:DelayedGuard+1","floor":44},{"not_picked":["bronze:BitShift","bronze:Branch+1","bronze:Safeguard"],"picked":"SKIP","floor":47},{"not_picked":["bronze:ForceShield+1","bronze:Turbo","bronze:Frontload+1"],"picked":"SKIP","floor":48},{"not_picked":["bronze:Overheat","bronze:Allocate+1","bronze:Safeguard"],"picked":"SKIP","floor":49}],"player_experience":158677,"relics_obtained":[{"floor":7.0,"key":"Replay:Baseball"},{"floor":9.0,"key":"Toy Ornithopter"},{"floor":10.0,"key":"Orichalcum"},{"floor":24.0,"key":"Regal Pillow"},{"floor":27.0,"key":"MutagenicStrength"},{"floor":29.0,"key":"Bag of Preparation"},{"floor":31.0,"key":"PreservedInsect"},{"floor":40.0,"key":"Akabeko"},{"floor":42.0,"key":"Oddly Smooth Stone"}],"event_choices":[],"is_beta":false,"boss_relics":[{"not_picked":["Tiny House","Calling Bell"],"picked":"Runic Pyramid"},{"not_picked":["Ring of Chaos","Replay:Drink Me"],"picked":"Coffee Dripper"}],"items_purged_floors":[14,43],"is_endless":false,"potions_floor_spawned":[4,5,6,9,11,12,16,20,25,26,30,31,33,38,39,44,48],"ascension_level":0}}