{"host":"takgv9cv6xf64vhq","time":1611566770,"event":{"mods":["BaseMod","Colored Powertips","Downfall","Hubris","LagranYue(拉格朗・月)","Marisa（F雨　魔理沙）","Minty Spire (QoL Compilation)","Replay The Spire","StSLib","The Cursed","The Jungle","TheHeartMod"],"gold_per_floor":[111,8,21,35,35,35,49,62,62,76,93,93,107,126,126,126,126],"floor_reached":16,"language":"ZHS","playtime":568,"items_purged":[],"score":98,"play_id":"3bf39138-6242-40e8-b7b1-0358a1eafe24","local_time":"20210125172610","is_ascension_mode":false,"campfire_choices":[{"data":"Bouncing Flask","floor":12,"key":"SMITH"},{"data":"ReplayTheSpireMod:Tripwire","floor":15,"key":"SMITH"}],"circlet_count":0,"master_deck":["Strike_G","Strike_G","Strike_G","Strike_G","Strike_G","Defend_G","Defend_G","Defend_G","Defend_G","Defend_G","Survivor","Neutralize","ReplayTheSpireMod:Tripwire+1","Dodge and Roll+1","Quick Slash","Masterful Stab","Bouncing Flask+1","Escape Plan","Noxious Fumes","Backflip","A Thousand Cuts"],"relics":["Ring of the Snake","LagranYue:RandomDrawCardRelic","NeowsBlessing","hubris:CuriousFeather","HornCleat"],"acts_visited":["Exordium"],"potions_floor_usage":[8,13,16,16],"damage_taken":[{"damage":0,"enemies":"Jaw Worm","floor":1,"turns":1},{"damage":0,"enemies":"Cultist","floor":3,"turns":1},{"damage":0,"enemies":"2 Louse","floor":4,"turns":1},{"damage":5,"enemies":"Red Slaver","floor":7,"turns":6},{"damage":2,"enemies":"Lots of Slimes","floor":8,"turns":3},{"damage":3,"enemies":"2 Fungi Beasts","floor":10,"turns":4},{"damage":4,"enemies":"Blue Slaver","floor":11,"turns":3},{"damage":6,"enemies":"Exordium Thugs","floor":13,"turns":3},{"damage":27,"enemies":"Exordium Wildlife","floor":14,"turns":5},{"damage":33,"enemies":"The Guardian","floor":16,"turns":7}],"seed_played":"-2011857472708566718","potions_obtained":[{"floor":6,"key":"EssenceOfSteel"},{"floor":6,"key":"AttackPotion"},{"floor":6,"key":"Fire Potion"},{"floor":8,"key":"Dexterity Potion"}],"is_trial":false,"path_per_floor":["M","?","M","M","?","?","M","M","T","M","M","R","M","M","R","B"],"character_chosen":"THE_SILENT","items_purchased":[],"campfire_rested":0,"item_purchase_floors":[],"current_hp_per_floor":[70,70,70,70,70,70,65,63,63,60,56,56,50,23,23,0,0],"gold":126,"neow_bonus":"THREE_ENEMY_KILL","is_daily":false,"chose_seed":false,"campfire_upgraded":2,"win_rate":0.0,"timestamp":1611566770,"path_taken":["M","?","M","?","?","?","M","M","T","?","M","R","M","M","R","BOSS"],"items_purchased_type":[],"build_version":"2020-12-22","purchased_purges":0,"victory":false,"max_hp_per_floor":[70,70,70,70,70,70,70,70,70,70,70,70,70,70,70,70,70],"card_choices":[{"not_picked":["hubris:SlightOfHand","Slice"],"picked":"ReplayTheSpireMod:Tripwire","floor":1},{"not_picked":["Endless Agony","Distraction"],"picked":"Dodge and Roll","floor":3},{"not_picked":["Hidden Blade","Flechettes"],"picked":"Quick Slash","floor":4},{"not_picked":["Deadly Poison","Dagger Throw"],"picked":"Masterful Stab","floor":7},{"not_picked":["Deadly Poison","Escape Plan"],"picked":"Bouncing Flask","floor":8},{"not_picked":["Sucker Punch","hubris:SlightOfHand"],"picked":"Escape Plan","floor":10},{"not_picked":["Flying Knee","Dagger Spray"],"picked":"Noxious Fumes","floor":11},{"not_picked":["Prepared","Dodge and Roll"],"picked":"Backflip","floor":13},{"not_picked":["Blade Dance","Outmaneuver"],"picked":"A Thousand Cuts","floor":14}],"player_experience":74485,"relics_obtained":[{"floor":9,"key":"HornCleat"}],"event_choices":[{"damage_healed":0,"gold_gain":0,"player_choice":"Paid Gold","damage_taken":0,"relics_obtained":["hubris:CuriousFeather"],"max_hp_gain":0,"max_hp_loss":0,"event_name":"WeMeetAgain","floor":2,"gold_loss":103},{"damage_healed":0,"gold_gain":0,"player_choice":"Got Potions","damage_taken":0,"max_hp_gain":0,"max_hp_loss":0,"event_name":"Lab","floor":6,"gold_loss":0}],"is_beta":false,"boss_relics":[],"items_purged_floors":[],"is_endless":false,"potions_floor_spawned":[8,10,11],"killed_by":"The Guardian","ascension_level":0}}