{"host":"vrsxkkch9ccrec7k","time":1611559595,"event":{"mods":["Act Like it!","BaseMod","Bestiary","Better Altar","Better Match","Better Note","Better Sensory Stone","Better Skull","Better Third Choice","Better Vampires","Downfall","Minty Spire (QoL Compilation)","Permanent Neow","Relic Stats","Spicy Shops","StSLib"],"gold_per_floor":[99,119,132,132,132,161,161,161,175,175,208,36,36,36,47,152,152,152,169,186,204,204,37,37,37,72,88,106,6,25,25,42,140,140,140,157,169,222,1,1,1,11,27,27,40,40,60,160,173,173],"floor_reached":51,"language":"ENG","playtime":4622,"items_purged":[],"score":1024,"play_id":"8efe87ed-a6da-4cee-b72a-abf4a389fc3d","local_time":"20210125022635","is_ascension_mode":true,"campfire_choices":[{"data":"champ:Execute","floor":1,"key":"SMITH"},{"floor":10,"key":"REST"},{"data":"champ:Taunt","floor":13,"key":"SMITH"},{"data":"champ:Duel","floor":18,"key":"SMITH"},{"data":"champ:EnchantCrown","floor":29,"key":"SMITH"},{"floor":35,"key":"RECALL"},{"data":"champ:ShieldWall","floor":40,"key":"SMITH"},{"data":"champ:LastStand","floor":44,"key":"PURGE"},{"data":"champ:FocusedDefense","floor":46,"key":"SMITH"}],"circlet_count":0,"master_deck":["champ:Defend","champ:Defend","champ:Defend","champ:Defend","champ:Execute+1","champ:Taunt+1","champ:DefensiveStyle","champ:BringItOn","champ:Duel+1","champ:CheapShot","champ:Parry","champ:DefensiveStyle","champ:EnGarde","champ:FocusedDefense+1","champ:Backstep+1","champ:ShieldSlam+1","champ:CrookedStrike","champ:EnchantCrown+1","champ:StanceDance","champ:ShieldWall+1","champ:DefensiveShout+1","champ:MurderStrike","champ:DefensiveShout+1","champ:Circumvent+1"],"relics":["champ:ChampionCrown","HornCleat","Incense Burner","sneckomod:BlankCard","Guardian:BottledAnomaly","Busted Crown","Toxic Egg 2","Peace Pipe","downfall:HeartBlessingGreen","Letter Opener","Coffee Dripper","Calipers","Boot"],"acts_visited":["Exordium","TheCity","TheBeyond"],"potions_floor_usage":[26,30,33,38,50],"damage_taken":[{"damage":15,"enemies":"Jaw Worm","floor":2,"turns":6},{"damage":13,"enemies":"Small Slimes","floor":3,"turns":5},{"damage":85,"enemies":"Gremlin Nob","floor":6,"turns":6},{"damage":1,"enemies":"Cultist","floor":9,"turns":4},{"damage":43,"enemies":"Lagavulin","floor":11,"turns":7},{"damage":10,"enemies":"downfall:FleeingMerchant","floor":12,"turns":5},{"damage":0,"enemies":"Large Slime","floor":15,"turns":6},{"damage":25,"enemies":"IC_STATUS_ARCHETYPE","floor":16,"turns":10},{"damage":0,"enemies":"Spheric Guardian","floor":19,"turns":3},{"damage":13,"enemies":"Chosen","floor":20,"turns":4},{"damage":10,"enemies":"Snake Plant","floor":21,"turns":4},{"damage":20,"enemies":"downfall:FleeingMerchant","floor":23,"turns":5},{"damage":76,"enemies":"Gremlin Leader","floor":26,"turns":13},{"damage":10,"enemies":"Shelled Parasite and Fungi","floor":27,"turns":4},{"damage":11,"enemies":"Centurion and Healer","floor":28,"turns":8},{"damage":0,"enemies":"Chosen and Byrds","floor":30,"turns":4},{"damage":2,"enemies":"Snake Plant","floor":32,"turns":2},{"damage":5,"enemies":"SI_MIRROR_ARCHETYPE","floor":33,"turns":10},{"damage":25,"enemies":"3 Darklings","floor":36,"turns":6},{"damage":0,"enemies":"Orb Walker","floor":37,"turns":4},{"damage":37,"enemies":"2 Orb Walkers","floor":38,"turns":5},{"damage":25,"enemies":"downfall:FleeingMerchant","floor":39,"turns":5},{"damage":10,"enemies":"Transient","floor":42,"turns":5},{"damage":15,"enemies":"3 Darklings","floor":43,"turns":4},{"damage":10,"enemies":"Sphere and 2 Shapes","floor":45,"turns":5},{"damage":1,"enemies":"4 Shapes","floor":47,"turns":8},{"damage":10,"enemies":"4 Shapes","floor":48,"turns":4},{"damage":10,"enemies":"Spire Growth","floor":49,"turns":5},{"damage":20,"enemies":"DF_ARCHETYPE_ORBS","floor":50,"turns":10}],"seed_played":"5130040272651933350","potions_obtained":[{"floor":6,"key":"champ:TechniquePotion"},{"floor":9,"key":"FairyPotion"},{"floor":16,"key":"SpeedPotion"},{"floor":27,"key":"Weak Potion"},{"floor":28,"key":"hexamod:SoulburnPotion"},{"floor":30,"key":"Energy Potion"},{"floor":33,"key":"SpeedPotion"},{"floor":42,"key":"PowerPotion"}],"is_trial":false,"path_per_floor":["R","M","M","?","?","E","T","?","M","R","E","$","R","?","M","B",null,"R","M","M","M","?","$","T","?","E","M","M","R","M","T","M","B",null,"R","M","M","?","$","R","T","M","M","R","M","R","M","?","M","B",null],"character_chosen":"THE_CHAMP","items_purchased":["Guardian:BottledAnomaly","champ:ShieldWall","champ:Circumvent+1","Boot","champ:OpenerPotion"],"campfire_rested":1,"item_purchase_floors":[12,23,39,39,39],"current_hp_per_floor":[81,81,78,88,88,23,23,23,22,52,44,44,44,44,44,39,85,85,85,97,97,97,97,97,97,81,81,90,90,90,90,100,95,99,99,99,99,87,87,87,87,87,87,87,87,87,96,96,91,91],"gold":173,"neow_bonus":"REMOVE_CARD","is_daily":false,"chose_seed":false,"campfire_upgraded":6,"win_rate":0.0,"timestamp":1611559595,"path_taken":["R","M","M","?","?","E","T","?","?","R","E","$","R","?","M","BOSS","R","M","M","M","?","$","T","?","E","M","M","R","M","?","M","BOSS","R","M","M","?","$","R","T","M","M","R","M","R","M","?","M","BOSS"],"items_purchased_type":["Relic","Card","Card","Relic","Potion"],"build_version":"2020-12-22","purchased_purges":0,"victory":true,"max_hp_per_floor":[90,90,90,100,100,100,100,100,100,100,100,100,100,100,100,100,100,100,100,100,100,100,100,100,100,100,100,100,100,100,100,100,100,100,100,100,100,100,100,100,100,100,100,100,100,100,100,100,100,100],"relic_stats":{"Peace Pipe":1,"Busted Crown":40,"counters":[29,167],"Letter Opener":[331],"Boot":[3],"obtain_stats":[{"Calipers":38,"sneckomod:BlankCard":11,"champ:ChampionCrown":0,"downfall:HeartBlessingGreen":29,"Incense Burner":7,"Letter Opener":31,"Boot":39,"Peace Pipe":26,"HornCleat":6,"Busted Crown":17,"Coffee Dripper":34,"Guardian:BottledAnomaly":12,"Toxic Egg 2":24},{"Calipers":21,"sneckomod:BlankCard":5,"champ:ChampionCrown":0,"downfall:HeartBlessingGreen":15,"Incense Burner":3,"Letter Opener":16,"Boot":22,"Peace Pipe":13,"HornCleat":3,"Busted Crown":8,"Coffee Dripper":18,"Guardian:BottledAnomaly":6,"Toxic Egg 2":12},{"Calipers":121,"sneckomod:BlankCard":28,"champ:ChampionCrown":0,"downfall:HeartBlessingGreen":90,"Incense Burner":17,"Letter Opener":94,"Boot":126,"Peace Pipe":78,"HornCleat":17,"Busted Crown":49,"Coffee Dripper":106,"Guardian:BottledAnomaly":33,"Toxic Egg 2":65}]},"card_choices":[{"not_picked":["champ:RapidStrikes","champ:Circumvent"],"picked":"champ:DefensiveStyle","floor":2},{"not_picked":["champ:PerfectedStrike","champ:PreciseThrust"],"picked":"champ:BringItOn","floor":3},{"not_picked":["champ:ShieldSigil","champ:EnchantShield"],"picked":"champ:Duel","floor":6},{"not_picked":["champ:BerserkersShout","champ:RecklessLeap","champ:FanOfKnives"],"picked":"SKIP","floor":9},{"not_picked":["champ:BladeFlurry","champ:CrownThrow"],"picked":"champ:DefensiveStyle","floor":11},{"not_picked":["champ:BladeFlurry","champ:FanOfKnives"],"picked":"champ:EnGarde","floor":12},{"not_picked":["champ:AdrenalArmor","champ:BerserkersShout"],"picked":"champ:FocusedDefense","floor":15},{"not_picked":["champ:SteelEdge","champ:VampiricStrike"],"picked":"champ:LastStand","floor":16},{"not_picked":[],"picked":"champ:Backstep+1","floor":19},{"not_picked":[],"picked":"champ:ShieldSlam+1","floor":20},{"not_picked":["champ:TornadoPunch"],"picked":"SKIP","floor":21},{"not_picked":[],"picked":"champ:StanceDance","floor":23},{"not_picked":["champ:BringItOn+1"],"picked":"SKIP","floor":26},{"not_picked":[],"picked":"champ:DefensiveShout+1","floor":27},{"not_picked":["champ:GutPunch+1"],"picked":"SKIP","floor":28},{"not_picked":["champ:RapidStrikes"],"picked":"SKIP","floor":30},{"not_picked":["champ:StrikeOfGenius"],"picked":"SKIP","floor":32},{"not_picked":[],"picked":"champ:MurderStrike","floor":33},{"not_picked":[],"picked":"champ:DefensiveShout+1","floor":36},{"not_picked":["champ:AdrenalArmor+1"],"picked":"SKIP","floor":37},{"not_picked":["champ:GutPunch"],"picked":"SKIP","floor":39},{"not_picked":["champ:FlashCut"],"picked":"SKIP","floor":42},{"not_picked":["champ:GutPunch"],"picked":"SKIP","floor":43},{"not_picked":["champ:DefensiveShout+1"],"picked":"SKIP","floor":45},{"not_picked":["champ:BringItOn+1"],"picked":"SKIP","floor":47},{"not_picked":["champ:CrownThrow+1"],"picked":"SKIP","floor":49}],"player_experience":1724923,"relics_obtained":[{"floor":6,"key":"HornCleat"},{"floor":7,"key":"Incense Burner"},{"floor":11,"key":"sneckomod:BlankCard"},{"floor":24,"key":"Toxic Egg 2"},{"floor":26,"key":"Peace Pipe"},{"floor":31,"key":"Letter Opener"},{"floor":38,"key":"Calipers"}],"event_choices":[{"cards_removed":["champ:Strike"],"damage_healed":0,"gold_gain":0,"player_choice":"Card Removal","damage_taken":0,"max_hp_gain":0,"max_hp_loss":0,"event_name":"The Cleric","floor":14,"gold_loss":0},{"damage_healed":0,"gold_gain":0,"cards_transformed":["champ:Strike","champ:Strike"],"player_choice":"Became Test Subject","damage_taken":0,"max_hp_gain":0,"max_hp_loss":0,"event_name":"Drug Dealer","floor":22,"gold_loss":0,"cards_obtained":["champ:CrookedStrike","champ:EnchantCrown"]},{"damage_healed":0,"gold_gain":0,"player_choice":"Ignored","damage_taken":0,"max_hp_gain":0,"max_hp_loss":0,"event_name":"Vampires","floor":25,"gold_loss":0},{"damage_healed":0,"gold_gain":0,"player_choice":"Fight","damage_taken":0,"max_hp_gain":0,"max_hp_loss":0,"event_name":"Mysterious Sphere","floor":38,"gold_loss":0}],"is_beta":false,"boss_relics":[{"not_picked":["SacredBark","Tiny House"],"picked":"Busted Crown"},{"not_picked":["Runic Pyramid","bronze:MakeshiftBattery"],"picked":"Coffee Dripper"}],"items_purged_floors":[],"is_endless":false,"potions_floor_spawned":[6,9,16,19,27,28,30,33,37,42,43,45,48],"ascension_level":9}}