{"host":"edc6wmn2qug8wnvl","time":1611556976,"event":{"mods":["AchievementEnabler","BaseMod","Colored Map","Colored Powertips","Minty Spire (QoL Compilation)","StSLib"],"gold_per_floor":[118,118,118,145,161,196,270,270,270,270,295,320,334,509,509,637,637,661,171,195,6,6,6,6,6,6,18,30,60,85,110,122,258,270,305,317,349,361,392,404,416,416],"floor_reached":41,"language":"ENG","playtime":2544,"items_purged":[],"score":541,"play_id":"ed2dd8c1-7b81-4e6b-a0e1-76629283596c","local_time":"20210124224256","is_ascension_mode":false,"campfire_choices":[{"floor":8,"key":"REST"},{"floor":10,"key":"REST"},{"floor":15,"key":"REST"},{"floor":23,"key":"REST"},{"floor":25,"key":"REST"},{"data":"Enlightenment","floor":27,"key":"SMITH"},{"floor":32,"key":"REST"},{"floor":40,"key":"REST"}],"circlet_count":0,"master_deck":["Strike_B","Strike_B","Strike_B","Strike_B","Defend_B","Defend_B","Defend_B","Defend_B","Zap","Dualcast","Streamline","White Noise","Rip and Tear","Doom and Gloom","FTL","Melter","Rip and Tear","Reboot","CurseOfTheBell","Darkness","Steam Power","Doom and Gloom","Thinking Ahead","Apotheosis","Enlightenment+1","Double Energy","Darkness","Stack","Buffer","Parasite","Pain","Decay","Hologram","Double Energy+1","Parasite","Skim+1"],"relics":["Cracked Core","NeowsBlessing","Ancient Tea Set","Golden Idol","Centennial Puzzle","Ginger","FossilizedHelix","Incense Burner","Calling Bell","Oddly Smooth Stone","Ornamental Fan","Peace Pipe","Membership Card","White Beast Statue","Mummified Hand","MawBank","Astrolabe","Sundial"],"acts_visited":["Exordium","TheCity","TheBeyond"],"potions_floor_usage":[7,11,20,20,29,31,33,39,41],"damage_taken":[{"damage":0,"enemies":"2 Louse","floor":1,"turns":1},{"damage":0,"enemies":"Jaw Worm","floor":5,"turns":1},{"damage":0,"enemies":"3 Sentries","floor":6,"turns":1},{"damage":40,"enemies":"3 Sentries","floor":7,"turns":6},{"damage":0,"enemies":"Small Slimes","floor":11,"turns":2},{"damage":0,"enemies":"Exordium Wildlife","floor":12,"turns":3},{"damage":8,"enemies":"Large Slime","floor":13,"turns":5},{"damage":12,"enemies":"Hexaghost","floor":16,"turns":9},{"damage":28,"enemies":"3 Byrds","floor":18,"turns":6},{"damage":28,"enemies":"Spheric Guardian","floor":20,"turns":5},{"damage":13,"enemies":"Shelled Parasite and Fungi","floor":29,"turns":5},{"damage":2,"enemies":"Chosen and Byrds","floor":30,"turns":4},{"damage":8,"enemies":"3 Cultists","floor":31,"turns":4},{"damage":65,"enemies":"Champ","floor":33,"turns":11},{"damage":29,"enemies":"Orb Walker","floor":35,"turns":5},{"damage":25,"enemies":"3 Shapes","floor":37,"turns":5},{"damage":35,"enemies":"Writhing Mass","floor":39,"turns":6},{"damage":45,"enemies":"3 Darklings","floor":41,"turns":7}],"seed_played":"7164954581977092930","potions_obtained":[{"floor":5,"key":"Strength Potion"},{"floor":7,"key":"Fruit Juice"},{"floor":16,"key":"SpeedPotion"},{"floor":18,"key":"SkillPotion"},{"floor":20,"key":"Explosive Potion"},{"floor":29,"key":"SpeedPotion"},{"floor":30,"key":"DistilledChaos"},{"floor":31,"key":"LiquidMemories"},{"floor":33,"key":"SpeedPotion"},{"floor":35,"key":"Weak Potion"},{"floor":37,"key":"LiquidBronze"},{"floor":38,"key":"Block Potion"},{"floor":38,"key":"ColorlessPotion"},{"floor":39,"key":"ColorlessPotion"}],"is_trial":false,"path_per_floor":["M","?","?","T","M","E","?","R","T","R","M","M","M","?","R","B",null,"M","$","M","$","?","R","?","R","T","R","?","M","M","M","R","B",null,"M","?","M","?","M","R","M"],"character_chosen":"DEFECT","items_purchased":["Membership Card","EssenceOfDarkness","White Beast Statue","Steam Power","Doom and Gloom","Thinking Ahead","FairyPotion","Apotheosis","Enlightenment"],"campfire_rested":7,"item_purchase_floors":[19,19,19,19,19,19,21,21,21],"current_hp_per_floor":[75,63,63,63,63,63,23,45,45,67,72,72,64,64,80,68,80,52,52,24,24,24,48,48,72,72,72,72,59,57,49,73,8,80,51,51,26,26,17,41,0,0],"gold":416,"neow_bonus":"THREE_ENEMY_KILL","is_daily":false,"chose_seed":false,"campfire_upgraded":1,"win_rate":0.0,"timestamp":1611556976,"path_taken":["M","?","?","?","M","E","?","R","T","R","M","?","M","?","R","BOSS","M","$","M","$","?","R","?","R","T","R","?","M","M","M","R","BOSS","M","?","?","?","M","R","?"],"items_purchased_type":["Relic","Potion","Relic","Card","Card","Card","Potion","Card","Card"],"build_version":"2020-12-22","purchased_purges":0,"victory":false,"max_hp_per_floor":[75,75,75,75,75,75,75,75,75,75,80,80,80,80,80,80,80,80,80,80,80,80,80,80,80,80,80,80,80,80,80,80,80,80,80,80,80,80,80,80,80,80],"card_choices":[{"not_picked":["Rebound","Rip and Tear"],"picked":"Streamline","floor":1},{"not_picked":["Gash","Force Field"],"picked":"White Noise","floor":5},{"not_picked":["Storm","Lockon"],"picked":"Rip and Tear","floor":6},{"not_picked":["Genetic Algorithm","Redo"],"picked":"Doom and Gloom","floor":7},{"not_picked":["Go for the Eyes","Barrage"],"picked":"FTL","floor":11},{"not_picked":["Machine Learning","Steam"],"picked":"Melter","floor":12},{"not_picked":["Rebound","Gash"],"picked":"Rip and Tear","floor":13},{"not_picked":["Amplify","Thunder Strike"],"picked":"Reboot","floor":16},{"not_picked":["Streamline","Redo"],"picked":"Darkness","floor":18},{"not_picked":["Streamline","Heatsinks","Compile Driver"],"picked":"SKIP","floor":20},{"not_picked":["Sweeping Beam","Gash+1"],"picked":"Double Energy","floor":29},{"not_picked":["Beam Cell","Go for the Eyes"],"picked":"Darkness","floor":30},{"not_picked":["Force Field+1","Redo"],"picked":"Stack","floor":31},{"not_picked":["Electrodynamics","Amplify"],"picked":"Buffer","floor":33},{"not_picked":["Beam Cell+1","Cold Snap"],"picked":"Hologram","floor":35},{"not_picked":["Sweeping Beam","Darkness"],"picked":"Double Energy+1","floor":37},{"not_picked":["Streamline","Rebound"],"picked":"Skim+1","floor":39}],"player_experience":24244,"relics_obtained":[{"floor":4,"key":"Centennial Puzzle"},{"floor":6,"key":"Ginger"},{"floor":7,"key":"FossilizedHelix"},{"floor":9,"key":"Incense Burner"},{"floor":17,"key":"Oddly Smooth Stone"},{"floor":17,"key":"Ornamental Fan"},{"floor":17,"key":"Peace Pipe"},{"floor":26,"key":"MawBank"},{"floor":36,"key":"Sundial"}],"event_choices":[{"damage_healed":0,"gold_gain":0,"player_choice":"Success","damage_taken":12,"relics_obtained":["Ancient Tea Set"],"max_hp_gain":0,"max_hp_loss":0,"event_name":"Scrap Ooze","floor":2,"gold_loss":0},{"damage_healed":0,"gold_gain":0,"player_choice":"Take Wound","damage_taken":0,"relics_obtained":["Golden Idol"],"max_hp_gain":0,"max_hp_loss":0,"event_name":"Golden Idol","floor":3,"gold_loss":0,"cards_obtained":["Injury"]},{"damage_healed":0,"gold_gain":0,"player_choice":"Searched \u00271\u0027 times","damage_taken":0,"max_hp_gain":0,"max_hp_loss":0,"event_name":"Dead Adventurer","floor":7,"gold_loss":0},{"damage_healed":0,"gold_gain":175,"player_choice":"AGREE","damage_taken":0,"max_hp_gain":0,"max_hp_loss":0,"event_name":"Liars Game","floor":14,"gold_loss":0,"cards_obtained":["Doubt"]},{"damage_healed":0,"gold_gain":0,"player_choice":"Ignored","damage_taken":0,"max_hp_gain":0,"max_hp_loss":0,"event_name":"Vampires","floor":22,"gold_loss":0},{"damage_healed":0,"gold_gain":0,"player_choice":"Opened","damage_taken":0,"relics_obtained":["Mummified Hand"],"max_hp_gain":0,"max_hp_loss":0,"event_name":"The Mausoleum","floor":24,"gold_loss":0,"cards_obtained":["Writhe"]},{"damage_healed":0,"gold_gain":0,"player_choice":"Ignored","damage_taken":0,"max_hp_gain":0,"max_hp_loss":0,"event_name":"Ghosts","floor":28,"gold_loss":0},{"damage_healed":0,"gold_gain":0,"player_choice":"Relic","damage_taken":0,"max_hp_gain":0,"max_hp_loss":0,"event_name":"Wheel of Change","floor":36,"gold_loss":0},{"damage_healed":0,"gold_gain":0,"player_choice":"Got Potions","damage_taken":0,"max_hp_gain":0,"max_hp_loss":0,"event_name":"Lab","floor":38,"gold_loss":0}],"is_beta":false,"boss_relics":[{"not_picked":["Inserter","SlaversCollar"],"picked":"Calling Bell"},{"not_picked":["Sozu","Velvet Choker"],"picked":"Astrolabe"}],"items_purged_floors":[],"is_endless":false,"potions_floor_spawned":[5,7,16,18,20,29,30,31,33,35,37,39],"killed_by":"3 Darklings","ascension_level":0}}