{"host":"j2hc7f20mihqnih6","time":1611587628,"event":{"mods":["AchievementEnabler","BaseMod","Downfall","Lobotomy","LobotomyExtend","Marisa£®ÏF”Í°°ƒß¿Ì…≥£©","Minty Spire (QoL Compilation)","Quick Restart","READ ME - Guardian Mod","Replay The Spire","Shop Mod","StSLib","The Jungle","The Servant 0.9.4","°æ“≈ŒÔø®≈∆°øREMEMod"],"gold_per_floor":[99,99,99,99,99,99,99,131,147,78,89,89,89,107,117,117,27,41,116,116,148,133,146,172,72,101,114,114,114,114],"floor_reached":16,"language":"ZHS","playtime":1518,"items_purged":["Guardian:Defend_Guardian"],"score":124,"play_id":"dc6a3f5c-a0df-4c3f-9e01-fc3b42ae9d4b","local_time":"20210125231348","is_ascension_mode":false,"campfire_choices":[{"floor":1.0,"key":"RECALL"},{"data":"Guardian:BodySlam","floor":12.0,"key":"SMITH"},{"data":"Guardian:HyperBeam_Guardian","floor":1.0,"key":"SMITH"},{"data":"Guardian:HyperBeam_Guardian","floor":13.0,"key":"SMITH"}],"circlet_count":0,"master_deck":["Guardian:Strike_Guardian","Guardian:Strike_Guardian","Guardian:Strike_Guardian","Guardian:Defend_Guardian","Guardian:Defend_Guardian","Guardian:CurlUp","Guardian:TwinSlam","REME_Shoggoth","Guardian:PrimingBeam","Guardian:WalkerClaw","Guardian:Planning","Guardian:TemporalShield","Guardian:HyperBeam_Guardian+1","Guardian:TimeCapacitor","Guardian:TimeCapacitor","Guardian:BodySlam+1","Guardian:Incinerate","Guardian:HyperBeam_Guardian+1","Guardian:Incinerate","Guardian:Emergency+1","Guardian:CrystalBeam","ReplayTheSpireMod:Splinters","Guardian:SentryBeam"],"relics":["Guardian:ModeShifter","REME_ComplimentaryCards","downfall:HeartsMalice","Mercury Hourglass","Replay:Wax Seal","LetterFromLob","Guardian:PickAxe","Golden Egg","Blue Candle","Toy Ornithopter","Bottled Tornado","downfall:HeartBlessingGreen","WingedGreaves"],"acts_visited":["Exordium"],"potions_floor_usage":[15,16,16,16,16,16],"damage_taken":[{"damage":0.0,"enemies":"Jaw Worm","floor":2.0,"turns":1.0},{"damage":0.0,"enemies":"2 Louse","floor":3.0,"turns":1.0},{"damage":0.0,"enemies":"Small Slimes","floor":6.0,"turns":1.0},{"damage":17.0,"enemies":"3 Sentries","floor":8.0,"turns":7.0},{"damage":9.0,"enemies":"2 Fungi Beasts","floor":9.0,"turns":3.0},{"damage":0.0,"enemies":"downfall:FleeingMerchant","floor":10.0,"turns":4.0},{"damage":11.0,"enemies":"Exordium Wildlife","floor":11.0,"turns":2.0},{"damage":6.0,"enemies":"Jaw Worm","floor":2.0,"turns":2.0},{"damage":0.0,"enemies":"Cultist","floor":3.0,"turns":3.0},{"damage":0.0,"enemies":"Cultist","floor":4.0,"turns":1.0},{"damage":10.0,"enemies":"downfall:FleeingMerchant","floor":5.0,"turns":4.0},{"damage":0.0,"enemies":"Small Slimes","floor":6.0,"turns":1.0},{"damage":18.0,"enemies":"3 Sentries","floor":9.0,"turns":3.0},{"damage":20.0,"enemies":"downfall:FleeingMerchant","floor":10.0,"turns":4.0},{"damage":0.0,"enemies":"Exordium Thugs","floor":11.0,"turns":1.0},{"damage":14.0,"enemies":"Gremlin Nob","floor":12.0,"turns":4.0},{"damage":1,"enemies":"3 Louse","floor":15,"turns":3},{"damage":48,"enemies":"DF_ARCHETYPE_CLAW","floor":16,"turns":6}],"seed_played":"-2092790096405249412","potions_obtained":[{"floor":9.0,"key":"Fire Potion"},{"floor":3.0,"key":"Guardian:BlockOnCardUsePotion"},{"floor":6.0,"key":"Flashbang"},{"floor":11.0,"key":"Dexterity Potion"},{"floor":12.0,"key":"EntropicBrew"}],"is_trial":false,"path_per_floor":["R","M","M","?","?","M","T","E","M","$","M","R","M","R","M","M","?","$","M","T","?","E","$","M","E","R","?","M","B"],"character_chosen":"GUARDIAN","items_purchased":["Guardian:TimeCapacitor"],"campfire_rested":0,"item_purchase_floors":[10],"current_hp_per_floor":[80,80,80,80,80,80,80,63,54,54,43,43,80,74,74,74,64,64,64,59,41,21,26,12,12,12,16,0,0,0],"gold":114,"neow_bonus":"THREE_ENEMY_KILL","is_daily":false,"chose_seed":false,"campfire_upgraded":3,"win_rate":0.0,"timestamp":1611587628,"path_taken":["R","M","M","?","?","M","T","E","M","?","M","R","M","R","M","M","?","$","M","T","?","E","?","?","E","R","?","M","BOSS"],"items_purchased_type":["Card"],"build_version":"2020-12-22","purchased_purges":1,"victory":false,"max_hp_per_floor":[80,80,80,80,80,80,80,80,80,80,80,80,80,80,80,80,80,80,80,80,80,80,80,80,80,80,80,80,80,80],"card_choices":[{"not_picked":["Guardian:Planning","Guardian:PiercingHide"],"picked":"Guardian:PrimingBeam","floor":2.0},{"not_picked":["Guardian:VentSteam","Guardian:TemporalStrike"],"picked":"Guardian:WalkerClaw","floor":3.0},{"not_picked":["Guardian:WalkerClaw","Guardian:DecasProtection"],"picked":"Guardian:Planning","floor":6.0},{"not_picked":["Guardian:RollAttack","Guardian:Gem_Blue"],"picked":"Guardian:TemporalShield","floor":8.0},{"not_picked":["Guardian:FloatingOrbs","Guardian:SentryBeam"],"picked":"Guardian:HyperBeam_Guardian","floor":9.0},{"not_picked":["Guardian:SpikerProtocol","Guardian:Recover","Guardian:Clone"],"picked":"SKIP","floor":10.0},{"not_picked":["Guardian:PiercingHide","Guardian:TemporalStrike"],"picked":"Guardian:BodySlam","floor":11.0},{"not_picked":["Guardian:BronzeArmor","Guardian:Clone"],"picked":"Guardian:Incinerate","floor":2.0},{"not_picked":["Guardian:ShieldCharger","Guardian:DonusPower","Guardian:Gem_Green"],"picked":"SKIP","floor":3.0},{"not_picked":["Guardian:RollAttack","Guardian:PiercingHide"],"picked":"Guardian:HyperBeam_Guardian","floor":5.0},{"not_picked":["Guardian:ArmoredProtocol","Guardian:Harden"],"picked":"Guardian:Incinerate","floor":6.0},{"not_picked":["Guardian:Gem_White","Guardian:MultiBeam","Guardian:BodySlam"],"picked":"SKIP","floor":9.0},{"not_picked":["Guardian:Gem_Purple","Guardian:Gem_Green"],"picked":"Guardian:Emergency","floor":10.0},{"not_picked":["Guardian:Gem_Lightblue","Guardian:Reroute"],"picked":"Guardian:Gem_White","floor":11.0},{"not_picked":["Guardian:PrismaticBeam","Guardian:RefractedBeam"],"picked":"Guardian:CrystalBeam","floor":12.0},{"not_picked":["Guardian:EvasiveProtocol","Guardian:VentSteam"],"picked":"Guardian:SentryBeam","floor":14.0},{"not_picked":["Guardian:Planning","Guardian:Gem_Cyan","Guardian:RollAttack"],"picked":"SKIP","floor":15}],"player_experience":178156,"relics_obtained":[{"floor":2.0,"key":"LetterFromLob"},{"floor":7.0,"key":"Mercury Hourglass"},{"floor":8.0,"key":"Replay:Wax Seal"},{"floor":2.0,"key":"LetterFromLob"},{"floor":7.0,"key":"Golden Egg"},{"floor":9.0,"key":"Toy Ornithopter"},{"floor":12.0,"key":"Bottled Tornado"},{"floor":14.0,"key":"WingedGreaves"}],"event_choices":[{"cards_removed":["Guardian:Defend_Guardian"],"damage_healed":0.0,"max_hp_gain":0.0,"max_hp_loss":0.0,"gold_gain":0.0,"event_name":"The Cleric","player_choice":"Card Removal","floor":5.0,"gold_loss":0.0,"damage_taken":0.0}],"is_beta":false,"boss_relics":[],"items_purged_floors":[5],"is_endless":false,"potions_floor_spawned":[9,3,6,11,12],"killed_by":"DF_ARCHETYPE_CLAW","ascension_level":0}}