{"host":"0mk07bycsqo1qk03","time":1611563419,"event":{"mods":["BaseMod","Downfall","Hermit","Hubris","Minty Spire (QoL Compilation)","StSLib","The Cursed"],"gold_per_floor":[109,127,138,138,288,288,318,333,379,379,405,405,120,131,131,204,254,266,191,206,306,306,306,23,23,23,23,55,115,41,41,41],"floor_reached":31,"language":"ENG","playtime":871,"items_purged":[],"score":697,"play_id":"e4c3d65f-3254-449c-a122-fc92892faf7c","local_time":"20210125093019","is_ascension_mode":true,"campfire_choices":[{"data":"Wild Strike","floor":6,"key":"SMITH"},{"data":"Fire Breathing","floor":10,"key":"SMITH"},{"data":"Clothesline","floor":12,"key":"SMITH"},{"data":"Bash","floor":15,"key":"SMITH"},{"data":"Doubt","floor":23,"key":"PURGE"},{"data":"downfall:Haunted","floor":25,"key":"PURGE"}],"circlet_count":0,"master_deck":["AscendersBane","Strike_R","Strike_R","Strike_R","Defend_R+1","Defend_R","Defend_R","Defend_R","Bash+1","Fire Breathing+1","Clothesline+1","Wild Strike+1","Reaper","Shrug It Off","Bludgeon","Headbutt+1","Armaments","Power Through","hubris:NaturalOne","CurseOfTheBell","CurseOfTheBell","hubris:Greed","hubris:Greed","Juggernaut","Body Slam","Iron Wave+1","Searing Blow","hubris:Greed","Offering","hubris:Greed","hubris:Greed","Ghostly Armor"],"relics":["Burning Blood","Bag of Marbles","hubris:Icosahedron","Juzu Bracelet","Akabeko","hubris:OldNail","InkBottle","Tiny House","downfall:ExtraCursedBell","Regal Pillow","Darkstone Periapt","Peace Pipe","hubris:BottledRain","Whetstone","Matryoshka"],"acts_visited":["Exordium","TheCity"],"potions_floor_usage":[16,29,31],"damage_taken":[{"damage":2,"enemies":"Cultist","floor":1,"turns":4},{"damage":0,"enemies":"2 Louse","floor":2,"turns":4},{"damage":7,"enemies":"Small Slimes","floor":3,"turns":4},{"damage":38,"enemies":"Lagavulin","floor":7,"turns":7},{"damage":8,"enemies":"Looter","floor":8,"turns":3},{"damage":17,"enemies":"3 Sentries","floor":11,"turns":4},{"damage":9,"enemies":"Exordium Wildlife","floor":14,"turns":4},{"damage":41,"enemies":"The Guardian","floor":16,"turns":12},{"damage":25,"enemies":"Spheric Guardian","floor":18,"turns":4},{"damage":12,"enemies":"Chosen","floor":20,"turns":7},{"damage":23,"enemies":"Sentry and Sphere","floor":28,"turns":4},{"damage":47,"enemies":"Book of Stabbing","floor":29,"turns":6},{"damage":43,"enemies":"Slavers","floor":31,"turns":2}],"seed_played":"2373102880060827201","potions_obtained":[{"floor":1,"key":"LiquidBronze"},{"floor":3,"key":"LiquidBronze"},{"floor":16,"key":"sneckomod:MuddlingPotion"},{"floor":17,"key":"hexamod:SoulburnPotion"}],"is_trial":false,"path_per_floor":["M","M","M","?","?","R","E","M","T","R","E","R","$","M","R","B",null,"M","$","M","?","?","R","$","R","T","?","M","E","$","E"],"character_chosen":"IRONCLAD","items_purchased":["InkBottle","Power Through","hubris:BottledRain","Ghostly Armor"],"campfire_rested":0,"item_purchase_floors":[13,19,24,30],"current_hp_per_floor":[72,75,74,74,74,74,43,45,45,45,64,64,64,61,61,29,69,61,61,55,78,78,78,78,78,78,78,67,38,38,0,0],"gold":41,"neow_bonus":"RANDOM_COMMON_RELIC","is_daily":false,"chose_seed":false,"campfire_upgraded":4,"win_rate":0.0,"timestamp":1611563419,"path_taken":["M","M","M","?","?","R","E","M","T","R","E","R","$","M","R","BOSS","M","$","M","?","?","R","?","R","T","?","M","E","$","E"],"items_purchased_type":["Relic","Card","Relic","Card"],"build_version":"2020-12-22","purchased_purges":0,"victory":false,"max_hp_per_floor":[75,75,75,75,75,75,75,75,75,75,75,75,75,75,75,75,80,80,80,80,103,103,103,103,103,103,103,109,121,121,121,121],"card_choices":[{"not_picked":["Battle Trance","Dual Wield"],"picked":"Fire Breathing","floor":1},{"not_picked":["Blood for Blood","Perfected Strike"],"picked":"Clothesline","floor":2},{"not_picked":["Clothesline","Feel No Pain"],"picked":"Wild Strike","floor":3},{"not_picked":["Battle Trance","Infernal Blade"],"picked":"Reaper","floor":7},{"not_picked":["Thunderclap","Warcry"],"picked":"Shrug It Off","floor":8},{"not_picked":["Heavy Blade","Clothesline","Perfected Strike"],"picked":"SKIP","floor":11},{"not_picked":["Clash","Flex","Heavy Blade"],"picked":"SKIP","floor":14},{"not_picked":["Double Tap","Reaper"],"picked":"Bludgeon","floor":16},{"not_picked":["Entrench","Sword Boomerang"],"picked":"Headbutt","floor":17},{"not_picked":["Clothesline","Iron Wave"],"picked":"Armaments","floor":18},{"not_picked":["Headbutt","Clothesline+1","Havoc"],"picked":"SKIP","floor":20},{"not_picked":["Anger+1","Whirlwind+1"],"picked":"Offering","floor":28},{"not_picked":["Cleave","Twin Strike","Clash+1"],"picked":"SKIP","floor":29}],"player_experience":963485,"relics_obtained":[{"floor":7,"key":"Juzu Bracelet"},{"floor":9,"key":"Akabeko"},{"floor":11,"key":"hubris:OldNail"},{"floor":21,"key":"Regal Pillow"},{"floor":21,"key":"Darkstone Periapt"},{"floor":21,"key":"Peace Pipe"},{"floor":26,"key":"Whetstone"},{"floor":29,"key":"Matryoshka"}],"event_choices":[{"damage_healed":0,"gold_gain":150,"player_choice":"AGREE","damage_taken":0,"max_hp_gain":0,"max_hp_loss":0,"event_name":"Liars Game","floor":5,"gold_loss":0,"cards_obtained":["Doubt"]},{"damage_healed":0,"gold_gain":0,"cards_transformed":["Strike_R","Strike_R"],"player_choice":"Became Test Subject","damage_taken":0,"max_hp_gain":0,"max_hp_loss":0,"event_name":"Drug Dealer","floor":22,"gold_loss":0,"cards_obtained":["Body Slam","Iron Wave"]},{"damage_healed":0,"gold_gain":0,"player_choice":"1 cards matched","damage_taken":0,"max_hp_gain":0,"max_hp_loss":0,"event_name":"Match and Keep!","floor":27,"gold_loss":0,"cards_obtained":["Searing Blow"]}],"is_beta":false,"boss_relics":[{"not_picked":["Velvet Choker","Pandora\u0027s Box"],"picked":"Tiny House"}],"items_purged_floors":[],"is_endless":false,"potions_floor_spawned":[1,3,16,18],"killed_by":"Slavers","ascension_level":20}}