{"host":"iqi2f1z1yw5mc6j3","time":1611538686,"event":{"mods":["BaseMod","Colored Powertips","Minty Spire (QoL Compilation)","Replay The Spire","StSLib"],"gold_per_floor":[119,134,145,157,157,193,13,13,84,124,74,74,99,123,177,177,177],"floor_reached":16,"language":"ENG","playtime":1115,"items_purged":["Defend_R"],"score":135,"play_id":"db840113-d6f2-40c0-8161-095ceda09a52","local_time":"20210124203806","is_ascension_mode":false,"campfire_choices":[{"data":"Armaments","floor":8,"key":"SMITH"}],"circlet_count":0,"master_deck":["Strike_R","Strike_R","Strike_R","Strike_R","Defend_R","Defend_R","Defend_R","Bash","Anger","Pommel Strike","Whirlwind","Armaments+1","Injury","Uppercut","Shrug It Off","Clash","Clothesline","Iron Wave"],"relics":["Burning Blood","Golden Idol","WingedGreaves","Pear","Bronze Scales","Strawberry","Blood Vial"],"acts_visited":["Exordium"],"potions_floor_usage":[6,10,16],"damage_taken":[{"damage":0,"enemies":"Small Slimes","floor":1,"turns":4},{"damage":8,"enemies":"Jaw Worm","floor":2,"turns":3},{"damage":5,"enemies":"2 Louse","floor":3,"turns":2},{"damage":2,"enemies":"Exordium Wildlife","floor":4,"turns":3},{"damage":25,"enemies":"3 Sentries","floor":6,"turns":6},{"damage":15,"enemies":"Gremlin Nob","floor":10,"turns":4},{"damage":14,"enemies":"Exordium Thugs","floor":13,"turns":4},{"damage":72,"enemies":"The Guardian","floor":16,"turns":10}],"seed_played":"712794710116080660","potions_obtained":[{"floor":2,"key":"Elixir"},{"floor":4,"key":"Block Potion"},{"floor":10,"key":"Dexterity Potion"}],"is_trial":false,"path_per_floor":["M","M","M","M","?","E","$","R","T","E","?","?","M","T","R","B"],"character_chosen":"IRONCLAD","items_purchased":["Shrug It Off","Clash"],"campfire_rested":0,"item_purchase_floors":[7,7],"current_hp_per_floor":[88,86,87,88,88,69,69,69,79,70,70,77,69,69,69,0,0],"gold":177,"neow_bonus":"TEN_PERCENT_HP_BONUS","is_daily":false,"chose_seed":false,"campfire_upgraded":1,"win_rate":0.0,"timestamp":1611538686,"path_taken":["M","M","M","M","?","E","$","R","T","E","?","?","?","?","R","BOSS"],"items_purchased_type":["Card","Card"],"build_version":"2020-12-22","purchased_purges":1,"victory":false,"max_hp_per_floor":[88,88,88,88,88,88,88,88,98,98,98,105,105,105,105,105,105],"card_choices":[{"not_picked":["Thunderclap","Pummel"],"picked":"Anger","floor":1},{"not_picked":["Searing Blow","Spot Weakness"],"picked":"Pommel Strike","floor":2},{"not_picked":["Dual Wield","ReplayTheSpireMod:Muscle Training"],"picked":"Whirlwind","floor":3},{"not_picked":["Warcry","Massacre"],"picked":"Armaments","floor":4},{"not_picked":["ReplayTheSpireMod:LeadingStrike","Abandon"],"picked":"Uppercut","floor":6},{"not_picked":["Carnage","Wild Strike"],"picked":"Clothesline","floor":10},{"not_picked":["Warcry","Hemogenesis"],"picked":"Iron Wave","floor":13}],"player_experience":53833,"relics_obtained":[{"floor":6,"key":"WingedGreaves"},{"floor":9,"key":"Pear"},{"floor":10,"key":"Bronze Scales"},{"floor":14,"key":"Blood Vial"}],"event_choices":[{"damage_healed":0,"gold_gain":0,"player_choice":"Take Wound","damage_taken":0,"relics_obtained":["Golden Idol"],"max_hp_gain":0,"max_hp_loss":0,"event_name":"Golden Idol","floor":5,"gold_loss":0,"cards_obtained":["Injury"]},{"cards_removed":["Strike_R"],"damage_healed":0,"gold_gain":0,"player_choice":"Card Removal","damage_taken":0,"max_hp_gain":0,"max_hp_loss":0,"event_name":"The Cleric","floor":11,"gold_loss":50},{"damage_healed":0,"gold_gain":0,"player_choice":"Searched \u00271\u0027 times","damage_taken":0,"relics_obtained":["Strawberry"],"max_hp_gain":0,"max_hp_loss":0,"event_name":"Dead Adventurer","floor":12,"gold_loss":0},{"damage_healed":0,"gold_gain":54,"player_choice":"Gained Gold","damage_taken":0,"max_hp_gain":0,"max_hp_loss":0,"event_name":"Golden Wing","floor":15,"gold_loss":0}],"is_beta":false,"boss_relics":[],"items_purged_floors":[7],"is_endless":false,"potions_floor_spawned":[2,4,10],"killed_by":"The Guardian","ascension_level":0}}