{"host":"zk71suw73lg2r165","time":1611600970,"event":{"mods":["BaseMod","Colored Map","Minty Spire (QoL Compilation)","Permanent Neow","Relic Stats","StSLib"],"gold_per_floor":[10,10,28,41,51,51,83,83,138,138,288,300,329,347,347,421,421,433,358,369,18,68,99,99,133,214,247,247,247,263,91,91,169,169,180,205,205,205,40,71,86,116,116,116,129,160,160,160,160,160,160,160],"floor_reached":51,"language":"ENG","playtime":2045,"items_purged":["Doubt"],"score":1723,"play_id":"e572b949-7a72-47de-a711-b25f5ea5d758","local_time":"20210125135610","is_ascension_mode":true,"campfire_choices":[{"floor":6,"key":"DIG"},{"floor":8,"key":"DIG"},{"floor":10,"key":"DIG"},{"floor":15,"key":"REST"},{"floor":24,"key":"DIG"},{"floor":32,"key":"DIG"},{"floor":44,"key":"RECALL"},{"floor":47,"key":"DIG"},{"floor":49,"key":"DIG"}],"circlet_count":0,"master_deck":["AscendersBane","Zap+1","Dualcast","Undo","Cold Snap","Go for the Eyes","BootSequence","Self Repair","Capacitor+1","Buffer+1","Electrodynamics+1","Tempest","Apotheosis","Loop+1","Barrage","Glacier","Ghostly","Ghostly","Ghostly","Loop+1","Echo Form+1","Glacier","Leap","Force Field","Hologram","Skim","Tempest","Static Discharge+1","Turbo+1","Madness","Madness","Defragment+1","Heatsinks+1","Double Energy"],"relics":["Cracked Core","Shovel","Cables","Blood Vial","Frozen Egg 2","Bronze Scales","Mercury Hourglass","Lantern","Fusion Hammer","Bag of Preparation","WingedGreaves","StrikeDummy","White Beast Statue","Sundial","MealTicket","OrangePellets","Pen Nib","Pandora\u0027s Box","Peace Pipe","DataDisk","Pocketwatch","Nunchaku","Boot","Symbiotic Virus","Turnip","Bottled Lightning"],"acts_visited":["Exordium","TheCity","TheBeyond"],"potions_floor_usage":[7,13,23,33,33,36,42,50],"damage_taken":[{"damage":0.0,"enemies":"2 Louse","floor":1.0,"turns":3.0},{"damage":0,"enemies":"Small Slimes","floor":3,"turns":3},{"damage":0,"enemies":"Jaw Worm","floor":4,"turns":3},{"damage":9,"enemies":"Looter","floor":5,"turns":3},{"damage":14,"enemies":"Lagavulin","floor":7,"turns":7},{"damage":24,"enemies":"Exordium Wildlife","floor":12,"turns":4},{"damage":14,"enemies":"Gremlin Nob","floor":13,"turns":4},{"damage":11,"enemies":"Exordium Thugs","floor":14,"turns":3},{"damage":11,"enemies":"The Guardian","floor":16,"turns":12},{"damage":0,"enemies":"3 Byrds","floor":18,"turns":2},{"damage":9,"enemies":"2 Thieves","floor":20,"turns":4},{"damage":0,"enemies":"Gremlin Leader","floor":23,"turns":5},{"damage":18,"enemies":"Book of Stabbing","floor":25,"turns":5},{"damage":11,"enemies":"Slavers","floor":27,"turns":2},{"damage":5,"enemies":"Cultist and Chosen","floor":30,"turns":5},{"damage":30,"enemies":"Automaton","floor":33,"turns":10},{"damage":0,"enemies":"Orb Walker","floor":35,"turns":4},{"damage":0,"enemies":"Mind Bloom Boss Battle","floor":36,"turns":6},{"damage":0,"enemies":"Giant Head","floor":40,"turns":10},{"damage":2,"enemies":"3 Shapes","floor":41,"turns":6},{"damage":3,"enemies":"Reptomancer","floor":42,"turns":5},{"damage":0,"enemies":"Jaw Worm Horde","floor":45,"turns":6},{"damage":0,"enemies":"Nemesis","floor":46,"turns":7},{"damage":7,"enemies":"Donu and Deca","floor":50,"turns":6},{"damage":47,"enemies":"Time Eater","floor":51,"turns":7}],"seed_played":"-1428126521088203168","potions_obtained":[{"floor":3,"key":"FearPotion"},{"floor":4,"key":"Fire Potion"},{"floor":7,"key":"EssenceOfSteel"},{"floor":20,"key":"Block Potion"},{"floor":27,"key":"Dexterity Potion"},{"floor":33,"key":"SkillPotion"},{"floor":35,"key":"SkillPotion"},{"floor":36,"key":"ColorlessPotion"},{"floor":41,"key":"LiquidBronze"},{"floor":42,"key":"LiquidBronze"},{"floor":46,"key":"ColorlessPotion"}],"is_trial":false,"path_per_floor":["M","?","M","M","M","R","E","R","T","R","?","M","E","M","R","B",null,"M","$","M","$","?","E","R","E","T","E","?","?","M","$","R","B",null,"M","?","T","?","$","E","M","E","T","R","M","E","R","?","R","B","B"],"character_chosen":"DEFECT","items_purchased":["Apotheosis","Bag of Preparation","OrangePellets","DataDisk"],"campfire_rested":1,"item_purchase_floors":[21,21,31,39],"current_hp_per_floor":[64,64,64,64,55,55,41,41,41,41,41,26,21,12,33,31,61,63,63,63,63,63,71,71,63,63,61,35,35,35,35,35,15,30,35,35,35,29,35,35,35,35,35,35,35,35,35,30,30,35,0,0],"gold":160,"neow_bonus":"ONE_RARE_RELIC","is_daily":false,"chose_seed":false,"campfire_upgraded":0,"win_rate":0.0,"timestamp":1611600970,"path_taken":["M","?","M","M","M","R","E","R","T","R","?","M","E","M","R","BOSS","M","$","M","$","?","E","R","E","T","E","?","?","M","$","R","BOSS","M","?","?","?","$","E","?","E","T","R","M","E","R","?","R","BOSS","BOSS"],"items_purchased_type":["Card","Relic","Relic","Relic"],"build_version":"2020-12-22","purchased_purges":1,"victory":false,"max_hp_per_floor":[71,71,71,71,71,71,71,71,71,71,71,71,71,71,71,71,71,71,71,71,71,71,71,71,71,71,71,35,35,35,35,35,35,35,35,35,35,35,35,35,35,35,35,35,35,35,35,35,35,35,35,35],"relic_stats":{"counters":[25,129],"Pen Nib":[4],"Bag of Preparation":[28],"Boot":[21],"Cables":[102,67,35,0,0],"Mercury Hourglass":[461],"Blood Vial":20,"Peace Pipe":0,"OrangePellets":[4],"Nunchaku":[1],"Shovel":7,"Sundial":[6],"Bronze Scales":[386],"MealTicket":6,"Pandora\u0027s Box":["Glacier","Leap","Force Field","Hologram","Skim","Tempest","Static Discharge"],"Turnip":[1],"obtain_stats":[{"Lantern":13,"Bag of Preparation":21,"Boot":43,"Blood Vial":7,"Nunchaku":42,"Shovel":0,"Sundial":26,"MealTicket":27,"Fusion Hammer":17,"WingedGreaves":23,"Cracked Core":0,"Pen Nib":32,"Frozen Egg 2":8,"White Beast Statue":25,"Cables":6,"Mercury Hourglass":10,"Peace Pipe":36,"OrangePellets":31,"DataDisk":39,"Bronze Scales":9,"Pandora\u0027s Box":34,"Turnip":47,"Bottled Lightning":49,"StrikeDummy":24,"Symbiotic Virus":46,"Pocketwatch":40},{"Lantern":7,"Bag of Preparation":11,"Boot":21,"Blood Vial":5,"Nunchaku":21,"Shovel":0,"Sundial":13,"MealTicket":14,"Fusion Hammer":9,"WingedGreaves":12,"Cracked Core":0,"Pen Nib":15,"Frozen Egg 2":5,"White Beast Statue":13,"Cables":4,"Mercury Hourglass":5,"Peace Pipe":18,"OrangePellets":15,"DataDisk":18,"Bronze Scales":5,"Pandora\u0027s Box":16,"Turnip":23,"Bottled Lightning":23,"StrikeDummy":12,"Symbiotic Virus":23,"Pocketwatch":19},{"Lantern":26,"Bag of Preparation":47,"Boot":103,"Blood Vial":19,"Nunchaku":103,"Shovel":0,"Sundial":57,"MealTicket":59,"Fusion Hammer":41,"WingedGreaves":52,"Cracked Core":0,"Pen Nib":64,"Frozen Egg 2":19,"White Beast Statue":57,"Cables":12,"Mercury Hourglass":19,"Peace Pipe":82,"OrangePellets":64,"DataDisk":82,"Bronze Scales":19,"Pandora\u0027s Box":74,"Turnip":116,"Bottled Lightning":116,"StrikeDummy":52,"Symbiotic Virus":116,"Pocketwatch":92}],"Pocketwatch":[17]},"card_choices":[{"not_picked":["Hologram","Aggregate"],"picked":"Undo","floor":1.0},{"not_picked":["Gash","Lockon"],"picked":"Cold Snap","floor":3},{"not_picked":["Streamline","Stack"],"picked":"Go for the Eyes","floor":4},{"not_picked":["Coolheaded","Storm"],"picked":"BootSequence","floor":5},{"not_picked":["Double Energy","White Noise"],"picked":"Self Repair","floor":7},{"not_picked":["Hologram","Streamline","Beam Cell"],"picked":"SKIP","floor":12},{"not_picked":["Barrage","Ball Lightning"],"picked":"Capacitor+1","floor":13},{"not_picked":["Hologram","Redo"],"picked":"Buffer+1","floor":14},{"not_picked":["All For One","Hyperbeam"],"picked":"Electrodynamics+1","floor":16},{"not_picked":["Barrage","Cold Snap","Scrape+1"],"picked":"SKIP","floor":18},{"not_picked":["Melter","Beam Cell"],"picked":"Tempest","floor":20},{"not_picked":["Steam","Recycle"],"picked":"Loop+1","floor":23},{"not_picked":["Rip and Tear","Streamline"],"picked":"Barrage","floor":25},{"not_picked":["Gash","Sweeping Beam"],"picked":"Glacier","floor":27},{"not_picked":["Redo+1","Steam"],"picked":"Loop+1","floor":30},{"not_picked":["Seek","Reboot"],"picked":"Echo Form+1","floor":33},{"not_picked":["Rebound+1","Sweeping Beam"],"picked":"Turbo+1","floor":35},{"not_picked":["Compile Driver","Echo Form+1","Cold Snap"],"picked":"SKIP","floor":40},{"not_picked":["Coolheaded","Hologram"],"picked":"Defragment+1","floor":41},{"not_picked":["White Noise","Conserve Battery"],"picked":"Heatsinks+1","floor":42},{"not_picked":["Go for the Eyes","Skim"],"picked":"Double Energy","floor":45},{"not_picked":["Hologram+1","Sweeping Beam","Beam Cell+1"],"picked":"SKIP","floor":46}],"player_experience":1370301,"relics_obtained":[{"floor":6,"key":"Cables"},{"floor":7,"key":"Blood Vial"},{"floor":8,"key":"Frozen Egg 2"},{"floor":9,"key":"Bronze Scales"},{"floor":10,"key":"Mercury Hourglass"},{"floor":13,"key":"Lantern"},{"floor":23,"key":"WingedGreaves"},{"floor":24,"key":"StrikeDummy"},{"floor":25,"key":"White Beast Statue"},{"floor":26,"key":"Sundial"},{"floor":27,"key":"MealTicket"},{"floor":32,"key":"Pen Nib"},{"floor":36,"key":"Peace Pipe"},{"floor":40,"key":"Pocketwatch"},{"floor":42,"key":"Nunchaku"},{"floor":43,"key":"Boot"},{"floor":46,"key":"Symbiotic Virus"},{"floor":47,"key":"Turnip"},{"floor":49,"key":"Bottled Lightning"}],"event_choices":[{"damage_healed":0,"gold_gain":0,"player_choice":"Grow","damage_taken":0,"max_hp_gain":0,"max_hp_loss":0,"event_name":"Living Wall","floor":2,"gold_loss":0,"cards_upgraded":["Zap"]},{"damage_healed":0,"gold_gain":150,"player_choice":"AGREE","damage_taken":0,"max_hp_gain":0,"max_hp_loss":0,"event_name":"Liars Game","floor":11,"gold_loss":0,"cards_obtained":["Doubt"]},{"damage_healed":0,"gold_gain":50,"player_choice":"Stole From Cult","damage_taken":0,"max_hp_gain":0,"max_hp_loss":0,"event_name":"Nest","floor":22,"gold_loss":0},{"damage_healed":0,"gold_gain":0,"player_choice":"Became a Ghost","damage_taken":0,"max_hp_gain":0,"max_hp_loss":36,"event_name":"Ghosts","floor":28,"gold_loss":0,"cards_obtained":["Ghostly","Ghostly","Ghostly"]},{"cards_removed":["Strike_B"],"damage_healed":0,"gold_gain":0,"player_choice":"Elegance","damage_taken":0,"max_hp_gain":0,"max_hp_loss":0,"event_name":"Back to Basics","floor":29,"gold_loss":0},{"damage_healed":0,"gold_gain":0,"player_choice":"Fight","damage_taken":0,"max_hp_gain":0,"max_hp_loss":0,"event_name":"MindBloom","floor":36,"gold_loss":0},{"damage_healed":0,"gold_gain":0,"player_choice":"Embrace Madness","damage_taken":6,"max_hp_gain":0,"max_hp_loss":0,"event_name":"Winding Halls","floor":38,"gold_loss":0,"cards_obtained":["Madness","Madness"]},{"damage_healed":0,"gold_gain":0,"player_choice":"Damaged","damage_taken":5,"max_hp_gain":0,"max_hp_loss":0,"event_name":"Wheel of Change","floor":48,"gold_loss":0}],"is_beta":false,"boss_relics":[{"not_picked":["Sozu","Snecko Eye"],"picked":"Fusion Hammer"},{"not_picked":["Busted Crown","Calling Bell"],"picked":"Pandora\u0027s Box"}],"items_purged_floors":[19],"is_endless":false,"potions_floor_spawned":[3,4,7,12,20,27,30,33,35,36,40,41,42,45,46],"killed_by":"Time Eater","ascension_level":20}}