{"host":"znvnxllcillb3rtw","time":1611615957,"event":{"mods":["BaseMod","DeckTracker","Minty Spire (QoL Compilation)","Relic Stats","StSLib","SuperFastMode","everything is the same but u backflip on backflip"],"gold_per_floor":[112,112,35,47,61,61,94,19,19,19,19,19,19,47,47,121,121,131,21,33,33,51,51,68,81,81,96,96,107,7,22,22,96,96,109,124,178,53,53,53,84,84,158,189,189,221,239,239,239,239,239,239,239,89,119,119],"floor_reached":57,"language":"KOR","playtime":1954,"items_purged":["Strike_P","Strike_P+1","Defend_P","Good Instincts+1"],"score":3346,"play_id":"b2c3c671-2112-4182-9953-e6b5dde7902b","local_time":"20210126080557","is_ascension_mode":true,"campfire_choices":[{"data":"Eruption","floor":6,"key":"SMITH"},{"floor":12,"key":"REST"},{"data":"Adaptation","floor":15,"key":"SMITH"},{"floor":23,"key":"REST"},{"floor":28,"key":"REST"},{"floor":32,"key":"RECALL"},{"data":"Eruption+1","floor":40,"key":"PURGE"},{"data":"Vigilance+1","floor":42,"key":"PURGE"},{"data":"Defend_P+1","floor":45,"key":"PURGE"},{"data":"FlurryOfBlows","floor":49,"key":"PURGE"},{"data":"LessonLearned+1","floor":53,"key":"PURGE"}],"circlet_count":0,"master_deck":["AscendersBane","Scrawl+1","FearNoEvil+1","Adaptation+1","Tantrum+1","Indignation+1","InnerPeace+1","Halt+1","Vault+1","Adaptation+1"],"relics":["PureWater","Letter Opener","Nunchaku","TeardropLocket","Unceasing Top","VioletLotus","Kunai","Runic Pyramid","Peace Pipe","Shuriken","Damaru","War Paint"],"acts_visited":["Exordium","TheCity","TheBeyond","TheEnding"],"potions_floor_usage":[16,31,37],"damage_taken":[{"damage":2,"enemies":"Cultist","floor":1,"turns":3},{"damage":0,"enemies":"Jaw Worm","floor":4,"turns":1},{"damage":2,"enemies":"Small Slimes","floor":5,"turns":2},{"damage":8,"enemies":"Gremlin Nob","floor":7,"turns":3},{"damage":0,"enemies":"3 Sentries","floor":14,"turns":4},{"damage":25,"enemies":"Hexaghost","floor":16,"turns":7},{"damage":0,"enemies":"Spheric Guardian","floor":18,"turns":1},{"damage":9,"enemies":"2 Thieves","floor":20,"turns":2},{"damage":39,"enemies":"Cultist and Chosen","floor":22,"turns":5},{"damage":0,"enemies":"Centurion and Healer","floor":24,"turns":1},{"damage":0,"enemies":"Snake Plant","floor":25,"turns":3},{"damage":0,"enemies":"Chosen and Byrds","floor":27,"turns":3},{"damage":0,"enemies":"3 Cultists","floor":29,"turns":2},{"damage":0,"enemies":"Cultist and Chosen","floor":31,"turns":2},{"damage":0,"enemies":"Champ","floor":33,"turns":5},{"damage":0,"enemies":"3 Shapes","floor":35,"turns":3},{"damage":0,"enemies":"Orb Walker","floor":36,"turns":1},{"damage":16,"enemies":"2 Orb Walkers","floor":37,"turns":2},{"damage":0,"enemies":"Reptomancer","floor":41,"turns":2},{"damage":0,"enemies":"Nemesis","floor":44,"turns":2},{"damage":0,"enemies":"Reptomancer","floor":46,"turns":3},{"damage":0,"enemies":"Maw","floor":47,"turns":2},{"damage":0,"enemies":"Awakened One","floor":50,"turns":2},{"damage":0,"enemies":"Donu and Deca","floor":51,"turns":2},{"damage":0,"enemies":"Shield and Spear","floor":55,"turns":1},{"damage":44,"enemies":"The Heart","floor":56,"turns":4}],"seed_played":"5887671935497546559","potions_obtained":[{"floor":1,"key":"Fruit Juice"},{"floor":14,"key":"SneckoOil"},{"floor":22,"key":"Regen Potion"},{"floor":31,"key":"EntropicBrew"},{"floor":37,"key":"SkillPotion"}],"is_trial":false,"path_per_floor":["M","?","$","M","M","R","E","$","T","T","$","R","$","E","R","B",null,"M","?","M","?","M","R","M","M","T","M","R","M","$","M","R","B",null,"M","M","?","$","?","R","E","R","T","E","R","E","M","$","R","B","B",null,"R","$","E","B",null],"character_chosen":"WATCHER","items_purchased":["FearNoEvil"],"campfire_rested":3,"item_purchase_floors":[3],"current_hp_per_floor":[41,34,34,34,32,32,24,24,24,24,24,44,44,44,44,19,56,56,56,47,47,8,28,28,28,28,28,48,48,48,53,53,53,68,68,68,57,57,47,47,47,47,47,47,47,47,47,47,47,47,47,67,67,67,67,23],"gold":119,"neow_bonus":"THREE_RARE_CARDS","is_daily":false,"chose_seed":false,"campfire_upgraded":2,"win_rate":0.0,"timestamp":1611615957,"path_taken":["M","?","?","M","M","R","E","$","T","?","?","R","$","E","R","BOSS","M","?","?","?","M","R","M","M","T","M","R","M","?","M","R","BOSS","M","M","?","$","?","R","E","R","T","E","R","E","M","$","R","BOSS","BOSS","R","$","E","BOSS"],"items_purchased_type":["Card"],"build_version":"2020-12-22","purchased_purges":4,"victory":true,"max_hp_per_floor":[68,68,68,68,68,68,68,68,68,68,68,68,68,68,68,68,68,68,68,68,68,68,68,68,68,68,68,68,68,68,73,73,73,73,73,73,73,73,73,73,73,73,73,73,73,73,73,73,73,73,73,73,73,73,73,73],"relic_stats":{"Peace Pipe":5,"Nunchaku":[34],"counters":[26,68],"Shuriken":[39],"VioletLotus":[136],"Letter Opener":[471],"Kunai":[68],"War Paint":[],"obtain_stats":[{"Peace Pipe":37,"Nunchaku":9,"Shuriken":41,"Damaru":46,"VioletLotus":17,"Letter Opener":7,"TeardropLocket":10,"Kunai":26,"PureWater":0,"War Paint":55,"Unceasing Top":14,"Runic Pyramid":34},{"Peace Pipe":18,"Nunchaku":4,"Shuriken":19,"Damaru":21,"VioletLotus":6,"Letter Opener":4,"TeardropLocket":4,"Kunai":11,"PureWater":0,"War Paint":25,"Unceasing Top":5,"Runic Pyramid":15},{"Peace Pipe":50,"Nunchaku":9,"Shuriken":52,"Damaru":57,"VioletLotus":20,"Letter Opener":9,"TeardropLocket":9,"Kunai":32,"PureWater":0,"War Paint":64,"Unceasing Top":13,"Runic Pyramid":44}],"Unceasing Top":[9]},"card_choices":[{"not_picked":["DeusExMachina","Establishment"],"picked":"Scrawl","floor":0},{"not_picked":["DeceiveReality","ThirdEye"],"picked":"FlurryOfBlows","floor":1},{"not_picked":["FollowUp","Perseverance","BowlingBash"],"picked":"SKIP","floor":4},{"not_picked":["CrushJoints","WaveOfTheHand"],"picked":"Adaptation","floor":5},{"not_picked":["Nirvana","Indignation","Sanctity"],"picked":"SKIP","floor":7},{"not_picked":["Conclude","EmptyFist"],"picked":"Tantrum","floor":14},{"not_picked":["DevaForm","Blasphemy"],"picked":"LessonLearned","floor":16},{"not_picked":["SashWhip","PathToVictory+1","Consecrate"],"picked":"SKIP","floor":18},{"not_picked":["LikeWater","PathToVictory","DeusExMachina"],"picked":"SKIP","floor":20},{"not_picked":["JustLucky","ClearTheMind","Weave"],"picked":"SKIP","floor":22},{"not_picked":["CutThroughFate","ThirdEye","CrushJoints"],"picked":"SKIP","floor":24},{"not_picked":["CutThroughFate","PathToVictory","ThirdEye"],"picked":"SKIP","floor":25},{"not_picked":["FollowUp","Halt","Indignation"],"picked":"SKIP","floor":27},{"not_picked":["FollowUp","Indignation"],"picked":"Halt","floor":27},{"not_picked":["Halt","Consecrate","LikeWater"],"picked":"SKIP","floor":29},{"not_picked":["Wallop","ThirdEye","JustLucky+1"],"picked":"SKIP","floor":31},{"not_picked":["ConjureBlade","LessonLearned"],"picked":"Vault","floor":33},{"not_picked":["EmptyBody+1","Swivel"],"picked":"Adaptation","floor":35},{"not_picked":["Consecrate","Protect","PathToVictory"],"picked":"SKIP","floor":36},{"not_picked":["Forethought","Transmutation"],"picked":"Good Instincts","floor":39},{"not_picked":["Consecrate+1","FlyingSleeves","Protect+1"],"picked":"SKIP","floor":41},{"not_picked":["FlyingSleeves","FlurryOfBlows","Wallop"],"picked":"SKIP","floor":44},{"not_picked":["Study","DeusExMachina","ReachHeaven+1"],"picked":"SKIP","floor":46},{"not_picked":["FollowUp","SashWhip","Weave"],"picked":"SKIP","floor":47},{"not_picked":["JustLucky","Consecrate","Swivel"],"picked":"SKIP","floor":55}],"player_experience":2887037,"relics_obtained":[{"floor":7,"key":"Letter Opener"},{"floor":9,"key":"Nunchaku"},{"floor":10,"key":"TeardropLocket"},{"floor":14,"key":"Unceasing Top"},{"floor":26,"key":"Kunai"},{"floor":37,"key":"Peace Pipe"},{"floor":41,"key":"Shuriken"},{"floor":46,"key":"Damaru"},{"floor":55,"key":"War Paint"}],"event_choices":[{"cards_removed":["Strike_P"],"damage_healed":0,"gold_gain":0,"player_choice":"Card Removal","damage_taken":7,"max_hp_gain":0,"max_hp_loss":0,"event_name":"Golden Wing","floor":2,"gold_loss":0},{"cards_removed":["Strike_P"],"damage_healed":0,"gold_gain":0,"player_choice":"Upgrade and Remove","damage_taken":0,"max_hp_gain":0,"max_hp_loss":0,"event_name":"Designer","floor":19,"gold_loss":110,"cards_upgraded":["Tantrum"]},{"damage_healed":0,"gold_gain":0,"cards_transformed":["Defend_P","Defend_P"],"player_choice":"Became Test Subject","damage_taken":0,"max_hp_gain":0,"max_hp_loss":0,"event_name":"Drug Dealer","floor":21,"gold_loss":0,"cards_obtained":["Indignation","InnerPeace"]},{"damage_healed":0,"gold_gain":0,"player_choice":"Fight","damage_taken":0,"max_hp_gain":0,"max_hp_loss":0,"event_name":"Mysterious Sphere","floor":37,"gold_loss":0},{"damage_healed":0,"gold_gain":0,"player_choice":"Memory 3","damage_taken":10,"max_hp_gain":0,"max_hp_loss":0,"event_name":"SensoryStone","floor":39,"gold_loss":0}],"is_beta":false,"boss_relics":[{"not_picked":["Pandora\u0027s Box","Astrolabe"],"picked":"VioletLotus"},{"not_picked":["Velvet Choker","Calling Bell"],"picked":"Runic Pyramid"}],"items_purged_floors":[8,30,38,54],"is_endless":false,"potions_floor_spawned":[1,14,22,25,29,31,33,36,37,44],"ascension_level":20}}