{"host":"pyelotildgrd5mks","time":1611552596,"event":{"mods":["BaseMod","Downfall","Minty Spire (QoL Compilation)","Quick Restart","StSLib"],"gold_per_floor":[99,110,130,148,148,58,81,110,130,160,186,241,126,126,145,247,247,147,166,151,371,383,415,415,415,415,415],"floor_reached":25,"language":"ZHS","playtime":1317,"items_purged":["Normality","downfall:Haunted","downfall:Haunted"],"score":244,"play_id":"a5412ee0-74b9-4e37-9acb-e3bca6e2acac","local_time":"20210125132956","is_ascension_mode":false,"campfire_choices":[{"data":"bronze:Goto","floor":1.0,"key":"SMITH"},{"data":"bronze:Virus","floor":18,"key":"SMITH"}],"circlet_count":0,"master_deck":["bronze:Strike","bronze:Strike","bronze:Strike","bronze:Strike","bronze:Defend","bronze:Defend","bronze:Defend","bronze:Defend","bronze:Replicate","bronze:Goto+1","bronze:ChildClass","bronze:Optimize","bronze:CleanCode","bronze:Boost","bronze:Mutator","bronze:Branch","bronze:Virus+1","bronze:Turbo","bronze:FindAndReplace","bronze:Overheat+1","bronze:Break","bronze:ItsAFeature+1","bronze:WhirlingStrike+1","bronze:Verify+1"],"relics":["bronze:BronzeCore","Du-Vu Doll","Potion Belt","Odd Mushroom","Frozen Egg 2","Guardian:PocketSentry","expansioncontent:StudyCardRelic","downfall:HeartBlessingGreen","Happy Flower"],"acts_visited":["Exordium","TheCity"],"potions_floor_usage":[25],"damage_taken":[{"damage":0.0,"enemies":"Small Slimes","floor":2.0,"turns":3.0},{"damage":1.0,"enemies":"Jaw Worm","floor":3.0,"turns":3.0},{"damage":3.0,"enemies":"2 Louse","floor":4.0,"turns":2.0},{"damage":0,"enemies":"downfall:FleeingMerchant","floor":6,"turns":4},{"damage":33,"enemies":"The Mushroom Lair","floor":8,"turns":5},{"damage":0,"enemies":"3 Louse","floor":9,"turns":3},{"damage":0,"enemies":"Lagavulin","floor":11,"turns":5},{"damage":2,"enemies":"downfall:FleeingMerchant","floor":13,"turns":4},{"damage":0,"enemies":"Lots of Slimes","floor":15,"turns":2},{"damage":47,"enemies":"SI_SHIV_ARCHETYPE","floor":16,"turns":9},{"damage":10,"enemies":"Chosen","floor":19,"turns":5},{"damage":2,"enemies":"downfall:FleeingMerchant","floor":20,"turns":4},{"damage":0,"enemies":"downfall:FleeingMerchant","floor":21,"turns":3},{"damage":14,"enemies":"3 Byrds","floor":22,"turns":5},{"damage":24,"enemies":"Slavers","floor":23,"turns":4},{"damage":0,"enemies":"Centurion and Healer","floor":25,"turns":4}],"seed_played":"5028901804306016887","potions_obtained":[{"floor":2.0,"key":"Guardian:BlockOnCardUsePotion"},{"floor":3.0,"key":"PowerPotion"},{"floor":9,"key":"SpeedPotion"},{"floor":15,"key":"FairyPotion"},{"floor":16,"key":"SteroidPotion"},{"floor":19,"key":"EssenceOfSteel"}],"is_trial":false,"path_per_floor":["R","M","M","M","?","$","T","?","M","?","E","T","$","?","M","B",null,"R","M","$","$","M","E","T","M"],"character_chosen":"THE_AUTOMATON","items_purchased":[],"campfire_rested":0,"item_purchase_floors":[],"current_hp_per_floor":[77,77,76,73,73,73,73,40,40,40,40,40,40,40,40,23,77,77,67,65,65,51,27,27,27,27,27],"gold":415,"neow_bonus":"TEN_PERCENT_HP_BONUS","is_daily":false,"chose_seed":false,"campfire_upgraded":2,"win_rate":0.0,"timestamp":1611552596,"path_taken":["R","M","M","M","?","$","T","?","M","?","E","?","$","?","M","BOSS","R","M","?","$","M","E","T","M"],"items_purchased_type":[],"build_version":"2020-12-22","purchased_purges":3,"victory":false,"max_hp_per_floor":[77,77,77,77,77,77,77,77,77,77,77,77,77,77,77,77,77,77,77,77,77,77,77,77,77,77,77],"card_choices":[{"not_picked":["bronze:NullPointer","bronze:FollowUp"],"picked":"bronze:ChildClass","floor":2.0},{"not_picked":["bronze:Fortify","bronze:Shell","bronze:Frontload"],"picked":"SKIP","floor":3.0},{"not_picked":["bronze:Fortify","bronze:Shell","bronze:Frontload"],"picked":"SKIP","floor":3.0},{"not_picked":["bronze:Branch","bronze:Overload"],"picked":"bronze:Optimize","floor":4.0},{"not_picked":["bronze:Overheat","bronze:Safeguard"],"picked":"bronze:Boost","floor":6},{"not_picked":["bronze:Safeguard","bronze:Turbo"],"picked":"bronze:Mutator","floor":8},{"not_picked":["bronze:ForLoop","bronze:Invalidate","bronze:BronzeOrb"],"picked":"SKIP","floor":9},{"not_picked":["bronze:Flail","bronze:OilSpill","bronze:ForceShield"],"picked":"SKIP","floor":11},{"not_picked":["bronze:BugBarrage","bronze:Frontload"],"picked":"bronze:Branch","floor":13},{"not_picked":["bronze:CleanCode+1","bronze:Shield"],"picked":"bronze:Turbo","floor":15},{"not_picked":["bronze:BurnOut","bronze:ThunderWave"],"picked":"bronze:FindAndReplace","floor":16},{"not_picked":["bronze:Boost","bronze:Backtrace"],"picked":"bronze:Overheat+1","floor":19},{"not_picked":["bronze:DelayedGuard+1","bronze:Philosophize"],"picked":"bronze:Break","floor":20},{"not_picked":["bronze:Shield","bronze:Boost"],"picked":"bronze:ItsAFeature+1","floor":21},{"not_picked":["bronze:BugBarrage","bronze:FineTuning+1"],"picked":"bronze:WhirlingStrike+1","floor":22},{"not_picked":["bronze:ClassDefault+1","bronze:Overheat"],"picked":"bronze:Verify+1","floor":23}],"player_experience":653430,"relics_obtained":[{"floor":7,"key":"Potion Belt"},{"floor":8,"key":"Odd Mushroom"},{"floor":11,"key":"Blood Vial"},{"floor":12,"key":"Guardian:PocketSentry"},{"floor":23,"key":"Happy Flower"}],"event_choices":[{"damage_healed":0,"gold_gain":0,"player_choice":"Fought Mushrooms","damage_taken":0,"max_hp_gain":0,"max_hp_loss":0,"event_name":"Mushrooms","floor":8,"gold_loss":0}],"is_beta":false,"boss_relics":[{"not_picked":["Runic Pyramid","Fusion Hammer"],"picked":"expansioncontent:StudyCardRelic"}],"items_purged_floors":[6,13,21],"is_endless":false,"potions_floor_spawned":[2,3,9,15,16,19,22,23],"killed_by":"Centurion and Healer","ascension_level":0}}