{"host":"f5gffvlv6a66yqkd","time":1611567111,"event":{"mods":["2.2 Compatiblity","BaseMod","Colored Map","Custom Start","DeckTracker","Keyboard Shortcuts","Minty Spire (QoL Compilation)","Permanent Neow","Quick Restart","Relic Stats","StSLib","SuperFastMode"],"gold_per_floor":[111,131,146,163,181,181,256,256,283,283,302,302,314,340,340,415,415,430,345,357,357,357,357],"floor_reached":22,"language":"KOR","playtime":545,"items_purged":[],"score":376,"play_id":"4d57dfb7-980b-40a6-af52-a814bad54808","local_time":"20210125183151","is_ascension_mode":true,"campfire_choices":[{"data":"Blade Dance","floor":6.0,"key":"SMITH"},{"data":"Neutralize","floor":10.0,"key":"SMITH"},{"data":"Noxious Fumes","floor":12.0,"key":"SMITH"},{"floor":15.0,"key":"REST"}],"circlet_count":0,"master_deck":["AscendersBane","Strike_G","Strike_G","Strike_G","Strike_G","Strike_G","Defend_G","Defend_G","Defend_G","Defend_G","Defend_G","Survivor","Neutralize+1","Blade Dance+1","Noxious Fumes+1","Blade Dance","Die Die Die","PiercingWail","Footwork","Wraith Form v2","Backflip","Acrobatics"],"relics":["Ring of the Snake","Ginger","Bronze Scales","Kunai","SacredBark","CaptainsWheel"],"acts_visited":["Exordium","TheCity"],"potions_floor_usage":[22,22],"damage_taken":[{"damage":6.0,"enemies":"Small Slimes","floor":1.0,"turns":4.0},{"damage":1.0,"enemies":"Jaw Worm","floor":2.0,"turns":6.0},{"damage":1.0,"enemies":"Cultist","floor":3.0,"turns":3.0},{"damage":6.0,"enemies":"Blue Slaver","floor":4.0,"turns":6.0},{"damage":3.0,"enemies":"Looter","floor":5.0,"turns":3.0},{"damage":1.0,"enemies":"2 Fungi Beasts","floor":11.0,"turns":2.0},{"damage":14.0,"enemies":"Exordium Wildlife","floor":13.0,"turns":5.0},{"damage":12.0,"enemies":"Lagavulin","floor":14.0,"turns":6.0},{"damage":14.0,"enemies":"Hexaghost","floor":16.0,"turns":9.0},{"damage":6.0,"enemies":"Chosen","floor":18.0,"turns":6.0},{"damage":6.0,"enemies":"3 Byrds","floor":20.0,"turns":3.0},{"damage":18,"enemies":"Sentry and Sphere","floor":22,"turns":5}],"seed_played":"7696096578427995843","potions_obtained":[{"floor":2.0,"key":"SneckoOil"},{"floor":11.0,"key":"Swift Potion"},{"floor":14.0,"key":"SkillPotion"}],"is_trial":false,"path_per_floor":["M","M","M","M","M","R","?","T","T","R","M","R","M","E","R","B",null,"M","?","M","?","M"],"character_chosen":"THE_SILENT","items_purchased":[],"campfire_rested":1,"item_purchase_floors":[],"current_hp_per_floor":[53,52,51,45,42,42,31,31,31,31,30,30,16,4,23,9,52,46,46,40,22,4,4],"gold":357,"neow_bonus":"THREE_CARDS","is_daily":false,"chose_seed":false,"campfire_upgraded":3,"win_rate":0.0,"timestamp":1611567111,"path_taken":["M","M","M","M","M","R","?","?","T","R","M","R","M","E","R","BOSS","M","?","M","?","M"],"items_purchased_type":[],"build_version":"2020-12-22","purchased_purges":0,"victory":false,"max_hp_per_floor":[66,66,66,66,66,66,66,66,66,66,66,66,66,66,66,66,66,66,66,66,71,71,71],"relic_stats":{"counters":[12,58],"Bronze Scales":[171],"Ginger":[0],"Kunai":[16],"obtain_stats":[{"CaptainsWheel":19,"Bronze Scales":9,"SacredBark":17,"Ginger":8,"Kunai":14,"Ring of the Snake":0},{"CaptainsWheel":10,"Bronze Scales":5,"SacredBark":9,"Ginger":5,"Kunai":8,"Ring of the Snake":0},{"CaptainsWheel":50,"Bronze Scales":22,"SacredBark":44,"Ginger":22,"Kunai":35,"Ring of the Snake":0}],"Ring of the Snake":[24]},"card_choices":[{"not_picked":["Dodge and Roll","Underhanded Strike","Sucker Punch"],"picked":"SKIP","floor":1.0},{"not_picked":["Bane","Accuracy"],"picked":"Blade Dance","floor":2.0},{"not_picked":["Slice","Flying Knee"],"picked":"Noxious Fumes","floor":3.0},{"not_picked":["Backflip","Bane"],"picked":"Blade Dance","floor":4.0},{"not_picked":["Reflex","Skewer"],"picked":"Die Die Die","floor":5.0},{"not_picked":["Quick Slash","Backflip"],"picked":"PiercingWail","floor":11.0},{"not_picked":["Dagger Spray","Noxious Fumes"],"picked":"Footwork","floor":13.0},{"not_picked":["Riddle With Holes","Flechettes","Dodge and Roll"],"picked":"SKIP","floor":14.0},{"not_picked":["Envenom","Night Terror"],"picked":"Wraith Form v2","floor":16.0},{"not_picked":["PiercingWail+1","Eviscerate"],"picked":"Backflip","floor":18.0},{"not_picked":["Quick Slash+1","Flying Knee"],"picked":"Acrobatics","floor":20.0}],"player_experience":1612901,"relics_obtained":[{"floor":8.0,"key":"Ginger"},{"floor":9.0,"key":"Bronze Scales"},{"floor":14.0,"key":"Kunai"}],"event_choices":[{"damage_healed":0.0,"max_hp_gain":0.0,"max_hp_loss":0.0,"gold_gain":75.0,"event_name":"World of Goop","player_choice":"Gather Gold","floor":7.0,"gold_loss":0.0,"damage_taken":11.0},{"damage_healed":0.0,"max_hp_gain":0.0,"max_hp_loss":0.0,"gold_gain":0.0,"event_name":"Addict","player_choice":"Obtained Relic","floor":19.0,"gold_loss":85.0,"damage_taken":0.0,"relics_obtained":["CaptainsWheel"]},{"damage_healed":0.0,"max_hp_gain":5.0,"max_hp_loss":0.0,"gold_gain":0.0,"event_name":"Forgotten Altar","player_choice":"Shed Blood","floor":21.0,"gold_loss":0.0,"damage_taken":23.0}],"is_beta":false,"boss_relics":[{"not_picked":["Tiny House","Snecko Eye"],"picked":"SacredBark"}],"items_purged_floors":[],"is_endless":false,"potions_floor_spawned":[2,11,14,16,20],"killed_by":"Sentry and Sphere","ascension_level":20}}