{"host":"qekv59dthhdg54sz","time":1611597008,"event":{"mods":["AchievementEnabler","BaseMod","Colored Map","DeckTracker","KOR Keyword Fix","Minty Spire (QoL Compilation)","Rare Cards Sparkle","StSLib","SuperFastMode"],"gold_per_floor":[110,124,124,134,134,164,164,179,179,179,198,228,248,74,74,74,146,146,161,78,88,105,115,115,32,62,117,117,136,155,172,172,172,243,243,263,163,163,181,199,199,224,224,224,224,238,265,280,155,155,155,155],"floor_reached":53,"language":"KOR","playtime":1929,"items_purged":["Strike_P","Writhe","Clumsy"],"score":2042,"play_id":"a518956a-8872-4704-a680-04f6ac26eab3","local_time":"20210126025008","is_ascension_mode":true,"campfire_choices":[{"data":"Eruption","floor":7.0,"key":"SMITH"},{"data":"ForeignInfluence","floor":10.0,"key":"SMITH"},{"floor":15.0,"key":"REST"},{"data":"Evaluate","floor":16.0,"key":"SMITH"},{"data":"Scrawl","floor":24.0,"key":"SMITH"},{"data":"Adaptation","floor":28.0,"key":"SMITH"},{"floor":33.0,"key":"REST"},{"data":"EmptyMind","floor":41.0,"key":"SMITH"},{"data":"DeusExMachina","floor":43.0,"key":"SMITH"},{"data":"Tantrum","floor":45.0,"key":"SMITH"},{"data":"Scrawl","floor":50.0,"key":"SMITH"}],"circlet_count":0,"master_deck":["AscendersBane","Strike_P+1","Defend_P+1","Defend_P","Defend_P","Defend_P","Eruption+1","Vigilance","WheelKick+1","Indignation","ForeignInfluence+1","Evaluate+1","CarveReality","Swivel","FlurryOfBlows","Finesse","DeusExMachina+1","Scrawl+1","EmptyBody+1","Adaptation+1","EmptyMind+1","Tantrum+1","ThirdEye","DevaForm+1","Pray+1","Scrawl+1"],"relics":["PureWater","NeowsBlessing","Whetstone","Pen Nib","Yang","Cursed Key","MealTicket","Darkstone Periapt","Ancient Tea Set","SacredBark","Prayer Wheel","Potion Belt","Oddly Smooth Stone"],"acts_visited":["Exordium","TheCity","TheBeyond"],"potions_floor_usage":[51,52,52],"damage_taken":[{"damage":0.0,"enemies":"Cultist","floor":1.0,"turns":1.0},{"damage":0.0,"enemies":"2 Louse","floor":2.0,"turns":1.0},{"damage":0.0,"enemies":"Small Slimes","floor":4.0,"turns":1.0},{"damage":16.0,"enemies":"Gremlin Nob","floor":6.0,"turns":3.0},{"damage":7.0,"enemies":"Red Slaver","floor":8.0,"turns":4.0},{"damage":0.0,"enemies":"Looter","floor":11.0,"turns":3.0},{"damage":9.0,"enemies":"3 Sentries","floor":12.0,"turns":3.0},{"damage":0.0,"enemies":"Large Slime","floor":13.0,"turns":2.0},{"damage":23.0,"enemies":"Hexaghost","floor":17.0,"turns":7.0},{"damage":0.0,"enemies":"3 Byrds","floor":19.0,"turns":4.0},{"damage":0.0,"enemies":"2 Thieves","floor":21.0,"turns":4.0},{"damage":18.0,"enemies":"Shelled Parasite and Fungi","floor":22.0,"turns":4.0},{"damage":0.0,"enemies":"Centurion and Healer","floor":23.0,"turns":2.0},{"damage":10.0,"enemies":"Gremlin Leader","floor":26.0,"turns":3.0},{"damage":0.0,"enemies":"Snake Plant","floor":29.0,"turns":3.0},{"damage":2.0,"enemies":"Cultist and Chosen","floor":30.0,"turns":5.0},{"damage":9.0,"enemies":"Snecko","floor":31.0,"turns":5.0},{"damage":20.0,"enemies":"Automaton","floor":34.0,"turns":7.0},{"damage":9.0,"enemies":"3 Shapes","floor":36.0,"turns":5.0},{"damage":5.0,"enemies":"Orb Walker","floor":39.0,"turns":3.0},{"damage":0.0,"enemies":"Transient","floor":40.0,"turns":6.0},{"damage":0.0,"enemies":"Mind Bloom Boss Battle","floor":42.0,"turns":2.0},{"damage":17.0,"enemies":"Spire Growth","floor":46.0,"turns":4.0},{"damage":0.0,"enemies":"Giant Head","floor":47.0,"turns":6.0},{"damage":5.0,"enemies":"Jaw Worm Horde","floor":48.0,"turns":3.0},{"damage":0,"enemies":"Awakened One","floor":51,"turns":8},{"damage":61,"enemies":"Donu and Deca","floor":52,"turns":10}],"seed_played":"5110936566690859377","potions_obtained":[{"floor":1.0,"key":"Energy Potion"},{"floor":2.0,"key":"Swift Potion"},{"floor":8.0,"key":"BottledMiracle"},{"floor":13.0,"key":"Swift Potion"},{"floor":17.0,"key":"Regen Potion"},{"floor":22.0,"key":"PowerPotion"},{"floor":36.0,"key":"Swift Potion"},{"floor":40.0,"key":"Block Potion"},{"floor":47.0,"key":"Dexterity Potion"},{"floor":48.0,"key":"Dexterity Potion"}],"is_trial":false,"path_per_floor":["M","M","?","M","?","E","R","M","T","R","M","E","M","$","R","R","B",null,"M","$","M","M","M","R","?","E","T","R","M","M","M","?","R","B",null,"M","$","?","M","M","R","?","R","T","R","M","E","M","$","R","B","B",null],"character_chosen":"WATCHER","items_purchased":["Finesse","Scrawl"],"campfire_rested":2,"item_purchase_floors":[14,20],"current_hp_per_floor":[61,61,61,61,41,25,25,18,18,18,18,9,9,9,29,29,6,53,53,53,53,35,35,35,35,25,31,31,31,29,20,26,50,30,68,59,74,74,69,69,69,69,69,75,75,58,58,53,68,68,68,7],"gold":155,"neow_bonus":"THREE_ENEMY_KILL","is_daily":false,"chose_seed":false,"campfire_upgraded":9,"win_rate":0.0,"timestamp":1611597008,"path_taken":["M","M","?","?","?","E","R","M","T","R","M","E","M","$","R","R","BOSS","M","$","M","M","M","R","?","E","T","R","?","M","M","?","R","BOSS","M","$","?","M","?","R","?","R","T","R","M","E","M","$","R","BOSS","BOSS"],"items_purchased_type":["Card","Card"],"build_version":"2020-12-22","purchased_purges":3,"victory":true,"max_hp_per_floor":[68,68,68,68,68,68,68,68,68,68,68,68,68,68,68,68,68,68,68,68,68,68,68,68,68,68,74,74,74,74,74,80,80,80,80,80,80,80,80,80,80,80,80,86,86,86,86,86,86,86,86,86],"card_choices":[{"not_picked":["Swivel","EmptyBody"],"picked":"WheelKick","floor":1.0},{"not_picked":["Wallop","Prostrate"],"picked":"Indignation","floor":2.0},{"not_picked":["Wallop","LikeWater"],"picked":"ForeignInfluence","floor":4.0},{"not_picked":["LikeWater","SandsOfTime"],"picked":"Evaluate","floor":6.0},{"not_picked":["CutThroughFate","ThirdEye"],"picked":"CarveReality","floor":8.0},{"not_picked":["CrushJoints","Nirvana"],"picked":"Swivel","floor":11.0},{"not_picked":["MasterReality","ClearTheMind","Worship"],"picked":"SKIP","floor":12.0},{"not_picked":["Collect","WaveOfTheHand"],"picked":"FlurryOfBlows","floor":13.0},{"not_picked":["MasterReality","Brilliance"],"picked":"DeusExMachina","floor":17.0},{"not_picked":["CutThroughFate","Collect","SashWhip"],"picked":"SKIP","floor":19.0},{"not_picked":["Evaluate","Crescendo+1"],"picked":"EmptyBody+1","floor":21.0},{"not_picked":["Collect","Pray","LikeWater"],"picked":"SKIP","floor":22.0},{"not_picked":["Crescendo","Swivel","CutThroughFate"],"picked":"SKIP","floor":23.0},{"not_picked":["Brilliance","Nirvana"],"picked":"Adaptation","floor":26.0},{"not_picked":["Evaluate","Indignation","PathToVictory"],"picked":"SKIP","floor":29.0},{"not_picked":["WaveOfTheHand","Protect+1"],"picked":"EmptyMind","floor":30.0},{"not_picked":["Pray","Evaluate"],"picked":"Tantrum","floor":31.0},{"not_picked":["Alpha","Ragnarok"],"picked":"DevaForm","floor":34.0},{"not_picked":["CarveReality+1","Nirvana","Swivel"],"picked":"SKIP","floor":36.0},{"not_picked":["CrushJoints","Worship","CarveReality"],"picked":"SKIP","floor":39.0},{"not_picked":["Worship","EmptyBody+1","Consecrate"],"picked":"SKIP","floor":40.0},{"not_picked":["DeceiveReality+1","Halt+1"],"picked":"Pray+1","floor":46.0},{"not_picked":["BattleHymn","FollowUp","PathToVictory+1"],"picked":"SKIP","floor":46.0},{"not_picked":["BowlingBash+1","EmptyBody","Conclude"],"picked":"SKIP","floor":47.0},{"not_picked":["FlyingSleeves","ThirdEye+1"],"picked":"Scrawl","floor":48.0},{"not_picked":["Crescendo","BowlingBash+1","Wallop"],"picked":"SKIP","floor":48.0}],"player_experience":834616,"relics_obtained":[{"floor":6.0,"key":"Whetstone"},{"floor":9.0,"key":"Pen Nib"},{"floor":12.0,"key":"Yang"},{"floor":26.0,"key":"Darkstone Periapt"},{"floor":27.0,"key":"Ancient Tea Set"},{"floor":42.0,"key":"Prayer Wheel"},{"floor":44.0,"key":"Potion Belt"},{"floor":47.0,"key":"Oddly Smooth Stone"}],"event_choices":[{"cards_removed":["Strike_P"],"damage_healed":0.0,"max_hp_gain":0.0,"max_hp_loss":0.0,"gold_gain":0.0,"event_name":"Bonfire Elementals","player_choice":"Offered Basic","floor":3.0,"gold_loss":0.0,"damage_taken":0.0},{"damage_healed":0.0,"max_hp_gain":0.0,"max_hp_loss":0.0,"gold_gain":0.0,"event_name":"Shining Light","player_choice":"Entered Light","floor":5.0,"gold_loss":0.0,"damage_taken":20.0,"cards_upgraded":["Strike_P","Defend_P"]},{"damage_healed":0.0,"max_hp_gain":0.0,"max_hp_loss":0.0,"gold_gain":0.0,"event_name":"WeMeetAgain","player_choice":"Paid Gold","floor":25.0,"gold_loss":83.0,"damage_taken":0.0,"relics_obtained":["MealTicket"]},{"damage_healed":0.0,"max_hp_gain":0.0,"max_hp_loss":0.0,"gold_gain":0.0,"cards_transformed":["Doubt","Strike_P"],"event_name":"Drug Dealer","player_choice":"Became Test Subject","floor":32.0,"gold_loss":0.0,"damage_taken":0.0,"cards_obtained":["Writhe","ThirdEye"]},{"damage_healed":0.0,"max_hp_gain":0.0,"max_hp_loss":0.0,"gold_gain":0.0,"event_name":"Accursed Blacksmith","player_choice":"Forge","floor":38.0,"gold_loss":0.0,"damage_taken":0.0,"cards_upgraded":["DevaForm"]},{"damage_healed":0.0,"max_hp_gain":0.0,"max_hp_loss":0.0,"gold_gain":0.0,"event_name":"MindBloom","player_choice":"Fight","floor":42.0,"gold_loss":0.0,"damage_taken":0.0}],"is_beta":false,"boss_relics":[{"not_picked":["Runic Dome","SlaversCollar"],"picked":"Cursed Key"},{"not_picked":["Snecko Eye","Philosopher\u0027s Stone"],"picked":"SacredBark"}],"items_purged_floors":[14,37,49],"is_endless":false,"potions_floor_spawned":[1,2,4,8,13,17,19,22,23,31,36,39,40,47,48],"ascension_level":20}}