{"host":"k8o27zvh31u0ebbo","time":1611606719,"event":{"mods":["AchievementEnabler","BaseMod","Block Reminder","Highlight Path","Minty Spire (QoL Compilation)","Relic Sorter","Relic Stats","StSLib"],"gold_per_floor":[115,128,142,160,175,175,210,54,77,77,89,11,43,59,59,133,133,151,151,167,167,177,210,210,244,244,260,287,36,56,56,56,134,134,150,150,150,150,169,169,169,169,169],"floor_reached":42,"language":"ENG","playtime":1506,"items_purged":["Strike_R","Strike_R"],"score":897,"play_id":"c11e669f-1fa9-4d2f-93f3-ed22a0ff2198","local_time":"20210125143159","is_ascension_mode":true,"campfire_choices":[{"data":"Bash","floor":6.0,"key":"SMITH"},{"data":"Immolate","floor":15.0,"key":"SMITH"},{"floor":24.0,"key":"REST"},{"floor":32.0,"key":"REST"},{"data":"Offering","floor":41,"key":"SMITH"}],"circlet_count":0,"master_deck":["AscendersBane","Strike_R","Strike_R","Strike_R","Defend_R","Defend_R","Defend_R","Defend_R","Bash+1","Iron Wave","Spot Weakness","Headbutt","Spot Weakness","Sword Boomerang","Combust","Flame Barrier","Immolate+1","Shockwave","Offering+1","True Grit","Necronomicurse","Flame Barrier","Clothesline+1","Metallicize+1","Heavy Blade","Impatience"],"relics":["Black Blood","Nunchaku","MealTicket","Juzu Bracelet","Strawberry","Busted Crown","Necronomicon","Ancient Tea Set","Regal Pillow","Ice Cream","Pen Nib","Lantern"],"acts_visited":["Exordium","TheCity","TheBeyond"],"potions_floor_usage":[33,33,40],"damage_taken":[{"damage":1.0,"enemies":"Cultist","floor":1.0,"turns":3.0},{"damage":9.0,"enemies":"2 Louse","floor":2.0,"turns":3.0},{"damage":0.0,"enemies":"Small Slimes","floor":3.0,"turns":3.0},{"damage":22.0,"enemies":"2 Fungi Beasts","floor":4.0,"turns":5.0},{"damage":16.0,"enemies":"Blue Slaver","floor":5.0,"turns":3.0},{"damage":18.0,"enemies":"Gremlin Nob","floor":7.0,"turns":4.0},{"damage":22.0,"enemies":"Lots of Slimes","floor":11.0,"turns":4.0},{"damage":15.0,"enemies":"3 Sentries","floor":13.0,"turns":3.0},{"damage":0.0,"enemies":"Gremlin Gang","floor":14.0,"turns":2.0},{"damage":19.0,"enemies":"Slime Boss","floor":16.0,"turns":7.0},{"damage":7.0,"enemies":"3 Byrds","floor":18.0,"turns":1.0},{"damage":22.0,"enemies":"2 Thieves","floor":20.0,"turns":3.0},{"damage":17.0,"enemies":"Centurion and Healer","floor":22.0,"turns":6.0},{"damage":37.0,"enemies":"Book of Stabbing","floor":23.0,"turns":4.0},{"damage":28.0,"enemies":"Slavers","floor":25.0,"turns":4.0},{"damage":1.0,"enemies":"Sentry and Sphere","floor":27.0,"turns":3.0},{"damage":32.0,"enemies":"Book of Stabbing","floor":28.0,"turns":4.0},{"damage":12.0,"enemies":"3 Cultists","floor":30.0,"turns":5.0},{"damage":52,"enemies":"Collector","floor":33,"turns":8},{"damage":44,"enemies":"3 Darklings","floor":35,"turns":4},{"damage":0,"enemies":"Orb Walker","floor":39,"turns":2},{"damage":19,"enemies":"Reptomancer","floor":40,"turns":2},{"damage":19,"enemies":"Giant Head","floor":42,"turns":3}],"seed_played":"2212797693019990917","potions_obtained":[{"floor":2.0,"key":"Energy Potion"},{"floor":4.0,"key":"Block Potion"},{"floor":5.0,"key":"BlessingOfTheForge"},{"floor":14.0,"key":"Fire Potion"},{"floor":16.0,"key":"Explosive Potion"},{"floor":25.0,"key":"GamblersBrew"},{"floor":35,"key":"SmokeBomb"}],"is_trial":false,"path_per_floor":["M","M","M","M","M","R","E","$","T","T","M","$","E","M","R","B",null,"M","?","M","?","M","E","R","E","T","M","E","$","M","?","R","B",null,"M","?","?","?","M","E","R","E"],"character_chosen":"IRONCLAD","items_purchased":["Combust","Immolate","Lantern"],"campfire_rested":2,"item_purchase_floors":[8,12,29],"current_hp_per_floor":[71,71,77,64,57,57,45,45,45,45,32,47,48,57,57,47,88,87,71,55,55,47,19,51,32,32,37,11,26,20,20,68,22,89,57,57,57,47,59,52,52,33,33],"gold":169,"neow_bonus":"THREE_RARE_CARDS","is_daily":false,"chose_seed":false,"campfire_upgraded":3,"win_rate":0.0,"timestamp":1611606719,"path_taken":["M","M","M","M","M","R","E","$","T","?","M","$","E","M","R","BOSS","M","?","M","?","M","E","R","E","T","M","E","$","M","?","R","BOSS","M","?","?","?","M","E","R","E"],"items_purchased_type":["Card","Card","Relic"],"build_version":"2020-12-22","purchased_purges":2,"victory":false,"max_hp_per_floor":[71,74,77,80,83,83,83,83,83,83,86,86,96,99,99,102,102,102,102,102,102,105,108,108,111,111,111,111,111,111,111,111,111,111,111,111,111,111,111,111,111,111,111],"relic_stats":{"Nunchaku":[11],"Regal Pillow":15,"Busted Crown":28,"counters":[23,86],"Black Blood":142,"MealTicket":30,"Pen Nib":[4],"Juzu Bracelet":1,"Necronomicon":[21],"obtain_stats":[{"Ice Cream":26,"Regal Pillow":25,"Lantern":29,"Black Blood":34,"Pen Nib":28,"Juzu Bracelet":10,"Ancient Tea Set":23,"Burning Blood":0,"Nunchaku":7,"Busted Crown":17,"Strawberry":13,"MealTicket":9,"Necronomicon":19},{"Ice Cream":15,"Regal Pillow":15,"Lantern":17,"Black Blood":19,"Pen Nib":17,"Juzu Bracelet":6,"Ancient Tea Set":14,"Burning Blood":0,"Nunchaku":6,"Busted Crown":10,"Strawberry":8,"MealTicket":6,"Necronomicon":11},{"Ice Cream":55,"Regal Pillow":55,"Lantern":62,"Black Blood":75,"Pen Nib":62,"Juzu Bracelet":21,"Ancient Tea Set":51,"Burning Blood":0,"Nunchaku":21,"Busted Crown":37,"Strawberry":28,"MealTicket":21,"Necronomicon":38}]},"card_choices":[{"not_picked":["Exhume","Corruption"],"picked":"Feed","floor":0.0},{"not_picked":["Second Wind","Clash"],"picked":"Iron Wave","floor":1.0},{"not_picked":["Sever Soul","Entrench"],"picked":"Spot Weakness","floor":2.0},{"not_picked":["Anger","Pummel"],"picked":"Headbutt","floor":3.0},{"not_picked":["Clothesline","Headbutt","Twin Strike"],"picked":"SKIP","floor":4.0},{"not_picked":["Clothesline","Headbutt","Twin Strike"],"picked":"SKIP","floor":4.0},{"not_picked":["Clash","Pommel Strike"],"picked":"Spot Weakness","floor":5.0},{"not_picked":["Juggernaut","Bloodletting"],"picked":"Sword Boomerang","floor":7.0},{"not_picked":["Warcry","Burning Pact"],"picked":"Flame Barrier","floor":11.0},{"not_picked":["Iron Wave","Pummel","Twin Strike"],"picked":"SKIP","floor":13.0},{"not_picked":["Perfected Strike","Dual Wield"],"picked":"Shockwave","floor":14.0},{"not_picked":["Barricade","Bludgeon"],"picked":"Offering","floor":16.0},{"not_picked":[],"picked":"True Grit","floor":18.0},{"not_picked":["Clash"],"picked":"SKIP","floor":20.0},{"not_picked":["Rampage"],"picked":"SKIP","floor":22.0},{"not_picked":[],"picked":"Flame Barrier","floor":23.0},{"not_picked":["Flex"],"picked":"SKIP","floor":25.0},{"not_picked":[],"picked":"Clothesline+1","floor":27.0},{"not_picked":[],"picked":"Metallicize+1","floor":28.0},{"not_picked":["Hemokinesis"],"picked":"SKIP","floor":30.0},{"not_picked":[],"picked":"Heavy Blade","floor":35},{"not_picked":[],"picked":"Impatience","floor":38},{"not_picked":["Rampage"],"picked":"SKIP","floor":39}],"player_experience":310640,"relics_obtained":[{"floor":7.0,"key":"Nunchaku"},{"floor":9.0,"key":"MealTicket"},{"floor":10.0,"key":"Juzu Bracelet"},{"floor":13.0,"key":"Strawberry"},{"floor":19.0,"key":"Necronomicon"},{"floor":23.0,"key":"Ancient Tea Set"},{"floor":25.0,"key":"Regal Pillow"},{"floor":26.0,"key":"Ice Cream"},{"floor":28.0,"key":"Pen Nib"}],"event_choices":[{"damage_healed":0.0,"max_hp_gain":0.0,"max_hp_loss":0.0,"gold_gain":0.0,"event_name":"Cursed Tome","player_choice":"Obtained Book","floor":19.0,"gold_loss":0.0,"damage_taken":16.0},{"damage_healed":0.0,"max_hp_gain":0.0,"max_hp_loss":0.0,"gold_gain":0.0,"event_name":"Ghosts","player_choice":"Ignored","floor":21.0,"gold_loss":0.0,"damage_taken":0.0},{"damage_healed":0.0,"max_hp_gain":0.0,"max_hp_loss":0.0,"gold_gain":0.0,"event_name":"The Mausoleum","player_choice":"Ignored","floor":31.0,"gold_loss":0.0,"damage_taken":0.0},{"cards_removed":["Feed"],"damage_healed":0,"gold_gain":0,"player_choice":"Removed Attack","damage_taken":0,"max_hp_gain":0,"max_hp_loss":0,"event_name":"Falling","floor":36,"gold_loss":0},{"damage_healed":0,"gold_gain":0,"player_choice":"Ignored","damage_taken":0,"max_hp_gain":0,"max_hp_loss":0,"event_name":"Tomb of Lord Red Mask","floor":37,"gold_loss":0},{"damage_healed":0,"gold_gain":0,"player_choice":"Memory 3","damage_taken":10,"max_hp_gain":0,"max_hp_loss":0,"event_name":"SensoryStone","floor":38,"gold_loss":0}],"is_beta":false,"boss_relics":[{"not_picked":["Black Star","Runic Dome"],"picked":"Busted Crown"},{"not_picked":["Philosopher\u0027s Stone","Runic Pyramid"],"picked":"Black Blood"}],"items_purged_floors":[8,29],"is_endless":false,"potions_floor_spawned":[2,4,5,14,16,18,23,25,28,35,40],"killed_by":"Giant Head","ascension_level":14}}