{"host":"v9oq5ccz01n9mezq","time":1611537665,"event":{"mods":["BaseMod","Colored Map","Minty Spire (QoL Compilation)"],"gold_per_floor":[114,133,144,144,144,144,170,182,182,182,196,196,196,214,214,314,314,325,344,375,394,404,438,457,312,362,362,362,388,388,398,398,494,494,508,519,519,569,14,28,28,54,102,102,102,183,194,222,222,222],"floor_reached":51,"language":"ENG","playtime":2249,"items_purged":["Defend_R"],"score":1185,"play_id":"ea55badf-7aa4-42d6-8f48-cf33515f7bd8","local_time":"20210124202105","is_ascension_mode":true,"campfire_choices":[{"data":"Intimidate","floor":6,"key":"SMITH"},{"data":"1","floor":10,"key":"LIFT"},{"data":"2","floor":15,"key":"LIFT"},{"data":"3","floor":27,"key":"LIFT"},{"data":"Heavy Blade","floor":30,"key":"SMITH"},{"data":"Limit Break","floor":32,"key":"SMITH"},{"data":"Flex","floor":41,"key":"SMITH"},{"data":"Apotheosis","floor":45,"key":"SMITH"},{"data":"Exhume","floor":49,"key":"SMITH"}],"circlet_count":0,"master_deck":["Strike_R","Strike_R","Strike_R","Strike_R","Defend_R","Defend_R+1","Defend_R","Bash","Sword Boomerang","Anger","Intimidate+1","Flex+1","Flex+1","Heavy Blade+1","Warcry","Limit Break+1","Shockwave","Bloodletting+1","Armaments+1","Shrug It Off+1","Pummel","Offering","Rupture","Limit Break","Feed","Battle Trance+1","Disarm+1","Apotheosis+1","Shrug It Off+1","Immolate","Thunderclap+1","Exhume+1"],"relics":["Black Blood","Toy Ornithopter","Gremlin Horn","Girya","Ginger","Runic Pyramid","Red Mask","Prayer Wheel","Anchor","Matryoshka","CaptainsWheel","Vajra","HornCleat","Regal Pillow","War Paint","Oddly Smooth Stone","MealTicket","Frozen Egg 2"],"acts_visited":["Exordium","TheCity","TheBeyond"],"potions_floor_usage":[8,11,18,23,29,47,48,50,50],"damage_taken":[{"damage":6,"enemies":"Cultist","floor":1,"turns":3},{"damage":18,"enemies":"Jaw Worm","floor":2,"turns":4},{"damage":4,"enemies":"2 Louse","floor":3,"turns":3},{"damage":20,"enemies":"Lagavulin","floor":7,"turns":7},{"damage":14,"enemies":"Red Slaver","floor":8,"turns":3},{"damage":0,"enemies":"3 Louse","floor":11,"turns":2},{"damage":0,"enemies":"2 Fungi Beasts","floor":14,"turns":2},{"damage":17,"enemies":"Slime Boss","floor":16,"turns":8},{"damage":1,"enemies":"3 Byrds","floor":18,"turns":3},{"damage":6,"enemies":"Spheric Guardian","floor":19,"turns":3},{"damage":27,"enemies":"Masked Bandits","floor":20,"turns":4},{"damage":3,"enemies":"Snake Plant","floor":21,"turns":2},{"damage":16,"enemies":"Sentry and Sphere","floor":22,"turns":4},{"damage":10,"enemies":"Gremlin Leader","floor":23,"turns":4},{"damage":6,"enemies":"Snecko","floor":24,"turns":2},{"damage":3,"enemies":"Book of Stabbing","floor":29,"turns":2},{"damage":9,"enemies":"Snake Plant","floor":31,"turns":1},{"damage":20,"enemies":"Automaton","floor":33,"turns":4},{"damage":14,"enemies":"Orb Walker","floor":35,"turns":3},{"damage":27,"enemies":"3 Darklings","floor":36,"turns":3},{"damage":6,"enemies":"Mind Bloom Boss Battle","floor":38,"turns":3},{"damage":8,"enemies":"Writhing Mass","floor":40,"turns":6},{"damage":9,"enemies":"Giant Head","floor":42,"turns":5},{"damage":6,"enemies":"Jaw Worm Horde","floor":47,"turns":5},{"damage":7,"enemies":"Nemesis","floor":48,"turns":3},{"damage":9,"enemies":"Awakened One","floor":50,"turns":4}],"seed_played":"-5866051005897436948","potions_obtained":[{"floor":1,"key":"BloodPotion"},{"floor":8,"key":"Swift Potion"},{"floor":14,"key":"SkillPotion"},{"floor":20,"key":"Fire Potion"},{"floor":21,"key":"Fruit Juice"},{"floor":22,"key":"DuplicationPotion"},{"floor":35,"key":"BloodPotion"},{"floor":42,"key":"LiquidBronze"},{"floor":47,"key":"Block Potion"},{"floor":48,"key":"GamblersBrew"}],"is_trial":false,"path_per_floor":["M","M","M","?","?","R","E","M","T","R","M","?","?","M","R","B",null,"M","M","?","M","M","E","M","$","T","R","?","E","R","M","R","B",null,"M","M","?","?","$","M","R","E","T","$","R","T","M","E","R","B",null],"character_chosen":"IRONCLAD","items_purchased":["Rupture","Immolate","Vajra","HornCleat"],"campfire_rested":0,"item_purchase_floors":[25,39,39,39],"current_hp_per_floor":[72,60,62,44,44,44,30,43,43,43,54,54,54,60,60,49,72,80,80,59,62,52,53,53,53,53,53,53,61,61,58,58,44,71,72,57,57,63,63,71,71,78,78,78,78,78,98,104,104,104],"gold":222,"neow_bonus":"RANDOM_COMMON_RELIC","is_daily":false,"chose_seed":false,"campfire_upgraded":6,"win_rate":0.0,"timestamp":1611537665,"path_taken":["M","M","M","?","?","R","E","M","T","R","M","?","?","M","R","BOSS","M","M","?","M","M","E","M","$","T","R","?","E","R","?","R","BOSS","M","M","?","?","$","M","R","E","T","$","R","?","M","E","R","BOSS"],"items_purchased_type":["Card","Card","Relic","Relic"],"build_version":"2020-12-22","purchased_purges":1,"victory":true,"max_hp_per_floor":[80,80,80,80,80,80,80,80,80,80,80,80,80,80,80,80,80,80,80,80,80,80,80,80,80,80,80,80,80,80,80,80,80,80,83,83,83,83,83,87,87,91,91,91,91,91,100,104,104,104],"card_choices":[{"not_picked":["Ghostly Armor","Body Slam"],"picked":"Sword Boomerang","floor":1},{"not_picked":["Wild Strike","Feel No Pain"],"picked":"Anger","floor":2},{"not_picked":["Perfected Strike","Rage"],"picked":"Intimidate","floor":3},{"not_picked":["Evolve","Pommel Strike"],"picked":"Flex","floor":7},{"not_picked":["Dark Embrace","Blood for Blood"],"picked":"Flex","floor":8},{"not_picked":["Sword Boomerang","Combust"],"picked":"Heavy Blade","floor":11},{"not_picked":["Intimidate","Anger"],"picked":"Warcry","floor":14},{"not_picked":["Offering","Exhume"],"picked":"Limit Break","floor":16},{"not_picked":["Flex","Warcry+1"],"picked":"Shockwave","floor":18},{"not_picked":["Iron Wave","Clash"],"picked":"Bloodletting+1","floor":19},{"not_picked":["Thunderclap","Twin Strike"],"picked":"Armaments+1","floor":20},{"not_picked":["Clothesline","Rage+1"],"picked":"Shrug It Off","floor":21},{"not_picked":["Cleave","Entrench"],"picked":"Pummel","floor":22},{"not_picked":["Flame Barrier","Intimidate"],"picked":"Offering","floor":23},{"not_picked":["Shrug It Off","Uppercut","Feel No Pain"],"picked":"SKIP","floor":24},{"not_picked":["Sword Boomerang","Body Slam+1","Clothesline+1"],"picked":"SKIP","floor":24},{"not_picked":["Evolve","Spot Weakness","Wild Strike+1"],"picked":"SKIP","floor":29},{"not_picked":["Combust","Carnage","Havoc"],"picked":"SKIP","floor":31},{"not_picked":["Dark Embrace","Uppercut","Metallicize"],"picked":"SKIP","floor":31},{"not_picked":["Corruption","Barricade"],"picked":"Feed","floor":33},{"not_picked":["Power Through+1","Disarm+1"],"picked":"Battle Trance+1","floor":35},{"not_picked":["Rampage","Power Through","Sentinel+1"],"picked":"SKIP","floor":35},{"not_picked":["Clothesline+1","Body Slam+1"],"picked":"Disarm+1","floor":36},{"not_picked":["Dual Wield","Shrug It Off","Sword Boomerang"],"picked":"SKIP","floor":36},{"not_picked":["PanicButton","Good Instincts"],"picked":"Apotheosis","floor":37},{"not_picked":["Pummel","Burning Pact+1"],"picked":"Shrug It Off+1","floor":38},{"not_picked":["Bloodletting","Warcry"],"picked":"Thunderclap+1","floor":40},{"not_picked":["Body Slam+1","Reckless Charge","Havoc+1"],"picked":"SKIP","floor":40},{"not_picked":["Hemokinesis+1","Carnage+1","Second Wind"],"picked":"SKIP","floor":42},{"not_picked":["Cleave+1","Wild Strike","Shrug It Off"],"picked":"SKIP","floor":47},{"not_picked":["Clash+1","Entrench","Flex"],"picked":"SKIP","floor":47},{"not_picked":["Feed","Perfected Strike+1"],"picked":"Exhume","floor":48}],"player_experience":121695,"relics_obtained":[{"floor":7,"key":"Girya"},{"floor":9,"key":"Ginger"},{"floor":20,"key":"Red Mask"},{"floor":23,"key":"Prayer Wheel"},{"floor":26,"key":"Anchor"},{"floor":29,"key":"Matryoshka"},{"floor":38,"key":"CaptainsWheel"},{"floor":42,"key":"Regal Pillow"},{"floor":43,"key":"War Paint"},{"floor":43,"key":"Oddly Smooth Stone"},{"floor":46,"key":"MealTicket"},{"floor":48,"key":"Frozen Egg 2"}],"event_choices":[{"damage_healed":0,"gold_gain":0,"player_choice":"Success","damage_taken":18,"relics_obtained":["Gremlin Horn"],"max_hp_gain":0,"max_hp_loss":0,"event_name":"Scrap Ooze","floor":4,"gold_loss":0},{"damage_healed":0,"gold_gain":0,"player_choice":"Ignored","damage_taken":0,"max_hp_gain":0,"max_hp_loss":0,"event_name":"Liars Game","floor":5,"gold_loss":0},{"damage_healed":0,"gold_gain":0,"player_choice":"Grow","damage_taken":0,"max_hp_gain":0,"max_hp_loss":0,"event_name":"Living Wall","floor":12,"gold_loss":0,"cards_upgraded":["Flex"]},{"cards_removed":["Strike_R"],"damage_healed":0,"gold_gain":0,"player_choice":"Purged","damage_taken":0,"max_hp_gain":0,"max_hp_loss":0,"event_name":"Purifier","floor":13,"gold_loss":0},{"damage_healed":0,"gold_gain":0,"player_choice":"Fought Bandits","damage_taken":0,"max_hp_gain":0,"max_hp_loss":0,"event_name":"Masked Bandits","floor":20,"gold_loss":0},{"damage_healed":0,"gold_gain":0,"player_choice":"Copied","damage_taken":0,"max_hp_gain":0,"max_hp_loss":0,"event_name":"Duplicator","floor":28,"gold_loss":0,"cards_obtained":["Limit Break"]},{"damage_healed":0,"gold_gain":0,"player_choice":"Memory 1","damage_taken":0,"max_hp_gain":0,"max_hp_loss":0,"event_name":"SensoryStone","floor":37,"gold_loss":0},{"damage_healed":0,"gold_gain":0,"player_choice":"Fight","damage_taken":0,"max_hp_gain":0,"max_hp_loss":0,"event_name":"MindBloom","floor":38,"gold_loss":0}],"is_beta":false,"boss_relics":[{"not_picked":["Runic Dome","Fusion Hammer"],"picked":"Runic Pyramid"},{"not_picked":["SacredBark","Snecko Eye"],"picked":"Black Blood"}],"items_purged_floors":[25],"is_endless":false,"potions_floor_spawned":[1,8,14,20,21,22,35,42,47,48],"ascension_level":7}}