{"host":"63yhhrjweyj22b0v","time":1611543688,"event":{"mods":["BaseMod","Minty Spire (QoL Compilation)","Quick Restart"],"gold_per_floor":[116,116,116,134,134,134,134,134,134,144,104,115,148,164,164,259,259,271,224,224,7,19,19,19],"floor_reached":23,"language":"ENG","playtime":448,"items_purged":[],"score":189,"play_id":"38a7ba6c-fe19-4f9a-a35c-9a874e0ea20b","local_time":"20210124210128","is_ascension_mode":false,"campfire_choices":[{"data":"Redo","floor":6,"key":"SMITH"},{"data":"Ball Lightning","floor":8,"key":"SMITH"},{"floor":15,"key":"REST"}],"circlet_count":0,"master_deck":["Strike_B","Strike_B","Strike_B","Strike_B","Defend_B+1","Defend_B+1","Defend_B","Defend_B","Zap","Dualcast","Redo+1","Ball Lightning+1","Lockon","Darkness","Gash","Beam Cell","Barrage","Buffer","Sweeping Beam","Redo+1"],"relics":["Cracked Core","NeowsBlessing","Sundial","Vajra","Toxic Egg 2","Black Star","Membership Card","War Paint"],"acts_visited":["Exordium","TheCity"],"potions_floor_usage":[16,16],"damage_taken":[{"damage":0,"enemies":"Jaw Worm","floor":1,"turns":1},{"damage":0,"enemies":"2 Louse","floor":4,"turns":1},{"damage":0,"enemies":"Cultist","floor":10,"turns":1},{"damage":16,"enemies":"Large Slime","floor":12,"turns":2},{"damage":10,"enemies":"Gremlin Nob","floor":13,"turns":3},{"damage":13,"enemies":"Exordium Wildlife","floor":14,"turns":3},{"damage":24,"enemies":"Slime Boss","floor":16,"turns":7},{"damage":20,"enemies":"3 Byrds","floor":18,"turns":5},{"damage":22,"enemies":"2 Thieves","floor":22,"turns":3},{"damage":41,"enemies":"Slavers","floor":23,"turns":2}],"seed_played":"762394124134146976","potions_obtained":[{"floor":11,"key":"ColorlessPotion"},{"floor":11,"key":"EssenceOfSteel"},{"floor":11,"key":"CultistPotion"},{"floor":16,"key":"GamblersBrew"},{"floor":18,"key":"Swift Potion"}],"is_trial":false,"path_per_floor":["M","?","?","M","?","R","T","R","T","M","?","M","E","M","R","B",null,"M","$","T","$","M","E"],"character_chosen":"DEFECT","items_purchased":["Redo+1","Membership Card","War Paint"],"campfire_rested":1,"item_purchase_floors":[19,21,21],"current_hp_per_floor":[75,75,75,75,80,80,80,80,80,80,80,64,54,41,65,41,80,60,60,60,60,38,0,0],"gold":19,"neow_bonus":"THREE_ENEMY_KILL","is_daily":false,"chose_seed":false,"campfire_upgraded":2,"win_rate":0.0,"timestamp":1611543688,"path_taken":["M","?","?","?","?","R","?","R","T","M","?","M","E","M","R","BOSS","M","$","?","$","M","E"],"items_purchased_type":["Card","Relic","Relic"],"build_version":"2020-12-22","purchased_purges":0,"victory":false,"max_hp_per_floor":[75,75,75,75,80,80,80,80,80,80,80,80,80,80,80,80,80,80,80,80,80,80,80,80],"card_choices":[{"not_picked":["Sweeping Beam","Double Energy"],"picked":"Redo","floor":1},{"not_picked":["Hologram","Compile Driver"],"picked":"Lockon","floor":4},{"not_picked":["Heatsinks","Go for the Eyes"],"picked":"Darkness","floor":10},{"not_picked":["Blizzard","Steam Power"],"picked":"Gash","floor":12},{"not_picked":["Scrape","Go for the Eyes"],"picked":"Beam Cell","floor":13},{"not_picked":["Force Field+1","Stack+1"],"picked":"Barrage","floor":14},{"not_picked":["Biased Cognition","Rainbow+1"],"picked":"Buffer","floor":16},{"not_picked":["Stack+1","Cold Snap+1"],"picked":"Sweeping Beam","floor":18},{"not_picked":["Stack+1","Force Field+1","Hello World"],"picked":"SKIP","floor":22}],"player_experience":589485,"relics_obtained":[{"floor":7,"key":"Sundial"},{"floor":9,"key":"Vajra"},{"floor":13,"key":"Toxic Egg 2"}],"event_choices":[{"damage_healed":0,"gold_gain":0,"player_choice":"Ignored","damage_taken":0,"max_hp_gain":0,"max_hp_loss":0,"event_name":"Golden Wing","floor":2,"gold_loss":0},{"damage_healed":0,"gold_gain":0,"player_choice":"1 cards matched","damage_taken":0,"max_hp_gain":0,"max_hp_loss":0,"event_name":"Match and Keep!","floor":3,"gold_loss":0,"cards_obtained":["Ball Lightning"]},{"damage_healed":0,"gold_gain":0,"player_choice":"Donut","damage_taken":0,"max_hp_gain":5,"max_hp_loss":0,"event_name":"Big Fish","floor":5,"gold_loss":0},{"damage_healed":0,"gold_gain":0,"player_choice":"Bought 3 Potions","damage_taken":0,"max_hp_gain":0,"max_hp_loss":0,"event_name":"The Woman in Blue","floor":11,"gold_loss":0}],"is_beta":false,"boss_relics":[{"not_picked":["Runic Dome","Pandora\u0027s Box"],"picked":"Black Star"}],"items_purged_floors":[],"is_endless":false,"potions_floor_spawned":[13,14,16,18],"killed_by":"Slavers","ascension_level":0}}