{"host":"ny1uxs7aco9qql8p","time":1611605630,"event":{"mods":["AchievementEnabler","Alarm Clock","BaseMod","Bestiary","Colored Map","Colored Powertips","DeckTracker","Filter the Spire","Highlight Path","Minty Spire (QoL Compilation)","Permanent Neow","Quick Restart","Rare Cards Sparkle","Relic Stats"],"gold_per_floor":[116,116,129,147,159,159,184,149,149,164,164,179,197,209,209,311,311,329,343,353,45,45,78,93,93,93,121,133,133,133,232,232,332,332,347,359,373,10,27,27,27,27,27,44,44,63,75,75,75,75,75,75,40,70,70,70],"floor_reached":55,"language":"ENG","playtime":12270,"items_purged":["Strike_B"],"score":809,"play_id":"6fc4e0d1-a21e-4296-ace3-d819a800879b","local_time":"20210125151350","is_ascension_mode":true,"campfire_choices":[{"floor":6,"key":"REST"},{"floor":15,"key":"REST"},{"floor":25,"key":"REST"},{"floor":29,"key":"REST"},{"floor":32,"key":"REST"},{"floor":40,"key":"REST"},{"data":"Seek","floor":42,"key":"SMITH"},{"floor":45,"key":"RECALL"},{"floor":49,"key":"REST"},{"data":"Hello World","floor":52,"key":"SMITH"}],"circlet_count":0,"master_deck":["Strike_B","Defend_B","Zap","Dualcast","Hello World+1","Loop","Capacitor","Steam","Hologram","Chill","Consume","Hologram","Barrage","Barrage","Biased Cognition","Ball Lightning+1","Chill","Sweeping Beam","Loop","Recycle","Sweeping Beam","Rainbow","Lockon","Barrage+1","Rebound","Defragment","Biased Cognition","Heatsinks+1","Reinforced Body+1","Beam Cell+1","Stack","Undo+1","Glacier","Seek+1","Rip and Tear+1","Creative AI","Glacier+1","BootSequence+1","FTL","Conserve Battery+1"],"relics":["Cracked Core","Lizard Tail","Pear","Bottled Lightning","Sozu","Juzu Bracelet","FaceOfCleric","Anchor","Happy Flower","Astrolabe","Strawberry","Vajra","Bag of Preparation"],"acts_visited":["Exordium","TheCity","TheBeyond","TheEnding"],"potions_floor_usage":[5,23,55],"damage_taken":[{"damage":2,"enemies":"Jaw Worm","floor":1,"turns":3},{"damage":6,"enemies":"Small Slimes","floor":3,"turns":4},{"damage":1,"enemies":"Cultist","floor":4,"turns":4},{"damage":7,"enemies":"Lots of Slimes","floor":5,"turns":4},{"damage":52,"enemies":"Lagavulin","floor":7,"turns":7},{"damage":12,"enemies":"Gremlin Gang","floor":10,"turns":5},{"damage":5,"enemies":"2 Fungi Beasts","floor":12,"turns":5},{"damage":0,"enemies":"Exordium Wildlife","floor":13,"turns":4},{"damage":1,"enemies":"3 Louse","floor":14,"turns":4},{"damage":50,"enemies":"The Guardian","floor":16,"turns":10},{"damage":1,"enemies":"Chosen","floor":18,"turns":7},{"damage":13,"enemies":"Spheric Guardian","floor":19,"turns":5},{"damage":0,"enemies":"Chosen and Byrds","floor":20,"turns":6},{"damage":35,"enemies":"Book of Stabbing","floor":23,"turns":7},{"damage":12,"enemies":"3 Cultists","floor":24,"turns":5},{"damage":40,"enemies":"Gremlin Leader","floor":27,"turns":7},{"damage":30,"enemies":"Snake Plant","floor":28,"turns":5},{"damage":48,"enemies":"Collector","floor":33,"turns":8},{"damage":12,"enemies":"3 Shapes","floor":35,"turns":5},{"damage":29,"enemies":"Orb Walker","floor":36,"turns":4},{"damage":9,"enemies":"Jaw Worm Horde","floor":37,"turns":7},{"damage":34,"enemies":"Maw","floor":39,"turns":8},{"damage":28,"enemies":"3 Darklings","floor":44,"turns":8},{"damage":11,"enemies":"Jaw Worm Horde","floor":46,"turns":9},{"damage":42,"enemies":"Writhing Mass","floor":47,"turns":8},{"damage":26,"enemies":"Time Eater","floor":50,"turns":14},{"damage":84,"enemies":"Shield and Spear","floor":54,"turns":8},{"damage":9,"enemies":"The Heart","floor":55,"turns":2}],"seed_played":"8552596728670453702","potions_obtained":[{"floor":4,"key":"Energy Potion"},{"floor":5,"key":"Strength Potion"},{"floor":10,"key":"Energy Potion"}],"is_trial":false,"path_per_floor":["M","?","M","M","M","R","E","?","T","M","?","M","M","M","R","B",null,"M","M","M","$","?","E","M","R","T","E","M","R","?","?","R","B",null,"M","M","M","$","M","R","?","R","T","M","R","M","M","?","R","B",null,"R","$","E","B"],"character_chosen":"DEFECT","items_purchased":["Loop","Juzu Bracelet","Recycle","Sweeping Beam","Seek","Strawberry","FTL"],"campfire_rested":7,"item_purchase_floors":[21,21,21,21,38,38,53],"current_hp_per_floor":[73,61,55,54,47,69,27,48,48,36,36,31,31,30,55,5,85,84,71,71,71,71,37,26,52,52,13,29,55,55,55,81,34,90,79,51,43,50,17,47,88,88,88,61,61,51,10,10,37,12,92,92,92,9,0,0],"gold":70,"neow_bonus":"TRANSFORM_CARD","is_daily":false,"chose_seed":false,"campfire_upgraded":2,"win_rate":0.0,"timestamp":1611605630,"path_taken":["M","?","M","M","M","R","E","?","T","M","?","M","M","M","R","BOSS","M","?","M","$","?","E","M","R","T","E","M","R","?","?","R","BOSS","M","M","M","$","M","R","?","R","T","M","R","M","M","?","R","BOSS","R","$","E","BOSS"],"items_purchased_type":["Card","Relic","Card","Card","Card","Relic","Card"],"build_version":"2020-12-22","purchased_purges":1,"victory":false,"max_hp_per_floor":[75,75,75,75,75,75,85,85,85,85,85,85,85,85,85,85,85,85,85,85,85,85,86,87,87,87,88,89,89,89,89,89,90,90,91,92,93,100,101,101,88,88,88,89,89,90,91,91,91,92,92,92,92,93,93,93],"relic_stats":{"Sozu":6,"Lizard Tail":44,"FaceOfCleric":14,"Happy Flower":[28],"counters":[28,173],"Astrolabe":["Heatsinks","Reinforced Body","Beam Cell"],"Juzu Bracelet":2,"Bag of Preparation":[2],"obtain_stats":[{"Pear":7,"Happy Flower":27,"Astrolabe":34,"Vajra":43,"Juzu Bracelet":21,"Bag of Preparation":54,"Sozu":17,"Lizard Tail":2,"Anchor":23,"FaceOfCleric":22,"Strawberry":38,"Bottled Lightning":9,"Cracked Core":0},{"Pear":5,"Happy Flower":16,"Astrolabe":18,"Vajra":22,"Juzu Bracelet":13,"Bag of Preparation":27,"Sozu":10,"Lizard Tail":1,"Anchor":14,"FaceOfCleric":13,"Strawberry":21,"Bottled Lightning":5,"Cracked Core":0},{"Pear":22,"Happy Flower":87,"Astrolabe":100,"Vajra":124,"Juzu Bracelet":68,"Bag of Preparation":171,"Sozu":50,"Lizard Tail":3,"Anchor":75,"FaceOfCleric":68,"Strawberry":116,"Bottled Lightning":22,"Cracked Core":0}]},"card_choices":[{"not_picked":["Hologram","Cold Snap"],"picked":"Loop","floor":1},{"not_picked":["Steam Power","Aggregate"],"picked":"Capacitor","floor":3},{"not_picked":["Hologram","Sweeping Beam"],"picked":"Steam","floor":4},{"not_picked":["Sunder","Turbo"],"picked":"Hologram","floor":5},{"not_picked":["Conserve Battery","Reboot"],"picked":"Chill","floor":7},{"not_picked":["Stack","Reprogram"],"picked":"Consume","floor":10},{"not_picked":["Ball Lightning","Chaos"],"picked":"Hologram","floor":12},{"not_picked":["Beam Cell","Ball Lightning"],"picked":"Barrage","floor":13},{"not_picked":["Steam","Ball Lightning"],"picked":"Barrage","floor":14},{"not_picked":["Seek","Machine Learning"],"picked":"Biased Cognition","floor":16},{"not_picked":["Cold Snap","Aggregate+1"],"picked":"Ball Lightning+1","floor":18},{"not_picked":["Cold Snap","Steam"],"picked":"Chill","floor":19},{"not_picked":["Turbo","Hologram"],"picked":"Sweeping Beam","floor":20},{"not_picked":["Skim","Leap"],"picked":"Rainbow","floor":23},{"not_picked":["White Noise","Stack"],"picked":"Lockon","floor":24},{"not_picked":["Rebound+1","Conserve Battery+1"],"picked":"Barrage+1","floor":27},{"not_picked":["Scrape","Beam Cell"],"picked":"Rebound","floor":28},{"not_picked":["Machine Learning","Amplify"],"picked":"Biased Cognition","floor":33},{"not_picked":["White Noise","Reinforced Body+1"],"picked":"Stack","floor":35},{"not_picked":["Hologram+1","Leap+1"],"picked":"Undo+1","floor":36},{"not_picked":["Turbo+1","Scrape"],"picked":"Glacier","floor":37},{"not_picked":["FTL+1","Cold Snap+1"],"picked":"Rip and Tear+1","floor":39},{"not_picked":["Stack","Compile Driver"],"picked":"Creative AI","floor":44},{"not_picked":["Streamline","Coolheaded"],"picked":"Glacier+1","floor":46},{"not_picked":["Hologram","Consume"],"picked":"BootSequence+1","floor":47},{"not_picked":["Recycle+1","Self Repair"],"picked":"Conserve Battery+1","floor":54}],"player_experience":272123,"relics_obtained":[{"floor":7,"key":"Pear"},{"floor":9,"key":"Bottled Lightning"},{"floor":23,"key":"Anchor"},{"floor":27,"key":"Happy Flower"},{"floor":43,"key":"Vajra"},{"floor":54,"key":"Bag of Preparation"}],"event_choices":[{"damage_healed":0,"gold_gain":0,"player_choice":"Success","damage_taken":12,"relics_obtained":["Lizard Tail"],"max_hp_gain":0,"max_hp_loss":0,"event_name":"Scrap Ooze","floor":2,"gold_loss":0},{"damage_healed":21,"gold_gain":0,"player_choice":"Healed","damage_taken":0,"max_hp_gain":0,"max_hp_loss":0,"event_name":"The Cleric","floor":8,"gold_loss":35},{"cards_removed":["Strike_B"],"damage_healed":0,"gold_gain":0,"player_choice":"Offered Basic","damage_taken":0,"max_hp_gain":0,"max_hp_loss":0,"event_name":"Bonfire Elementals","floor":11,"gold_loss":0},{"damage_healed":0,"gold_gain":0,"player_choice":"Trade","damage_taken":0,"relics_obtained":["FaceOfCleric"],"max_hp_gain":0,"max_hp_loss":0,"event_name":"FaceTrader","floor":22,"gold_loss":0},{"damage_healed":0,"gold_gain":0,"player_choice":"Read","damage_taken":0,"max_hp_gain":0,"max_hp_loss":0,"event_name":"The Library","floor":30,"gold_loss":0,"cards_obtained":["Defragment"]},{"damage_healed":0,"gold_gain":99,"player_choice":"Stole From Cult","damage_taken":0,"max_hp_gain":0,"max_hp_loss":0,"event_name":"Nest","floor":31,"gold_loss":0},{"damage_healed":88,"gold_gain":0,"player_choice":"Heal","damage_taken":0,"max_hp_gain":0,"max_hp_loss":13,"event_name":"The Moai Head","floor":41,"gold_loss":0},{"damage_healed":0,"gold_gain":0,"player_choice":"Ignored","damage_taken":0,"max_hp_gain":0,"max_hp_loss":0,"event_name":"Mysterious Sphere","floor":48,"gold_loss":0}],"is_beta":false,"boss_relics":[{"not_picked":["Busted Crown","Fusion Hammer"],"picked":"Sozu"},{"not_picked":["Runic Pyramid","SacredBark"],"picked":"Astrolabe"}],"items_purged_floors":[38],"is_endless":false,"potions_floor_spawned":[4,5,10,23,27,28,33,36,37],"killed_by":"The Heart","ascension_level":2}}