{"host":"dvpvhz1t6etneyb3","time":1611594824,"event":{"mods":["AchievementEnabler","BaseMod","Colored Map","Highlight Path","Minty Spire (QoL Compilation)","Permanent Neow","Quick Restart"],"gold_per_floor":[18,18,29,43,58,92,114,114,114,149,149,149,183,193,193,278,278,301,261,270,314,12,12,52,52,352,393,420,460,488,508,508,594,594,616,616,640,140,160,204,204,230,230,275,316,316,329,347,347,347,347],"floor_reached":50,"language":"ENG","playtime":4144,"items_purged":["Strike_G","Writhe"],"score":1466,"play_id":"ab9b2aea-af85-485a-bbcd-912f634669a0","local_time":"20210125121344","is_ascension_mode":true,"campfire_choices":[{"data":"Malaise","floor":8.0,"key":"SMITH"},{"data":"Burst","floor":11.0,"key":"SMITH"},{"floor":15.0,"key":"REST"},{"data":"Wraith Form v2","floor":23.0,"key":"SMITH"},{"data":"Footwork","floor":25.0,"key":"SMITH"},{"data":"Ghostly","floor":32,"key":"SMITH"},{"data":"Ghostly","floor":41,"key":"SMITH"},{"floor":46,"key":"RECALL"},{"data":"Ghostly","floor":49,"key":"SMITH"}],"circlet_count":0,"master_deck":["AscendersBane","Strike_G","Strike_G","Defend_G","Defend_G","Defend_G","Defend_G","Survivor","Neutralize+1","Dash","Poisoned Stab","Malaise+1","Burst+1","Deadly Poison","Footwork+1","Well Laid Plans","Wraith Form v2+1","PiercingWail","Backstab","Caltrops","Master of Strategy","Cloak And Dagger","Dagger Spray","Crippling Poison+1","Ghostly+1","Ghostly+1","Ghostly+1","Setup+1","A Thousand Cuts","Dodge and Roll","Wraith Form v2","Blur","Deadly Poison+1","Crippling Poison","Cloak And Dagger+1","Backflip","Blade Dance+1","Madness","Madness"],"relics":["Ring of the Snake","CeramicFish","CaptainsWheel","Ornamental Fan","Thread and Needle","Philosopher\u0027s Stone","Eternal Feather","Red Mask","Vajra","Old Coin","Question Card","Boot","Sozu","TungstenRod","Ancient Tea Set","Orichalcum","FossilizedHelix","Prayer Wheel"],"acts_visited":["Exordium","TheCity","TheBeyond"],"potions_floor_usage":[50],"damage_taken":[{"damage":0.0,"enemies":"Small Slimes","floor":1.0,"turns":4.0},{"damage":0.0,"enemies":"Cultist","floor":3.0,"turns":4.0},{"damage":0.0,"enemies":"2 Louse","floor":4.0,"turns":3.0},{"damage":3.0,"enemies":"Looter","floor":5.0,"turns":3.0},{"damage":11.0,"enemies":"Gremlin Nob","floor":6.0,"turns":4.0},{"damage":1.0,"enemies":"2 Fungi Beasts","floor":7.0,"turns":4.0},{"damage":2.0,"enemies":"Lagavulin","floor":10.0,"turns":6.0},{"damage":32.0,"enemies":"3 Sentries","floor":13.0,"turns":14.0},{"damage":6.0,"enemies":"Exordium Wildlife","floor":14.0,"turns":7.0},{"damage":6.0,"enemies":"Hexaghost","floor":16.0,"turns":11.0},{"damage":0.0,"enemies":"Spheric Guardian","floor":18.0,"turns":7.0},{"damage":1.0,"enemies":"2 Thieves","floor":19.0,"turns":5.0},{"damage":24.0,"enemies":"Masked Bandits","floor":21.0,"turns":8.0},{"damage":8.0,"enemies":"Gremlin Leader","floor":24.0,"turns":13.0},{"damage":2.0,"enemies":"Book of Stabbing","floor":27.0,"turns":7.0},{"damage":0,"enemies":"Slavers","floor":29,"turns":9},{"damage":0,"enemies":"Snecko","floor":30,"turns":7},{"damage":0,"enemies":"Shelled Parasite and Fungi","floor":31,"turns":7},{"damage":4,"enemies":"Collector","floor":33,"turns":15},{"damage":0,"enemies":"3 Shapes","floor":35,"turns":8},{"damage":0,"enemies":"3 Darklings","floor":37,"turns":7},{"damage":0,"enemies":"Transient","floor":39,"turns":6},{"damage":0,"enemies":"Reptomancer","floor":40,"turns":9},{"damage":0,"enemies":"Nemesis","floor":42,"turns":10},{"damage":11,"enemies":"2 Orb Walkers","floor":44,"turns":7},{"damage":0,"enemies":"Reptomancer","floor":45,"turns":8},{"damage":0,"enemies":"Maw","floor":47,"turns":8},{"damage":37,"enemies":"Time Eater","floor":50,"turns":20}],"seed_played":"540171233452185093","potions_obtained":[{"floor":5.0,"key":"DistilledChaos"},{"floor":6.0,"key":"CultistPotion"},{"floor":10.0,"key":"SneckoOil"},{"floor":18.0,"key":"PowerPotion"},{"floor":24.0,"key":"Ancient Potion"},{"floor":27.0,"key":"Weak Potion"}],"is_trial":false,"path_per_floor":["M","?","M","M","M","E","M","R","T","E","R","?","E","M","R","B",null,"M","M","?","?","$","R","E","R","T","E","?","E","M","M","R","B",null,"M","?","M","$","M","E","R","E","T","?","E","R","M","?","R","B"],"character_chosen":"THE_SILENT","items_purchased":["Master of Strategy","Cloak And Dagger","TungstenRod","Crippling Poison"],"campfire_rested":1,"item_purchase_floors":[22,22,38,38],"current_hp_per_floor":[59,59,59,59,56,45,44,44,44,42,42,47,15,9,30,24,59,59,58,58,34,34,46,38,53,53,51,35,35,35,35,35,31,34,34,34,34,34,34,34,35,35,35,24,24,35,35,30,35,0,0],"gold":347,"neow_bonus":"REMOVE_TWO","is_daily":false,"chose_seed":false,"campfire_upgraded":7,"win_rate":0.0,"timestamp":1611594824,"path_taken":["M","?","M","?","M","E","M","R","T","E","R","?","E","M","R","BOSS","M","M","?","?","$","R","E","R","T","E","?","E","?","M","R","BOSS","M","?","M","$","M","E","R","E","T","?","E","R","M","?","R","BOSS"],"items_purchased_type":["Card","Card","Relic","Card"],"build_version":"2020-12-22","purchased_purges":2,"victory":false,"max_hp_per_floor":[66,66,66,66,66,66,66,66,66,66,66,71,71,71,71,71,71,71,71,71,71,71,71,71,71,71,71,35,35,35,35,35,35,35,35,35,35,35,35,35,35,35,35,35,35,35,35,35,35,35,35],"card_choices":[{"not_picked":["Acrobatics","Deflect","Prepared"],"picked":"SKIP","floor":1.0},{"not_picked":["PiercingWail","Choke"],"picked":"Dash","floor":3.0},{"not_picked":["Prepared","Quick Slash"],"picked":"Poisoned Stab","floor":4.0},{"not_picked":["Cloak And Dagger","Dodge and Roll"],"picked":"Malaise","floor":5.0},{"not_picked":["Outmaneuver","Sucker Punch"],"picked":"Burst","floor":6.0},{"not_picked":["PiercingWail","Poisoned Stab"],"picked":"Deadly Poison","floor":7.0},{"not_picked":["Riddle With Holes","Crippling Poison"],"picked":"Footwork","floor":10.0},{"not_picked":["PiercingWail","Noxious Fumes"],"picked":"Well Laid Plans","floor":13.0},{"not_picked":["Terror","Prepared","Dagger Throw"],"picked":"SKIP","floor":14.0},{"not_picked":["Adrenaline","Bullet Time"],"picked":"Wraith Form v2","floor":16.0},{"not_picked":["Prepared","Dagger Throw+1"],"picked":"PiercingWail","floor":18.0},{"not_picked":["Dagger Throw","Poisoned Stab"],"picked":"Backstab","floor":19.0},{"not_picked":["All Out Attack+1","Underhanded Strike"],"picked":"Caltrops","floor":21.0},{"not_picked":["Sucker Punch","Reflex"],"picked":"Dagger Spray","floor":24.0},{"not_picked":["Sucker Punch","Dodge and Roll"],"picked":"Crippling Poison+1","floor":27.0},{"not_picked":["Bane","Deflect","Heel Hook"],"picked":"Setup+1","floor":29},{"not_picked":["Outmaneuver","PiercingWail","Dagger Spray"],"picked":"A Thousand Cuts","floor":30},{"not_picked":["Acrobatics","Backflip","PiercingWail"],"picked":"Dodge and Roll","floor":31},{"not_picked":["Adrenaline","Malaise","Tools of the Trade"],"picked":"Wraith Form v2","floor":33},{"not_picked":["Slice","Outmaneuver","Caltrops"],"picked":"Blur","floor":35},{"not_picked":["Dagger Throw","Dagger Spray","Reflex"],"picked":"Deadly Poison+1","floor":37},{"not_picked":["Footwork","Eviscerate","Deflect+1"],"picked":"Cloak And Dagger+1","floor":39},{"not_picked":["Footwork","Poisoned Stab+1","Prepared+1"],"picked":"Backflip","floor":40},{"not_picked":["Venomology","Reflex","Slice+1","Escape Plan"],"picked":"SKIP","floor":42},{"not_picked":["After Image","PiercingWail+1","Calculated Gamble"],"picked":"Blade Dance+1","floor":45},{"not_picked":["Escape Plan","Eviscerate","Cloak And Dagger","Dodge and Roll"],"picked":"SKIP","floor":47},{"not_picked":["Eviscerate","Dagger Spray+1","Underhanded Strike","Caltrops"],"picked":"SKIP","floor":47}],"player_experience":2064978,"relics_obtained":[{"floor":6.0,"key":"CeramicFish"},{"floor":9.0,"key":"CaptainsWheel"},{"floor":10.0,"key":"Ornamental Fan"},{"floor":13.0,"key":"Thread and Needle"},{"floor":21.0,"key":"Red Mask"},{"floor":24.0,"key":"Vajra"},{"floor":26.0,"key":"Old Coin"},{"floor":27.0,"key":"Question Card"},{"floor":29,"key":"Boot"},{"floor":40,"key":"Ancient Tea Set"},{"floor":42,"key":"Orichalcum"},{"floor":44,"key":"FossilizedHelix"},{"floor":45,"key":"Prayer Wheel"}],"event_choices":[{"damage_healed":0.0,"max_hp_gain":0.0,"max_hp_loss":0.0,"gold_gain":0.0,"event_name":"Upgrade Shrine","player_choice":"Upgraded","floor":2.0,"gold_loss":0.0,"damage_taken":0.0,"cards_upgraded":["Neutralize"]},{"damage_healed":0.0,"max_hp_gain":5.0,"max_hp_loss":0.0,"gold_gain":0.0,"event_name":"Big Fish","player_choice":"Donut","floor":12.0,"gold_loss":0.0,"damage_taken":0.0},{"damage_healed":0.0,"max_hp_gain":0.0,"max_hp_loss":0.0,"gold_gain":0.0,"event_name":"The Mausoleum","player_choice":"Opened","floor":20.0,"gold_loss":0.0,"damage_taken":0.0,"relics_obtained":["Eternal Feather"],"cards_obtained":["Writhe"]},{"damage_healed":0.0,"max_hp_gain":0.0,"max_hp_loss":0.0,"gold_gain":0.0,"event_name":"Masked Bandits","player_choice":"Fought Bandits","floor":21.0,"gold_loss":0.0,"damage_taken":0.0},{"damage_healed":0,"gold_gain":0,"player_choice":"Became a Ghost","damage_taken":0,"max_hp_gain":0,"max_hp_loss":36,"event_name":"Ghosts","floor":28,"gold_loss":0,"cards_obtained":["Ghostly","Ghostly","Ghostly"]},{"cards_removed":["Strike_G"],"damage_healed":0,"gold_gain":0,"player_choice":"Removed Attack","damage_taken":0,"max_hp_gain":0,"max_hp_loss":0,"event_name":"Falling","floor":36,"gold_loss":0},{"damage_healed":0,"gold_gain":0,"player_choice":"Fight","damage_taken":0,"max_hp_gain":0,"max_hp_loss":0,"event_name":"Mysterious Sphere","floor":44,"gold_loss":0},{"damage_healed":0,"gold_gain":0,"player_choice":"Embrace Madness","damage_taken":6,"max_hp_gain":0,"max_hp_loss":0,"event_name":"Winding Halls","floor":48,"gold_loss":0,"cards_obtained":["Madness","Madness"]}],"is_beta":false,"boss_relics":[{"not_picked":["Calling Bell","Runic Dome"],"picked":"Philosopher\u0027s Stone"},{"not_picked":["Empty Cage","SacredBark"],"picked":"Sozu"}],"items_purged_floors":[22,38],"is_endless":false,"potions_floor_spawned":[5,6,10,13,18,24,27,30,35,37,42,45],"killed_by":"Time Eater","ascension_level":20}}