{"host":"v54ek091sdz7ha6h","time":1611617599,"event":{"mods":["BaseMod","Better Vampires","Colored Map","Colored Powertips","DeckTracker","Downfall","Friendly Minions","Highlight Path","KOR Keyword Fix","Minty Spire (QoL Compilation)","Rare Cards Sparkle","Relic Stats","StSLib","SuperFastMode"],"gold_per_floor":[99,118,136,136,151,181,181,181,91,103,116,141,41,41,55,55,55,55],"floor_reached":16,"language":"ENG","playtime":634,"items_purged":["champ:Strike"],"score":118,"play_id":"63fa4657-8ee8-4df4-ab6f-11d2bee377dc","local_time":"20210126083319","is_ascension_mode":true,"campfire_choices":[{"data":"champ:Taunt","floor":1,"key":"SMITH"},{"data":"champ:MurderStrike","floor":8,"key":"SMITH"},{"floor":13,"key":"RECALL"}],"circlet_count":0,"master_deck":["champ:Strike","champ:Strike","champ:Strike","champ:Defend","champ:Defend","champ:Defend","champ:Execute","champ:Taunt+1","champ:ShieldThrow","champ:TornadoPunch","champ:DefensiveShout","champ:MurderStrike+1","champ:UltimateStance","champ:Circumvent","champ:SkillfulDodge","champ:IronFortress"],"relics":["champ:ChampionCrown","Slimebound:PreparedRelic","Blood Vial","downfall:HeartBlessingBlue"],"acts_visited":["Exordium"],"potions_floor_usage":[],"damage_taken":[{"damage":10,"enemies":"Cultist","floor":2,"turns":3},{"damage":10,"enemies":"2 Louse","floor":3,"turns":3},{"damage":10,"enemies":"Small Slimes","floor":5,"turns":3},{"damage":47,"enemies":"3 Sentries","floor":6,"turns":6},{"damage":30,"enemies":"downfall:FleeingMerchant","floor":9,"turns":4},{"damage":2,"enemies":"Blue Slaver","floor":10,"turns":3},{"damage":21,"enemies":"Exordium Wildlife","floor":11,"turns":3},{"damage":18,"enemies":"Gremlin Nob","floor":12,"turns":4},{"damage":0,"enemies":"3 Louse","floor":15,"turns":2},{"damage":23,"enemies":"SI_SHIV_ARCHETYPE","floor":16,"turns":5}],"seed_played":"-5539734596205154743","potions_obtained":[{"floor":3,"key":"FearPotion"},{"floor":6,"key":"PowerPotion"},{"floor":12,"key":"Slimebound:ThreeZeroPotion"}],"is_trial":false,"path_per_floor":["R","M","M","?","M","E","T","R","$","M","M","E","R","?","M","B"],"character_chosen":"THE_CHAMP","items_purchased":[],"campfire_rested":0,"item_purchase_floors":[],"current_hp_per_floor":[90,90,90,55,55,28,28,28,28,26,20,7,17,17,19,0,0,0],"gold":55,"neow_bonus":"ONE_RANDOM_RARE_CARD","is_daily":false,"chose_seed":false,"campfire_upgraded":2,"win_rate":0.0,"timestamp":1611617599,"path_taken":["R","?","M","?","M","E","T","R","$","M","?","E","R","?","M","BOSS"],"items_purchased_type":[],"build_version":"2020-12-22","purchased_purges":1,"victory":false,"max_hp_per_floor":[90,90,90,90,90,90,90,90,90,90,90,90,100,100,100,100,100,100],"relic_stats":{"Blood Vial":4,"counters":[10,36],"obtain_stats":[{"Blood Vial":12,"downfall:HeartBlessingBlue":13,"champ:ChampionCrown":0,"Slimebound:PreparedRelic":6},{"Blood Vial":8,"downfall:HeartBlessingBlue":8,"champ:ChampionCrown":0,"Slimebound:PreparedRelic":4},{"Blood Vial":29,"downfall:HeartBlessingBlue":29,"champ:ChampionCrown":0,"Slimebound:PreparedRelic":15}]},"card_choices":[{"not_picked":["champ:EnragedBash","champ:DeathBlow"],"picked":"champ:TornadoPunch","floor":2},{"not_picked":["champ:Shatter","champ:EnragedBash"],"picked":"champ:DefensiveShout","floor":3},{"not_picked":["champ:Parry","champ:FanOfKnives"],"picked":"champ:MurderStrike","floor":5},{"not_picked":["champ:FanOfKnives","champ:GladiatorStyle","champ:EndlessRage"],"picked":"SKIP","floor":6},{"not_picked":["champ:BringItOn","champ:Shatter"],"picked":"champ:UltimateStance","floor":9},{"not_picked":["champ:Endure","champ:AdrenalArmor"],"picked":"champ:Circumvent","floor":10},{"not_picked":["champ:DefensiveStyle","champ:Circumvent"],"picked":"champ:SkillfulDodge","floor":11},{"not_picked":["champ:IgnorePain","champ:Shatter","champ:FalseCounter"],"picked":"SKIP","floor":12},{"not_picked":["champ:BerserkersShout","champ:FalseCounter"],"picked":"champ:IronFortress","floor":15}],"player_experience":1723539,"relics_obtained":[{"floor":6,"key":"Slimebound:PreparedRelic"},{"floor":12,"key":"Blood Vial"}],"event_choices":[],"is_beta":false,"boss_relics":[],"items_purged_floors":[9],"is_endless":false,"potions_floor_spawned":[3,6,12],"killed_by":"SI_SHIV_ARCHETYPE","ascension_level":1}}