{"host":"x3xr1fzypq6qqz5s","time":1611604581,"event":{"mods":["BaseMod","Better Vampires","Colored Powertips","DeckTracker","Highlight Path","Minty Spire (QoL Compilation)","Quick Restart","Rare Cards Sparkle","Relic Stats"],"gold_per_floor":[119,129,142,67,77,77,77,152,152,152,166,166,193,48,48,145,145,162,181,195,213,213,243,243,243,243,263,21,21,35,35,35,138,138,158,158,172,172,172,172,192,192,192],"floor_reached":42,"language":"ZHS","playtime":2429,"items_purged":["Strike_G","Strike_G"],"score":438,"play_id":"4854f68c-3a7e-4527-bf8f-659e7eeeb198","local_time":"20210126035621","is_ascension_mode":false,"campfire_choices":[{"data":"Noxious Fumes","floor":6.0,"key":"SMITH"},{"data":"Neutralize","floor":12.0,"key":"SMITH"},{"data":"Bane","floor":15.0,"key":"SMITH"},{"floor":24.0,"key":"REST"},{"data":"Mayhem","floor":29.0,"key":"SMITH"},{"floor":32.0,"key":"REST"}],"circlet_count":0,"master_deck":["Strike_G","Strike_G","Defend_G","Defend_G","Defend_G","Defend_G","Survivor","Neutralize+1","Noxious Fumes+1","Bane+1","Poisoned Stab","Deadly Poison","Well Laid Plans","Venomology","Noxious Fumes","Leg Sweep","Mayhem+1","Bullet Time","Backflip+1","Noxious Fumes+1"],"relics":["Ring of the Snake","Odd Mushroom","SacredBark","Omamori","Nloth\u0027s Gift","Lantern","Calling Bell","Centennial Puzzle","Singing Bowl","Tingsha","Ninja Scroll"],"acts_visited":["Exordium","TheCity","TheBeyond"],"potions_floor_usage":[41,41,41,42,42],"damage_taken":[{"damage":0.0,"enemies":"Cultist","floor":1.0,"turns":5.0},{"damage":0.0,"enemies":"Jaw Worm","floor":2.0,"turns":6.0},{"damage":0.0,"enemies":"Small Slimes","floor":3.0,"turns":3.0},{"damage":0.0,"enemies":"2 Fungi Beasts","floor":5.0,"turns":3.0},{"damage":0.0,"enemies":"Looter","floor":11.0,"turns":3.0},{"damage":6.0,"enemies":"The Mushroom Lair","floor":13.0,"turns":4.0},{"damage":14.0,"enemies":"Hexaghost","floor":16.0,"turns":8.0},{"damage":6.0,"enemies":"Shell Parasite","floor":18.0,"turns":4.0},{"damage":2.0,"enemies":"3 Byrds","floor":19.0,"turns":5.0},{"damage":5.0,"enemies":"Snecko","floor":20.0,"turns":7.0},{"damage":4.0,"enemies":"Cultist and Chosen","floor":21.0,"turns":7.0},{"damage":31.0,"enemies":"Gremlin Leader","floor":23.0,"turns":5.0},{"damage":0.0,"enemies":"Centurion and Healer","floor":27.0,"turns":7.0},{"damage":17.0,"enemies":"Sentry and Sphere","floor":30.0,"turns":6.0},{"damage":35.0,"enemies":"Automaton","floor":33.0,"turns":11.0},{"damage":15.0,"enemies":"Orb Walker","floor":35.0,"turns":5.0},{"damage":40.0,"enemies":"3 Shapes","floor":37.0,"turns":6.0},{"damage":0.0,"enemies":"Nemesis","floor":40.0,"turns":1.0},{"damage":6,"enemies":"Sphere and 2 Shapes","floor":41,"turns":5},{"damage":6,"enemies":"3 Darklings","floor":42,"turns":2}],"seed_played":"5615331789280680920","potions_obtained":[{"floor":2.0,"key":"Poison Potion"},{"floor":3.0,"key":"Dexterity Potion"},{"floor":16.0,"key":"Strength Potion"},{"floor":18.0,"key":"PowerPotion"},{"floor":19.0,"key":"DuplicationPotion"},{"floor":30.0,"key":"EntropicBrew"},{"floor":31.0,"key":"SmokeBomb"}],"is_trial":false,"path_per_floor":["M","M","M","$","M","R","?","?","T","?","M","R","?","$","R","B",null,"M","M","M","M","?","E","R","?","T","M","$","R","M","?","R","B",null,"M","?","M","T","?","E","M","M"],"character_chosen":"THE_SILENT","items_purchased":["Well Laid Plans","Leg Sweep","Mayhem"],"campfire_rested":2,"item_purchase_floors":[14,28,28],"current_hp_per_floor":[70,70,70,70,70,70,70,59,59,52,52,52,46,46,46,32,70,64,62,57,53,53,22,43,43,43,43,43,43,26,26,47,12,70,55,55,15,15,15,15,11,5,5],"gold":192,"neow_bonus":"REMOVE_CARD","is_daily":false,"chose_seed":false,"campfire_upgraded":4,"win_rate":0.0,"timestamp":1611604581,"path_taken":["M","M","M","?","M","R","?","?","T","?","M","R","?","$","R","BOSS","M","M","M","M","?","E","R","?","T","?","$","R","M","?","R","BOSS","M","?","M","?","?","E","?","M"],"items_purchased_type":["Card","Card","Card"],"build_version":"2020-12-22","purchased_purges":2,"victory":false,"max_hp_per_floor":[70,70,70,70,70,70,70,70,70,70,70,70,70,70,70,70,70,70,70,70,70,70,70,70,70,70,70,70,70,70,70,70,70,70,70,70,70,70,70,70,72,72,72],"relic_stats":{"Centennial Puzzle":[12],"Singing Bowl":2,"counters":[20,103],"Tingsha":[6],"Nloth\u0027s Gift":0,"obtain_stats":[{"Calling Bell":34,"Lantern":26,"Centennial Puzzle":34,"Singing Bowl":34,"Ninja Scroll":38,"SacredBark":17,"Tingsha":34,"The Courier":7,"Omamori":23,"Nloth\u0027s Gift":25,"Odd Mushroom":13,"Ring of the Snake":0},{"Calling Bell":15,"Lantern":12,"Centennial Puzzle":15,"Singing Bowl":15,"Ninja Scroll":17,"SacredBark":7,"Tingsha":15,"The Courier":4,"Omamori":12,"Nloth\u0027s Gift":12,"Odd Mushroom":6,"Ring of the Snake":0},{"Calling Bell":84,"Lantern":60,"Centennial Puzzle":84,"Singing Bowl":84,"Ninja Scroll":95,"SacredBark":32,"Tingsha":84,"The Courier":17,"Omamori":60,"Nloth\u0027s Gift":60,"Odd Mushroom":24,"Ring of the Snake":0}],"Ring of the Snake":[40]},"card_choices":[{"not_picked":["PiercingWail","Crippling Poison"],"picked":"Noxious Fumes","floor":1.0},{"not_picked":["Poisoned Stab","Prepared"],"picked":"Bane","floor":2.0},{"not_picked":["Prepared","Dodge and Roll"],"picked":"Poisoned Stab","floor":3.0},{"not_picked":["Heel Hook","PiercingWail"],"picked":"Deadly Poison","floor":5.0},{"not_picked":["Grand Finale","Sucker Punch","Deflect"],"picked":"SKIP","floor":11.0},{"not_picked":["Die Die Die","Doppelganger"],"picked":"Venomology","floor":16.0},{"not_picked":["Bane","Dagger Spray","Underhanded Strike"],"picked":"SKIP","floor":18.0},{"not_picked":["Riddle With Holes","PiercingWail","Expertise+1"],"picked":"SKIP","floor":19.0},{"not_picked":["Quick Slash","Reflex","Calculated Gamble+1"],"picked":"SKIP","floor":20.0},{"not_picked":["Outmaneuver","Quick Slash","Riddle With Holes"],"picked":"SKIP","floor":21.0},{"not_picked":["Dagger Throw","Concentrate","Endless Agony"],"picked":"SKIP","floor":23.0},{"not_picked":["Dodge and Roll+1","Bane"],"picked":"Noxious Fumes","floor":27.0},{"not_picked":["Expertise+1","Slice","Dagger Throw"],"picked":"SKIP","floor":30.0},{"not_picked":["Venomology","After Image"],"picked":"Bullet Time","floor":33.0},{"not_picked":["Flying Knee+1","Bane+1"],"picked":"Backflip+1","floor":35.0},{"not_picked":["Tactician","Dodge and Roll"],"picked":"Noxious Fumes+1","floor":37.0},{"not_picked":["Terror","Sucker Punch","Accuracy+1"],"picked":"Singing Bowl","floor":41}],"player_experience":628970,"relics_obtained":[{"floor":13.0,"key":"Odd Mushroom"},{"floor":23.0,"key":"Omamori"},{"floor":26.0,"key":"Lantern"},{"floor":34.0,"key":"Centennial Puzzle"},{"floor":34.0,"key":"Singing Bowl"},{"floor":34.0,"key":"Tingsha"},{"floor":38.0,"key":"Ninja Scroll"}],"event_choices":[{"damage_healed":0.0,"max_hp_gain":0.0,"max_hp_loss":0.0,"gold_gain":0.0,"event_name":"Big Fish","player_choice":"Box","floor":7.0,"gold_loss":0.0,"damage_taken":0.0,"relics_obtained":["The Courier"],"cards_obtained":["Regret"]},{"damage_healed":0.0,"max_hp_gain":0.0,"max_hp_loss":0.0,"gold_gain":75.0,"event_name":"World of Goop","player_choice":"Gather Gold","floor":8.0,"gold_loss":0.0,"damage_taken":11.0},{"cards_removed":["Regret"],"damage_healed":0.0,"max_hp_gain":0.0,"max_hp_loss":0.0,"gold_gain":0.0,"event_name":"Golden Wing","player_choice":"Card Removal","floor":10.0,"gold_loss":0.0,"damage_taken":7.0},{"damage_healed":0.0,"max_hp_gain":0.0,"max_hp_loss":0.0,"gold_gain":0.0,"event_name":"Mushrooms","player_choice":"Fought Mushrooms","floor":13.0,"gold_loss":0.0,"damage_taken":0.0},{"damage_healed":0.0,"max_hp_gain":0.0,"max_hp_loss":0.0,"gold_gain":0.0,"event_name":"Ghosts","player_choice":"Ignored","floor":22.0,"gold_loss":0.0,"damage_taken":0.0},{"damage_healed":0.0,"max_hp_gain":0.0,"max_hp_loss":0.0,"gold_gain":0.0,"event_name":"N\u0027loth","player_choice":"Traded Relic","floor":25.0,"relics_lost":["The Courier"],"gold_loss":0.0,"damage_taken":0.0,"relics_obtained":["Nloth\u0027s Gift"]},{"damage_healed":0.0,"max_hp_gain":0.0,"max_hp_loss":0.0,"gold_gain":0.0,"event_name":"Lab","player_choice":"Got Potions","floor":31.0,"gold_loss":0.0,"damage_taken":0.0},{"damage_healed":0.0,"max_hp_gain":0.0,"max_hp_loss":0.0,"gold_gain":0.0,"event_name":"Mysterious Sphere","player_choice":"Ignored","floor":36.0,"gold_loss":0.0,"damage_taken":0.0},{"cards_removed":["Strike_G"],"damage_healed":0.0,"max_hp_gain":0.0,"max_hp_loss":0.0,"gold_gain":0.0,"event_name":"Purifier","player_choice":"Purged","floor":39.0,"gold_loss":0.0,"damage_taken":0.0}],"is_beta":false,"boss_relics":[{"not_picked":["Black Star","Tiny House"],"picked":"SacredBark"},{"not_picked":["Pandora\u0027s Box","WristBlade"],"picked":"Calling Bell"}],"items_purged_floors":[4,14],"is_endless":false,"potions_floor_spawned":[2,3,16,18,19,30,37],"killed_by":"3 Darklings","ascension_level":0}}