{"host":"ELF","time":1611566909,"event":{"mods":["BaseMod","Bestiary","Minty Spire (QoL Compilation)","Relic Stats","Slay the Relics Exporter"],"gold_per_floor":[119,134,149,160,173,173,201,166,215,228,228,17,17,17,17,17,17],"floor_reached":16,"language":"ENG","playtime":1491,"items_purged":["Strike_G"],"score":204,"play_id":"09d849fc-242b-4dbb-8df2-954073a1b7fc","local_time":"20210125032829","is_ascension_mode":true,"campfire_choices":[{"floor":6.0,"key":"REST"},{"floor":13.0,"key":"REST"},{"data":"Deadly Poison","floor":15,"key":"SMITH"}],"circlet_count":0,"master_deck":["AscendersBane","Strike_G","Strike_G","Strike_G","Strike_G","Defend_G","Defend_G","Defend_G","Defend_G","Defend_G","Survivor","Neutralize","Deadly Poison","Deadly Poison+1","PiercingWail","Prepared","Wraith Form v2","Dodge and Roll","Footwork"],"relics":["Ring of the Snake","Strawberry","PreservedInsect","Bag of Preparation","Shuriken"],"acts_visited":["Exordium"],"potions_floor_usage":[16],"damage_taken":[{"damage":9.0,"enemies":"Cultist","floor":1.0,"turns":6.0},{"damage":0.0,"enemies":"2 Louse","floor":2.0,"turns":4.0},{"damage":0.0,"enemies":"Jaw Worm","floor":3.0,"turns":3.0},{"damage":4.0,"enemies":"Blue Slaver","floor":4.0,"turns":4.0},{"damage":40.0,"enemies":"Large Slime","floor":5.0,"turns":7.0},{"damage":26.0,"enemies":"3 Sentries","floor":7.0,"turns":13.0},{"damage":24.0,"enemies":"Exordium Thugs","floor":10.0,"turns":6.0},{"damage":24,"enemies":"Hexaghost","floor":16,"turns":11}],"seed_played":"-7213240527726683350","potions_obtained":[{"floor":5.0,"key":"Block Potion"},{"floor":7.0,"key":"Energy Potion"}],"is_trial":false,"path_per_floor":["M","M","M","M","M","R","E","?","T","M","?","$","R","T","R","B"],"character_chosen":"THE_SILENT","items_purchased":["Footwork","AttackPotion"],"campfire_rested":2,"item_purchase_floors":[12,12],"current_hp_per_floor":[57,57,57,53,13,34,8,26,26,2,2,2,23,23,23,0,0],"gold":17,"neow_bonus":"RANDOM_COMMON_RELIC","is_daily":false,"chose_seed":false,"campfire_upgraded":1,"win_rate":0.0,"timestamp":1611566909,"path_taken":["M","M","?","M","M","R","E","?","T","M","?","$","R","?","R","BOSS"],"items_purchased_type":["Card","Potion"],"build_version":"2020-12-18","purchased_purges":1,"victory":false,"max_hp_per_floor":[73,73,73,73,73,73,73,73,73,73,73,73,73,73,73,73,73],"relic_stats":{"counters":[8,54],"Shuriken":[0],"PreservedInsect":0,"Bag of Preparation":[4],"obtain_stats":[{"Shuriken":14,"Strawberry":0,"PreservedInsect":7,"Bag of Preparation":9,"Ring of the Snake":0},{"Shuriken":7,"Strawberry":0,"PreservedInsect":6,"Bag of Preparation":6,"Ring of the Snake":0},{"Shuriken":43,"Strawberry":0,"PreservedInsect":37,"Bag of Preparation":37,"Ring of the Snake":0}],"Ring of the Snake":[16]},"card_choices":[{"not_picked":["Dagger Throw","Backflip"],"picked":"Deadly Poison","floor":1.0},{"not_picked":["Flechettes","Eviscerate"],"picked":"Deadly Poison","floor":2.0},{"not_picked":["Backstab","Quick Slash","Cloak And Dagger"],"picked":"SKIP","floor":3.0},{"not_picked":["Underhanded Strike","Sucker Punch"],"picked":"PiercingWail","floor":4.0},{"not_picked":["Skewer","Masterful Stab"],"picked":"Prepared","floor":5.0},{"not_picked":["Skewer","Endless Agony"],"picked":"Wraith Form v2","floor":7.0},{"not_picked":["Dagger Spray","Underhanded Strike"],"picked":"Dodge and Roll","floor":10.0}],"player_experience":3270448,"relics_obtained":[{"floor":7.0,"key":"PreservedInsect"},{"floor":9.0,"key":"Bag of Preparation"},{"floor":14.0,"key":"Shuriken"}],"event_choices":[{"damage_healed":18.0,"max_hp_gain":0.0,"max_hp_loss":0.0,"gold_gain":0.0,"event_name":"The Cleric","player_choice":"Healed","floor":8.0,"gold_loss":35.0,"damage_taken":0.0},{"damage_healed":0.0,"max_hp_gain":0.0,"max_hp_loss":0.0,"gold_gain":0.0,"event_name":"Scrap Ooze","player_choice":"Fled","floor":11.0,"gold_loss":0.0,"damage_taken":0.0}],"is_beta":true,"boss_relics":[],"items_purged_floors":[12],"is_endless":false,"potions_floor_spawned":[5,7],"killed_by":"Hexaghost","ascension_level":20}}