{"host":"6w2j56hja3af4f39","time":1611567581,"event":{"mods":["100% Spire Juice","Act Like it!","AlwaysNeverKeys","BaseMod","Bestiary","Better Altar","Better Match","Better Note","Better Sensory Stone","Better Skull","Better Third Choice","BetterRewards","Block Reminder","CapriCore","Colored Powertips","DeckTracker","Minty Spire (QoL Compilation)","Permanent Neow","Quick Restart","Rare Cards Sparkle","Reliquary","Spicy Shops","Spire Arcade","StSLib","Wandering Minibosses"],"gold_per_floor":[109,128,25,45,64,95,95,121,121,154,165,182,212,212,212,212,212],"floor_reached":16,"language":"ENG","playtime":1171,"items_purged":[],"score":149,"play_id":"aeb9d802-9128-43ec-875a-0322929c8fcd","local_time":"20210125203941","is_ascension_mode":false,"campfire_choices":[{"data":"Moonworks:Gamble","floor":15,"key":"SMITH"}],"circlet_count":0,"master_deck":["Moonworks:Strike","Moonworks:Strike","Moonworks:Strike","Moonworks:Strike","Moonworks:Defend","Moonworks:Defend+1","Moonworks:Defend","Moonworks:Defend","Moonworks:Ambush+1","Moonworks:LongDistanceShot","Moonworks:IntelligenceOfficer","Moonworks:ImOnFire","Moonworks:BackdoorTrade","Moonworks:JonathanRush","Moonworks:SealedMemories","Moonworks:Heat300Percent","Moonworks:CrystalBarrier","Moonworks:EvilSpyWorkPreparation","Moonworks:x16BigRocket","Moonworks:Gamble+1","Moonworks:CompletionReward+1"],"relics":["Moonworks:BrokenBomb","Moonworks:Homemark","reliquary:RoseTintedGlasses","reliquary:BoilingFlask","reliquary:Firecrackers","Blood Vial"],"acts_visited":["Exordium"],"potions_floor_usage":[6,12],"damage_taken":[{"damage":0,"enemies":"2 Louse","floor":1,"turns":2},{"damage":0,"enemies":"Small Slimes","floor":2,"turns":3},{"damage":1,"enemies":"Jaw Worm","floor":3,"turns":2},{"damage":0,"enemies":"Large Slime","floor":4,"turns":3},{"damage":0,"enemies":"2 Fungi Beasts","floor":5,"turns":3},{"damage":12,"enemies":"Lagavulin","floor":6,"turns":5},{"damage":24,"enemies":"Gremlin Nob","floor":8,"turns":4},{"damage":0,"enemies":"Lagavulin","floor":10,"turns":7},{"damage":6,"enemies":"Exordium Thugs","floor":11,"turns":4},{"damage":5,"enemies":"Large Slime","floor":12,"turns":6},{"damage":999,"enemies":"Hexaghost","floor":16,"turns":2}],"seed_played":"-1235069977556611751","potions_obtained":[{"floor":3,"key":"GamblersBrew"},{"floor":4,"key":"BlessingOfTheForge"},{"floor":8,"key":"Explosive Potion"},{"floor":10,"key":"SteroidPotion"},{"floor":12,"key":"Explosive Potion"},{"floor":13,"key":"SkillPotion"}],"is_trial":false,"path_per_floor":["M","M","M","M","M","E","?","E","T","E","M","M","?","?","R","B"],"character_chosen":"THE_STARBREAKER","items_purchased":[],"campfire_rested":0,"item_purchase_floors":[],"current_hp_per_floor":[60,60,59,59,59,47,47,23,23,23,19,16,16,4,4,0,0],"gold":212,"neow_bonus":"UPGRADE_CARD","is_daily":false,"chose_seed":false,"campfire_upgraded":1,"win_rate":0.0,"timestamp":1611567581,"path_taken":["M","M","M","M","M","E","?","E","T","E","M","M","?","?","R","BOSS"],"items_purchased_type":[],"build_version":"2020-12-22","purchased_purges":0,"victory":false,"max_hp_per_floor":[60,60,60,60,60,60,60,60,60,60,60,60,60,60,60,60,60],"card_choices":[{"not_picked":["Moonworks:SakisCookie","Moonworks:LuckyCharm"],"picked":"Moonworks:IntelligenceOfficer","floor":1},{"not_picked":["Moonworks:Dinner","Moonworks:LulusLuckyEgg"],"picked":"Moonworks:ImOnFire","floor":2},{"not_picked":["Moonworks:BigMagnum","Moonworks:Heat300Percent"],"picked":"Moonworks:BackdoorTrade","floor":3},{"not_picked":["Moonworks:BigMagnum","Moonworks:SakisCookie"],"picked":"Moonworks:JonathanRush","floor":4},{"not_picked":["Moonworks:Assault","Moonworks:AwakeningOfTalent"],"picked":"Moonworks:SealedMemories","floor":5},{"not_picked":["Moonworks:SakisCookie","Moonworks:Assault"],"picked":"Moonworks:Heat300Percent","floor":6},{"not_picked":["Moonworks:CloudOfSeagulls","Moonworks:SakisCookie"],"picked":"Moonworks:CrystalBarrier","floor":8},{"not_picked":["Moonworks:SweetBattle","Moonworks:CloudOfSeagulls"],"picked":"Moonworks:EvilSpyWorkPreparation","floor":10},{"not_picked":["Moonworks:Assault","Moonworks:DeployBits"],"picked":"Moonworks:x16BigRocket","floor":11},{"not_picked":["Moonworks:Assault","Moonworks:EvilSpyWorkPreparation"],"picked":"Moonworks:Gamble","floor":12},{"not_picked":["Moonworks:NicePresent","Moonworks:ImOnFire"],"picked":"Moonworks:CompletionReward","floor":13}],"player_experience":78761,"relics_obtained":[{"floor":6,"key":"reliquary:RoseTintedGlasses"},{"floor":8,"key":"reliquary:BoilingFlask"},{"floor":9,"key":"reliquary:Firecrackers"},{"floor":10,"key":"Blood Vial"}],"event_choices":[{"damage_healed":0,"gold_gain":0,"player_choice":"Leave","damage_taken":0,"max_hp_gain":0,"max_hp_loss":0,"event_name":"The Cleric","floor":7,"gold_loss":0},{"damage_healed":16,"gold_gain":0,"player_choice":"Upgrade","damage_taken":12,"max_hp_gain":0,"max_hp_loss":60,"event_name":"betterThird:BetterShining","floor":14,"gold_loss":0,"cards_upgraded":["Moonworks:Defend","Moonworks:CompletionReward"]}],"is_beta":false,"boss_relics":[],"items_purged_floors":[],"is_endless":false,"potions_floor_spawned":[3,4,8,10,11,12],"killed_by":"Hexaghost","ascension_level":0}}