{"host":"1zbtkd1m10h1d5gl","time":1611557577,"event":{"mods":["AchievementEnabler","Act Like it!","BaseMod","Colored Map","Conspire","Downfall","Duelist Mod","Hallownest","Hermit","Hubris","Infinite Spire","Lobotomy","Minty Spire (QoL Compilation)","Replay The Spire","StSLib","SuperFastMode","The Animator","The Bug Knight","The Cursed"],"gold_per_floor":[112,2112,1148,1159,1178,1212,1212,1222,1248,1266,1286,1298,1298,521,521,616,616,629,648,648,648,667,667,701,713,713,2117,2117,2144,2164,2164,2164,2269,2269,2289,2299,1414,1414,1414,1446,1446,689,740,757,787,800,827,841,841,1040,1040,1046,1046,1046,1063,1063,1063,1067,1067,1092,1092,1092,422,426,426,426,561,561,573,575,500,378,377,377,377,377,377,394,403,403,408,410,410,582,582,596,0,1153,1151,1141,1141,1144,1191,1217,1215,1217,1217,1188,1175,1275,1338,1338,1351,1358,1365,1365,1365,1365,1390,1408,1408,1408,1418,675,685,744,744,872,872,873,873,873,905,905,905,242,268,268,1841,1841,1841,1756,1751,1751,1823,1823,1824,1808,1808],"floor_reached":138,"language":"ENG","playtime":14451,"items_purged":["Defend_P","EmptyFist","DevaForm+1","WindmillStrike+1","Vigilance","Establishment","Protect","MasterReality+1"],"score":3384,"play_id":"ba74b7c2-60bd-46ce-b0ba-cb3ba6ddf6b7","local_time":"20210124225257","is_ascension_mode":false,"campfire_choices":[{"data":"Strike_P","floor":7,"key":"SMITH"},{"data":"Adaptation","floor":15,"key":"SMITH"},{"data":"Crescendo","floor":23,"key":"SMITH"},{"data":"Judgement","floor":28,"key":"SMITH"},{"data":"SandsOfTime","floor":32,"key":"SMITH"},{"data":"infinitespire:FutureSight","floor":41,"key":"SMITH"},{"data":"Omniscience","floor":49,"key":"SMITH"},{"data":"WheelKick","floor":57,"key":"SMITH"},{"data":"MasterReality","floor":59,"key":"SMITH"},{"data":"FollowUp","floor":61,"key":"SMITH"},{"floor":66,"key":"DIG"},{"data":"Omniscience","floor":74,"key":"SMITH"},{"data":"infinitespire:DeathsTouch","floor":76,"key":"SMITH"},{"data":"Brilliance","floor":80,"key":"SMITH"},{"data":"FlyingSleeves","floor":83,"key":"SMITH"},{"data":"WheelKick","floor":91,"key":"SMITH"},{"data":"WreathOfFlame","floor":100,"key":"SMITH"},{"data":"Scrawl","floor":100,"key":"SMITH"},{"data":"SignatureMove","floor":108,"key":"SMITH"},{"data":"CrushJoints","floor":108,"key":"SMITH"},{"data":"infinitespire:DeathsTouch","floor":117,"key":"SMITH"},{"data":"CutThroughFate","floor":117,"key":"SMITH"},{"data":"Halt","floor":125,"key":"SMITH"},{"data":"CrushJoints","floor":125,"key":"SMITH"},{"data":"RitualDagger","floor":134,"key":"SMITH"},{"data":"hubris:DuctTapeCard+2","floor":134,"key":"SMITH"}],"circlet_count":1,"master_deck":["Strike_P","Defend_P","Defend_P","Eruption+1","Consecrate","ThirdEye+1","SandsOfTime+1","CutThroughFate+1","PathToVictory+1","Adaptation+1","CrushJoints+1","Consecrate+1","FollowUp+1","Conclude+1","Tantrum+1","SandsOfTime+1","Judgement+1","Replay:BluntJabs+1","CrushJoints+1","Crescendo+1","WindmillStrike+1","Halt+1","Replay:Hum+1","Brilliance+1","Pray+1","Conclude+1","FlurryOfBlows+1","infinitespire:FutureSight+1","SignatureMove+1","Omniscience+1","SignatureMove+1","Brilliance+1","WheelKick+1","FlurryOfBlows+1","JustLucky+1","infinitespire:DeathsTouch+1","Omniscience+1","Judgement+1","FlyingSleeves+1","Scrawl+1","WheelKick+1","WheelKick+1","WreathOfFlame+1","infinitespire:DeathsTouch+1","hubris:DuctTapeCard+4","infinitespire:SealOfDarkness+","FlyingSleeves+1","RitualDagger+1"],"relics":["PureWater","Replay:Bottled Eggs","Bird Faced Urn","OrangePellets","HollowMod:StagPassRelic","FaceOfCleric","TheAbacus","Anchor","Oddly Smooth Stone","Philosopher\u0027s Stone","hubris:Icosahedron","War Paint","Strawberry","hubris:Reverence","hubris:TenFootPole","Chemical X","infinitespire:Beetle Shell","Orichalcum","Bag of Preparation","hubris:TerracottaHorce","Guide Book","hubris:Potato","conspire:TopHat","GoldenEye","Darkstone Periapt","BargainBundle","hubris:MobiusCoin","conspire:GiftBox","ReplayFunnel","Omamori","Regal Pillow","hubris:GrandSneckoEye","Ring of Hypnosis","Ring of Searing","Blue Doll","Lee\u0027s Waffle","Damaru","Gremlin Food","hubris:GlazedTorus","Coffee Dripper","infinitespire:ShieldingShard","Mirror","Toy Ornithopter","Painkiller Herb","Red Mask","conspire:DecoderRing","Replay:Baseball","Medical Kit","Replay:Arrowhead","infinitespire:PuzzleCube","hubris:AstralHammer","Calling Bell","Replay:Rubber Ducky","Pear","Calipers","hubris:MedicalManual","CaptainsWheel","hubris:HerbalPaste","Garlic","hubris:SlimyHat","Pet Ghost","conspire:SpecialSausage","hubris:DuctTape","Circlet","DollysMirror","Simple Rune","Nunchaku","WingedGreaves","hubris:TinFlute","ReplayTheSpireMod:ShopPack","Boot","Blood Vial","Toxic Egg 2"],"acts_visited":["Exordium","TheCity","TheBeyond","Exordium","TheCity","TheBeyond","Exordium","TheCity","TheBeyond"],"potions_floor_usage":[5,16,16,16,24,29,29,33,40,40,45,45,45,46,46,47,47,47,47,47,50,67,67,70,70,73,81,84,84,89,89,89,92,95,95,96,97,98,127],"damage_taken":[{"damage":0,"enemies":"2 Louse","floor":1,"turns":2},{"damage":3,"enemies":"conspire:RoseBush","floor":4,"turns":1},{"damage":0,"enemies":"Cultist","floor":5,"turns":3},{"damage":28,"enemies":"3 Sentries","floor":6,"turns":4},{"damage":0,"enemies":"3 Louse","floor":8,"turns":2},{"damage":0,"enemies":"Exordium Wildlife","floor":10,"turns":2},{"damage":0,"enemies":"Gremlin Gang","floor":11,"turns":4},{"damage":0,"enemies":"Looter","floor":12,"turns":2},{"damage":30,"enemies":"The Guardian","floor":16,"turns":3},{"damage":0,"enemies":"3 Byrds","floor":18,"turns":3},{"damage":0,"enemies":"Shell Parasite","floor":19,"turns":2},{"damage":16,"enemies":"Snecko","floor":22,"turns":4},{"damage":0,"enemies":"theDuelist:KaibaA2","floor":24,"turns":3},{"damage":0,"enemies":"Centurion and Healer","floor":25,"turns":4},{"damage":159,"enemies":"Nightmare","floor":29,"turns":6},{"damage":0,"enemies":"Snake Plant","floor":30,"turns":2},{"damage":59,"enemies":"Automaton","floor":33,"turns":4},{"damage":0,"enemies":"3 Darklings","floor":35,"turns":2},{"damage":0,"enemies":"3 Shapes","floor":36,"turns":1},{"damage":117,"enemies":"Nemesis","floor":40,"turns":3},{"damage":0,"enemies":"Spire Growth","floor":44,"turns":3},{"damage":95,"enemies":"Nightmare","floor":45,"turns":5},{"damage":0,"enemies":"Jaw Worm Horde","floor":46,"turns":4},{"damage":11,"enemies":"Reptomancer","floor":47,"turns":3},{"damage":0,"enemies":"Sphere and 2 Shapes","floor":48,"turns":1},{"damage":168,"enemies":"conspire:OrnateMirror","floor":50,"turns":5},{"damage":0,"enemies":"Small Slimes","floor":52,"turns":1},{"damage":0,"enemies":"Cultist","floor":54,"turns":1},{"damage":0,"enemies":"2 Louse","floor":55,"turns":1},{"damage":0,"enemies":"Gremlin Gang","floor":58,"turns":1},{"damage":0,"enemies":"Large Slime","floor":64,"turns":1},{"damage":26,"enemies":"The Guardian","floor":67,"turns":3},{"damage":0,"enemies":"Spheric Guardian","floor":69,"turns":1},{"damage":0,"enemies":"Shell Parasite","floor":70,"turns":1},{"damage":0,"enemies":"Centurion and Healer","floor":73,"turns":1},{"damage":21,"enemies":"Slavers","floor":78,"turns":2},{"damage":0,"enemies":"Snecko","floor":79,"turns":2},{"damage":0,"enemies":"Sentry and Sphere","floor":81,"turns":2},{"damage":26,"enemies":"Centurion and Healer","floor":82,"turns":3},{"damage":0,"enemies":"conspire:MysteriousRune","floor":84,"turns":2},{"damage":0,"enemies":"Orb Walker","floor":86,"turns":1},{"damage":0,"enemies":"3 Darklings","floor":89,"turns":2},{"damage":0,"enemies":"Maw","floor":90,"turns":2},{"damage":3,"enemies":"Giant Head","floor":92,"turns":5},{"damage":29,"enemies":"Sphere and 2 Shapes","floor":95,"turns":3},{"damage":0,"enemies":"3 Darklings","floor":96,"turns":2},{"damage":0,"enemies":"Reptomancer","floor":97,"turns":3},{"damage":0,"enemies":"Transient","floor":98,"turns":5},{"damage":0,"enemies":"Maw","floor":99,"turns":2},{"damage":9,"enemies":"Donu and Deca","floor":101,"turns":2},{"damage":0,"enemies":"2 Louse","floor":103,"turns":1},{"damage":0,"enemies":"Small Slimes","floor":104,"turns":1},{"damage":0,"enemies":"Cultist","floor":105,"turns":1},{"damage":0,"enemies":"Gremlin Gang","floor":106,"turns":2},{"damage":24,"enemies":"Nightmare_Alpha","floor":109,"turns":2},{"damage":0,"enemies":"2 Fungi Beasts","floor":110,"turns":1},{"damage":0,"enemies":"Exordium Thugs","floor":112,"turns":1},{"damage":0,"enemies":"Large Slime","floor":113,"turns":1},{"damage":0,"enemies":"Blue Slaver","floor":115,"turns":1},{"damage":0,"enemies":"Lagavulin Event","floor":116,"turns":1},{"damage":0,"enemies":"Hexaghost","floor":118,"turns":2},{"damage":0,"enemies":"3 Byrds","floor":120,"turns":2},{"damage":0,"enemies":"Masked Bandits","floor":123,"turns":1},{"damage":0,"enemies":"Nightmare","floor":127,"turns":1},{"damage":0,"enemies":"Chosen","floor":131,"turns":2},{"damage":0,"enemies":"Centurion and Healer","floor":133,"turns":2},{"damage":0,"enemies":"Collector","floor":135,"turns":2},{"damage":0,"enemies":"Orb Walker","floor":137,"turns":1},{"damage":0,"enemies":"infinitespire:Three Voidlings","floor":138,"turns":2},{"damage":220,"enemies":"Nightmare_Alpha","floor":138,"turns":2}],"seed_played":"-8597617812351009485","potions_obtained":[{"floor":1,"key":"Energy Potion"},{"floor":6,"key":"EntropicBrew"},{"floor":8,"key":"Swift Potion"},{"floor":11,"key":"Strength Potion"},{"floor":18,"key":"conspire:TimeTravelPotion"},{"floor":22,"key":"Swift Potion"},{"floor":24,"key":"LifebloodPotion"},{"floor":40,"key":"Adrenaline Potion"},{"floor":45,"key":"EntropicBrew"},{"floor":48,"key":"FearPotion"},{"floor":52,"key":"StancePotion"},{"floor":67,"key":"Toxic Potion"},{"floor":69,"key":"SkillPotion"},{"floor":78,"key":"Fruit Juice"},{"floor":79,"key":"Energy Potion"},{"floor":82,"key":"Swift Potion"},{"floor":86,"key":"BottledMiracle"},{"floor":90,"key":"bronze:BurnAndBuffPotion"},{"floor":93,"key":"Energy Potion"},{"floor":93,"key":"AttackPotion"},{"floor":93,"key":"Fire Potion"},{"floor":95,"key":"Explosive Potion"},{"floor":97,"key":"FearPotion"},{"floor":104,"key":"hexamod:SoulburnPotion"},{"floor":106,"key":"Block Potion"},{"floor":113,"key":"CultistPotion"},{"floor":118,"key":"Strength Potion"},{"floor":127,"key":"Strength Potion"},{"floor":131,"key":"Energy Potion"}],"is_trial":false,"path_per_floor":["M","?","$","M","M","E","R","M","T","M","M","M","?","$","R","B",null,"M","M","?","?","M","R","E","M","T","$","R","NM","M","?","R","B",null,"M","M","$","?","AVR","E","R","$","T","M","NM","M","E","M","R","B",null,"M","?","M","M","?","R","M","R","T","R","?","$","M","?","R_BF","B",null,"M","M","?","?","M","R","?","R","T","E","M","R","M","M","R","B",null,"?","?","T","?","?","T","E","?","T","?","?","E","?","?","T","B",null,"?","?","?","?","?","T","NM","?","T","?","?","T","?","?","T","B",null,"?","AVR","?","?","?","T","T","NM","T","T","?","?","?","?","T","B",null,"?","?"],"character_chosen":"WATCHER","items_purchased":["Replay:Bottled Eggs","Bird Faced Urn","OrangePellets","SandsOfTime","CutThroughFate","PathToVictory","BlessingOfTheForge","hexamod:SoulburnPotion","Tantrum","SandsOfTime","DevaForm","TheAbacus","Anchor","Oddly Smooth Stone","hubris:TenFootPole","Chemical X","infinitespire:Beetle Shell","Swift Potion","Guide Book","hubris:Potato","conspire:TopHat","FlurryOfBlows","Adrenaline Potion","BottledMiracle","SignatureMove","BargainBundle","hubris:MobiusCoin","conspire:GiftBox","CultistPotion","BottledMiracle","Lee\u0027s Waffle","Damaru","Gremlin Food","FlurryOfBlows","JustLucky+1","PowerPotion","PowerPotion","conspire:DecoderRing","Replay:Baseball","Medical Kit","Adrenaline Potion","Regen Potion","hubris:HerbalPaste","Garlic","hubris:SlimyHat","DollysMirror","FlyingSleeves+1","Simple Rune","Nunchaku","ReplayTheSpireMod:ShopPack","Boot","Blood Vial"],"campfire_rested":0,"item_purchase_floors":[3,3,3,3,3,3,3,3,14,14,14,14,14,14,27,27,27,27,37,37,37,37,37,37,42,42,42,42,42,42,63,63,63,63,63,63,63,88,88,88,88,88,114,114,114,126,126,126,126,129,129,129],"current_hp_per_floor":[72,72,72,69,71,44,44,44,44,44,46,46,46,46,46,49,101,102,103,103,103,88,88,100,103,103,103,103,80,81,81,81,77,106,107,110,110,110,110,119,119,119,119,120,26,77,112,113,113,86,115,116,116,117,118,118,118,119,119,119,119,119,136,137,137,137,112,132,133,136,136,136,137,137,137,137,137,119,122,122,133,112,112,123,144,145,145,145,153,154,154,152,133,133,117,123,131,139,142,142,136,165,166,167,168,169,169,169,148,149,149,150,151,151,152,153,153,157,176,180,180,180,181,181,181,181,185,185,185,182,186,186,187,187,188,188,189,0,0],"gold":1808,"neow_bonus":"UPGRADE_CARD","is_daily":false,"chose_seed":false,"campfire_upgraded":25,"win_rate":0.0,"timestamp":1611557577,"path_taken":["M","?","$","M","M","E","R","M","T","M","M","M","?","$","R","BOSS","M","M","?","?","?","R","E","M","T","$","R","NM","M","?","R","BOSS","M","?","$","?","AVR","E","R","?","T","M","NM","M","E","M","R","BOSS","M","?","M","?","?","R","M","R","T","R","?","$","?","?","R_BF","BOSS","M","M","?","?","?","R","?","R","T","E","M","R","?","M","R","BOSS","?","?","T","?","?","T","E","?","T","?","?","E","?","?","T","BOSS","?","?","?","?","?","T","NM","?","T","?","?","T","?","?","T","BOSS","?","AVR","?","?","?","T","T","NM","T","?","?","?","?","?","T","BOSS","?","?"],"items_purchased_type":["Relic","Relic","Relic","Card","Card","Card","Potion","Potion","Card","Card","Card","Relic","Relic","Relic","Relic","Relic","Relic","Potion","Relic","Relic","Relic","Card","Potion","Potion","Card","Relic","Relic","Relic","Potion","Potion","Relic","Relic","Relic","Card","Card","Potion","Potion","Relic","Relic","Relic","Potion","Potion","Relic","Relic","Relic","Relic","Card","Relic","Relic","Relic","Relic","Relic"],"build_version":"2020-12-22","purchased_purges":8,"victory":false,"max_hp_per_floor":[72,72,72,72,72,72,72,72,72,72,72,72,72,72,72,101,101,102,103,103,103,104,104,112,113,113,113,113,114,115,115,115,116,116,117,118,118,118,118,119,119,119,119,120,121,122,123,124,124,125,125,126,126,127,128,128,128,129,129,129,129,129,136,137,137,137,138,138,139,140,140,140,141,141,141,141,141,142,143,143,149,150,150,151,151,152,152,152,153,154,154,155,155,155,156,157,158,159,160,160,161,171,172,173,174,175,175,175,176,177,177,178,179,179,180,181,181,182,182,183,183,183,184,184,184,184,185,185,185,185,186,186,187,187,188,188,189,190,190],"card_choices":[{"not_picked":["Weave","Fasting2"],"picked":"Consecrate","floor":1},{"not_picked":["Replay:DivineShield","SignatureMove"],"picked":"Adaptation","floor":4},{"not_picked":["JustLucky","Consecrate"],"picked":"CrushJoints","floor":5},{"not_picked":["PathToVictory","ConjureBlade"],"picked":"Consecrate","floor":6},{"not_picked":["BowlingBash","Replay:AtTheReady"],"picked":"Worship","floor":8},{"not_picked":["Halt","Replay:Anticipation"],"picked":"FollowUp","floor":10},{"not_picked":["BowlingBash","Worship"],"picked":"Conclude","floor":11},{"not_picked":["Tantrum","TalkToTheHand"],"picked":"EmptyFist","floor":12},{"not_picked":["ConjureBlade","Vault"],"picked":"Judgement","floor":16},{"not_picked":["CutThroughFate+1","BattleHymn"],"picked":"Replay:BluntJabs+1","floor":18},{"not_picked":["Replay:AtTheReady","BattleHymn"],"picked":"CrushJoints","floor":19},{"not_picked":["Replay:Anticipation","SandsOfTime"],"picked":"Crescendo","floor":22},{"not_picked":["CrushJoints","SashWhip"],"picked":"Protect","floor":24},{"not_picked":["EmptyMind","Replay:Vibes+1"],"picked":"WindmillStrike+1","floor":25},{"not_picked":["FearNoEvil","CarveReality"],"picked":"Halt","floor":29},{"not_picked":["Consecrate","Halt+1"],"picked":"Replay:Hum+1","floor":30},{"not_picked":["Establishment","Replay:LoomingThreat"],"picked":"Brilliance","floor":33},{"not_picked":["SashWhip","Sanctity+1"],"picked":"Pray+1","floor":35},{"not_picked":["InnerPeace+1","TalkToTheHand+1"],"picked":"Conclude","floor":36},{"not_picked":["Weave+1","Sanctity+1"],"picked":"WindmillStrike+1","floor":40},{"not_picked":["Vault","Replay:AllIn"],"picked":"Omniscience","floor":42},{"not_picked":["FlurryOfBlows","Consecrate"],"picked":"SignatureMove+1","floor":44},{"not_picked":["Halt","CutThroughFate+1","Vengeance+1"],"picked":"SKIP","floor":45},{"not_picked":["Replay:Battleflow","ThirdEye","Pray"],"picked":"SKIP","floor":46},{"not_picked":["Protect+1","CutThroughFate+1","FearNoEvil"],"picked":"SKIP","floor":47},{"not_picked":["EmptyBody+1","Vengeance","Weave+1"],"picked":"SKIP","floor":48},{"not_picked":["Omniscience","Vault"],"picked":"Brilliance","floor":50},{"not_picked":["EmptyFist","JustLucky","Halt"],"picked":"SKIP","floor":52},{"not_picked":["ThirdEye","EmptyFist"],"picked":"WheelKick","floor":54},{"not_picked":["SashWhip","Replay:Hum","Protect"],"picked":"SKIP","floor":55},{"not_picked":["FollowUp","SashWhip","Adaptation"],"picked":"SKIP","floor":58},{"not_picked":["CutThroughFate","Crescendo","PathToVictory"],"picked":"SKIP","floor":64},{"not_picked":["infinitespire:UltimateForm","Replay:Fractal Strike"],"picked":"infinitespire:DeathsTouch","floor":67},{"not_picked":["MasterReality","ConjureBlade"],"picked":"Omniscience","floor":67},{"not_picked":["Halt","ClearTheMind"],"picked":"Consecrate","floor":69},{"not_picked":["PathToVictory+1","CutThroughFate","Wallop"],"picked":"SKIP","floor":70},{"not_picked":["Evaluate+1","ThirdEye","Protect"],"picked":"SKIP","floor":73},{"not_picked":["Replay:Cycle","Swivel","Wallop"],"picked":"SKIP","floor":78},{"not_picked":["CarveReality+1","Replay:ManipulateFuture","ReachHeaven"],"picked":"SKIP","floor":79},{"not_picked":["Protect","TalkToTheHand+1"],"picked":"FlyingSleeves","floor":81},{"not_picked":["Fasting2","Halt","Adaptation"],"picked":"SKIP","floor":82},{"not_picked":["LessonLearned","Ragnarok"],"picked":"Scrawl","floor":84},{"not_picked":["FearNoEvil","LikeWater","Tantrum+1"],"picked":"SKIP","floor":86},{"not_picked":["BowlingBash","Adaptation"],"picked":"WheelKick","floor":89},{"not_picked":["BattleHymn","Protect+1","JustLucky"],"picked":"SKIP","floor":90},{"not_picked":["FlurryOfBlows+1","Replay:Vibes"],"picked":"WheelKick+1","floor":92},{"not_picked":["Replay:Cycle+1","PathToVictory","Replay:Hum+1"],"picked":"SKIP","floor":95},{"not_picked":["Replay:BluntJabs+1","FearNoEvil+1","Establishment"],"picked":"SKIP","floor":96},{"not_picked":["Swivel","Consecrate","Replay:BluntJabs"],"picked":"SKIP","floor":97},{"not_picked":["FlurryOfBlows","FollowUp+1","EmptyMind"],"picked":"SKIP","floor":98},{"not_picked":["Indignation","EmptyMind"],"picked":"WreathOfFlame","floor":99},{"not_picked":["Vengeance","Replay:Hum","EmptyBody"],"picked":"SKIP","floor":103},{"not_picked":["SandsOfTime","Replay:AtTheReady","Replay:BluntJabs"],"picked":"SKIP","floor":104},{"not_picked":["Evaluate","CutThroughFate","CrushJoints"],"picked":"SKIP","floor":105},{"not_picked":["Study","LikeWater","ClearTheMind"],"picked":"SKIP","floor":106},{"not_picked":["infinitespire:TheBestDefense","infinitespire:UltimateForm"],"picked":"infinitespire:DeathsTouch","floor":109},{"not_picked":["PathToVictory","FlurryOfBlows","JustLucky"],"picked":"SKIP","floor":109},{"not_picked":["ThirdEye","Wallop","EmptyBody"],"picked":"SKIP","floor":110},{"not_picked":["JustLucky","Sanctity","Replay:BluntJabs"],"picked":"SKIP","floor":112},{"not_picked":["TalkToTheHand","CutThroughFate","Evaluate"],"picked":"SKIP","floor":113},{"not_picked":["EmptyFist","FlyingSleeves","WreathOfFlame"],"picked":"SKIP","floor":115},{"not_picked":["Replay:BluntJabs","Study","Protect"],"picked":"SKIP","floor":120},{"not_picked":["JustLucky","Replay:ManipulateFuture+1","FlurryOfBlows"],"picked":"SKIP","floor":127},{"not_picked":["EmptyBody","EmptyFist","Pray+1"],"picked":"SKIP","floor":131},{"not_picked":["PathToVictory+1","FollowUp","EmptyFist+1"],"picked":"SKIP","floor":133},{"not_picked":["Replay:Hum+1","ThirdEye+1","TalkToTheHand+1"],"picked":"SKIP","floor":137}],"player_experience":39110,"relics_obtained":[{"floor":6,"key":"HollowMod:StagPassRelic"},{"floor":21,"key":"War Paint"},{"floor":24,"key":"Strawberry"},{"floor":26,"key":"hubris:Reverence"},{"floor":29,"key":"Orichalcum"},{"floor":40,"key":"Darkstone Periapt"},{"floor":43,"key":"ReplayFunnel"},{"floor":45,"key":"Omamori"},{"floor":47,"key":"Regal Pillow"},{"floor":56,"key":"Ring of Hypnosis"},{"floor":56,"key":"Ring of Searing"},{"floor":60,"key":"Blue Doll"},{"floor":66,"key":"hubris:GlazedTorus"},{"floor":77,"key":"Mirror"},{"floor":78,"key":"Toy Ornithopter"},{"floor":92,"key":"Replay:Arrowhead"},{"floor":94,"key":"infinitespire:PuzzleCube"},{"floor":97,"key":"hubris:AstralHammer"},{"floor":102,"key":"Replay:Rubber Ducky"},{"floor":102,"key":"Pear"},{"floor":102,"key":"Calipers"},{"floor":109,"key":"hubris:MedicalManual"},{"floor":111,"key":"CaptainsWheel"},{"floor":123,"key":"Circlet"},{"floor":127,"key":"WingedGreaves"},{"floor":128,"key":"hubris:TinFlute"}],"event_choices":[{"damage_healed":0,"gold_gain":0,"player_choice":"Trade","damage_taken":0,"relics_obtained":["FaceOfCleric"],"max_hp_gain":0,"max_hp_loss":0,"event_name":"FaceTrader","floor":13,"gold_loss":0},{"damage_healed":0,"gold_gain":0,"player_choice":"Relic","damage_taken":0,"max_hp_gain":0,"max_hp_loss":0,"event_name":"Wheel of Change","floor":21,"gold_loss":0},{"damage_healed":0,"gold_gain":0,"player_choice":"Gave Potion","damage_taken":0,"relics_obtained":["Bag of Preparation"],"max_hp_gain":0,"max_hp_loss":0,"event_name":"WeMeetAgain","floor":31,"gold_loss":0},{"damage_healed":0,"gold_gain":0,"player_choice":"Forge","damage_taken":0,"max_hp_gain":0,"max_hp_loss":0,"event_name":"Accursed Blacksmith","floor":38,"gold_loss":0,"cards_upgraded":["Conclude"]},{"damage_healed":0,"gold_gain":0,"player_choice":"1 cards matched","damage_taken":0,"max_hp_gain":0,"max_hp_loss":0,"event_name":"Match and Keep!","floor":53,"gold_loss":0,"cards_obtained":["MasterReality"]},{"cards_removed":["Worship"],"damage_healed":0,"gold_gain":0,"player_choice":"Purged","damage_taken":0,"max_hp_gain":0,"max_hp_loss":0,"event_name":"Purifier","floor":62,"gold_loss":0},{"damage_healed":0,"gold_gain":0,"player_choice":"Upgraded","damage_taken":0,"max_hp_gain":0,"max_hp_loss":0,"event_name":"Upgrade Shrine","floor":65,"gold_loss":0,"cards_upgraded":["Consecrate"]},{"cards_removed":["Consecrate"],"damage_healed":0,"gold_gain":0,"player_choice":"Gave Gold","damage_taken":0,"max_hp_gain":0,"max_hp_loss":0,"event_name":"Beggar","floor":71,"gold_loss":75},{"damage_healed":0,"gold_gain":0,"player_choice":"Paid Gold","damage_taken":0,"relics_obtained":["infinitespire:ShieldingShard"],"max_hp_gain":0,"max_hp_loss":0,"event_name":"WeMeetAgain","floor":72,"gold_loss":122},{"damage_healed":0,"gold_gain":0,"player_choice":"Copied","damage_taken":0,"max_hp_gain":0,"max_hp_loss":0,"event_name":"Duplicator","floor":75,"gold_loss":0,"cards_obtained":["Judgement"]},{"damage_healed":0,"gold_gain":0,"player_choice":"Paid","damage_taken":0,"relics_obtained":["Red Mask"],"max_hp_gain":0,"max_hp_loss":0,"event_name":"Tomb of Lord Red Mask","floor":87,"gold_loss":596},{"damage_healed":0,"gold_gain":0,"cards_transformed":["Strike_P"],"player_choice":"Transformed","damage_taken":0,"max_hp_gain":0,"max_hp_loss":0,"event_name":"Transmorgrifier","floor":107,"gold_loss":0,"cards_obtained":["Establishment"]},{"damage_healed":0,"gold_gain":30,"player_choice":"Searched \u00273\u0027 times","damage_taken":0,"relics_obtained":["Pet Ghost"],"max_hp_gain":0,"max_hp_loss":0,"event_name":"Dead Adventurer","floor":116,"gold_loss":0},{"damage_healed":0,"gold_gain":0,"player_choice":"Simplicity","damage_taken":0,"max_hp_gain":0,"max_hp_loss":0,"event_name":"Back to Basics","floor":122,"gold_loss":0,"cards_upgraded":["Defend_P","Defend_P"]},{"damage_healed":0,"gold_gain":0,"player_choice":"Fought Bandits","damage_taken":0,"max_hp_gain":0,"max_hp_loss":0,"event_name":"Masked Bandits","floor":123,"gold_loss":0},{"damage_healed":0,"gold_gain":0,"player_choice":"Joined the Cult","damage_taken":6,"max_hp_gain":0,"max_hp_loss":0,"event_name":"Nest","floor":130,"gold_loss":0,"cards_obtained":["RitualDagger"]},{"damage_healed":0,"gold_gain":0,"player_choice":"Obtained Relic","damage_taken":0,"relics_obtained":["Toxic Egg 2"],"max_hp_gain":0,"max_hp_loss":0,"event_name":"Addict","floor":132,"gold_loss":85}],"is_beta":false,"boss_relics":[{"not_picked":["hubris:ScarierMask","Snecko Eye"],"picked":"Philosopher\u0027s Stone"},{"not_picked":["Empty Cage","HolyWater"],"picked":"hubris:TerracottaHorce"},{"not_picked":["hubris:BlackHole","ReplayTheSpireMod:SealedPack"],"picked":"hubris:GrandSneckoEye"},{"not_picked":["ReplayTheSpireMod:DimensionalGlitch","Runic Dome"],"picked":"Coffee Dripper"},{"not_picked":["Cursed Key","conspire:SeveredTorchhead"],"picked":"Painkiller Herb"},{"not_picked":["hubris:CrackedHourglass","Black Star"],"picked":"Calling Bell"},{"not_picked":["hubris:ScarierMask","Runic Pyramid"],"picked":"conspire:SpecialSausage"},{"not_picked":["Ring of Chaos","hubris:CrackedHourglass","infinitespire:Cupcake"]}],"items_purged_floors":[14,27,37,63,88,114,121,126],"is_endless":true,"potions_floor_spawned":[1,6,8,11,18,22,24,40,44,45,48,52,64,67,69,78,79,82,86,90,95,97,104,106,112,113,116,118,120,127,131,133,138],"killed_by":"Nightmare_Alpha","ascension_level":0}}