{"host":"1ekl8hlbnopmdapi","time":1611606303,"event":{"mods":["AchievementEnabler","BaseMod","Colored Map","Colored Powertips","DeckTracker","Googly Eyes","Highlight Path","Minty Spire (QoL Compilation)","Relic Sorter","StSLib","Synergy Search"],"gold_per_floor":[113,124,142,242,259,285,285,314,314,9,23,23,23,39,39,141,141,151,151,164,164,182,182,211,226,226,151,66,66,66,91,91,195,195,214,214,264,283,283,283,312,338,338,338,350,374,403,0,0,0,0],"floor_reached":50,"language":"ENG","playtime":1506,"items_purged":[],"score":651,"play_id":"f9ab70b5-36ab-4a70-ba51-0cf41fc0f277","local_time":"20210125152503","is_ascension_mode":true,"campfire_choices":[{"floor":7,"key":"RECALL"},{"floor":15,"key":"REST"},{"data":"Eruption","floor":23,"key":"SMITH"},{"floor":29,"key":"REST"},{"floor":32,"key":"REST"},{"data":"Vigilance","floor":40,"key":"SMITH"},{"floor":44,"key":"REST"},{"floor":49,"key":"REST"}],"circlet_count":0,"master_deck":["Strike_P","Strike_P","Strike_P","Strike_P","Defend_P","Defend_P","Defend_P","Defend_P","Eruption+1","Vigilance+1","MasterReality","Conclude","FollowUp","Evaluate","ForeignInfluence","FlyingSleeves","CutThroughFate","FearNoEvil","Ragnarok","SashWhip+1","Conclude+1","ReachHeaven","Swivel","CurseOfTheBell","FollowUp","Parasite","Swivel+1"],"relics":["PureWater","Bottled Lightning","Torii","Matryoshka","Lizard Tail","SacredBark","WarpedTongs","Singing Bowl","Bottled Flame","Meat on the Bone","WingedGreaves","Strawberry","Calling Bell","CeramicFish","White Beast Statue","Calipers","Thread and Needle","Frozen Egg 2","TeardropLocket","Red Mask"],"acts_visited":["Exordium","TheCity","TheBeyond"],"potions_floor_usage":[6,18,20,22,22,24,33,38,41,42,46,46,47,47],"damage_taken":[{"damage":10,"enemies":"Cultist","floor":1,"turns":4},{"damage":0,"enemies":"Small Slimes","floor":2,"turns":1},{"damage":0,"enemies":"2 Louse","floor":3,"turns":2},{"damage":4,"enemies":"Red Slaver","floor":5,"turns":4},{"damage":16,"enemies":"3 Sentries","floor":6,"turns":3},{"damage":24,"enemies":"Lagavulin","floor":8,"turns":5},{"damage":0,"enemies":"3 Louse","floor":11,"turns":2},{"damage":1,"enemies":"Large Slime","floor":14,"turns":5},{"damage":28,"enemies":"Slime Boss","floor":16,"turns":6},{"damage":29,"enemies":"Spheric Guardian","floor":18,"turns":5},{"damage":0,"enemies":"Chosen","floor":20,"turns":4},{"damage":1,"enemies":"Shelled Parasite and Fungi","floor":22,"turns":2},{"damage":26,"enemies":"Gremlin Leader","floor":24,"turns":4},{"damage":29,"enemies":"Centurion and Healer","floor":25,"turns":7},{"damage":31,"enemies":"Slavers","floor":31,"turns":3},{"damage":68,"enemies":"Automaton","floor":33,"turns":6},{"damage":20,"enemies":"Orb Walker","floor":35,"turns":4},{"damage":27,"enemies":"Mind Bloom Boss Battle","floor":37,"turns":8},{"damage":42,"enemies":"3 Darklings","floor":38,"turns":3},{"damage":79,"enemies":"Nemesis","floor":41,"turns":5},{"damage":1,"enemies":"Spire Growth","floor":42,"turns":4},{"damage":43,"enemies":"4 Shapes","floor":45,"turns":5},{"damage":27,"enemies":"Writhing Mass","floor":46,"turns":6},{"damage":8,"enemies":"3 Darklings","floor":47,"turns":4},{"damage":51,"enemies":"Donu and Deca","floor":50,"turns":3}],"seed_played":"-3799725665102773964","potions_obtained":[{"floor":3,"key":"AttackPotion"},{"floor":8,"key":"GamblersBrew"},{"floor":12,"key":"Ambrosia"},{"floor":12,"key":"AttackPotion"},{"floor":14,"key":"DuplicationPotion"},{"floor":18,"key":"Ancient Potion"},{"floor":22,"key":"Fruit Juice"},{"floor":25,"key":"PowerPotion"},{"floor":35,"key":"GamblersBrew"},{"floor":37,"key":"StancePotion"},{"floor":38,"key":"Ambrosia"},{"floor":41,"key":"LiquidMemories"},{"floor":42,"key":"Dexterity Potion"},{"floor":45,"key":"SteroidPotion"},{"floor":46,"key":"SneckoOil"},{"floor":47,"key":"SmokeBomb"}],"is_trial":false,"path_per_floor":["M","M","M","?","M","E","R","E","T","$","M","?","$","M","R","B",null,"M","?","M","?","M","R","E","M","T","?","?","R","?","E","R","B",null,"M","?","?","M","?","R","E","M","T","R","M","M","M","?","R","B"],"character_chosen":"WATCHER","items_purchased":["Lizard Tail"],"campfire_rested":5,"item_purchase_floors":[10],"current_hp_per_floor":[62,62,62,62,58,42,42,18,18,18,18,18,18,17,38,10,72,43,67,67,67,76,76,52,23,23,23,23,48,48,36,63,59,93,75,77,52,24,88,88,23,34,34,61,32,19,23,23,51,0,0],"gold":0,"neow_bonus":"ONE_RANDOM_RARE_CARD","is_daily":false,"chose_seed":false,"campfire_upgraded":2,"win_rate":0.0,"timestamp":1611606303,"path_taken":["M","M","?","?","M","E","R","E","T","?","M","?","$","M","R","BOSS","M","?","M","?","M","R","E","?","T","?","?","R","?","E","R","BOSS","M","?","?","M","?","R","E","M","T","R","M","M","M","?","R","BOSS"],"items_purchased_type":["Relic"],"build_version":"2020-12-22","purchased_purges":0,"victory":false,"max_hp_per_floor":[72,72,72,72,72,72,72,72,72,72,72,72,72,72,72,72,72,72,72,72,72,82,82,84,84,84,84,84,84,84,91,91,93,93,95,97,99,101,88,88,90,90,90,90,92,94,94,94,94,94,94],"card_choices":[{"not_picked":["EmptyBody","Nirvana"],"picked":"Conclude","floor":1},{"not_picked":["FlyingSleeves","Protect"],"picked":"FollowUp","floor":2},{"not_picked":["FlyingSleeves","Tantrum"],"picked":"Evaluate","floor":3},{"not_picked":["CrushJoints","ClearTheMind"],"picked":"ForeignInfluence","floor":5},{"not_picked":["ClearTheMind","Meditate"],"picked":"FlyingSleeves","floor":6},{"not_picked":["EmptyBody","Adaptation"],"picked":"CutThroughFate","floor":8},{"not_picked":["Halt","CutThroughFate"],"picked":"FearNoEvil","floor":11},{"not_picked":["EmptyFist","SignatureMove","CrushJoints"],"picked":"SKIP","floor":14},{"not_picked":["Wish","Brilliance"],"picked":"Ragnarok","floor":16},{"not_picked":["EmptyFist","FlurryOfBlows","ClearTheMind"],"picked":"SKIP","floor":18},{"not_picked":["WaveOfTheHand","EmptyBody+1"],"picked":"SashWhip+1","floor":20},{"not_picked":["InnerPeace+1","ThirdEye"],"picked":"Conclude+1","floor":22},{"not_picked":["Crescendo","Establishment","FlurryOfBlows"],"picked":"Singing Bowl","floor":24},{"not_picked":["FlurryOfBlows+1","FlyingSleeves"],"picked":"ReachHeaven","floor":25},{"not_picked":["Ragnarok","CutThroughFate"],"picked":"Swivel","floor":31},{"not_picked":["Ragnarok","ConjureBlade","DeusExMachina"],"picked":"Singing Bowl","floor":33},{"not_picked":["BowlingBash","Halt","Blasphemy"],"picked":"Singing Bowl","floor":35},{"not_picked":["Violence","Trip","Magnetism"],"picked":"Singing Bowl","floor":36},{"not_picked":["WheelKick+1","Halt","PathToVictory+1"],"picked":"Singing Bowl","floor":37},{"not_picked":["Crescendo+1","FlyingSleeves+1","Tantrum"],"picked":"Singing Bowl","floor":38},{"not_picked":["LessonLearned","Crescendo+1","Adaptation+1"],"picked":"Singing Bowl","floor":41},{"not_picked":["EmptyMind","Prostrate+1"],"picked":"FollowUp","floor":42},{"not_picked":["Weave","Study+1","JustLucky+1"],"picked":"Singing Bowl","floor":45},{"not_picked":["FlurryOfBlows+1","Alpha","Wireheading+1"],"picked":"Singing Bowl","floor":46},{"not_picked":["FlurryOfBlows","Evaluate"],"picked":"Swivel+1","floor":47}],"player_experience":494670,"relics_obtained":[{"floor":6,"key":"Bottled Lightning"},{"floor":8,"key":"Torii"},{"floor":9,"key":"Matryoshka"},{"floor":24,"key":"Singing Bowl"},{"floor":26,"key":"Bottled Flame"},{"floor":26,"key":"Meat on the Bone"},{"floor":31,"key":"Strawberry"},{"floor":34,"key":"CeramicFish"},{"floor":34,"key":"White Beast Statue"},{"floor":34,"key":"Calipers"},{"floor":37,"key":"Thread and Needle"},{"floor":41,"key":"Frozen Egg 2"},{"floor":43,"key":"TeardropLocket"}],"event_choices":[{"damage_healed":0,"gold_gain":100,"player_choice":"Pray","damage_taken":0,"max_hp_gain":0,"max_hp_loss":0,"event_name":"Golden Shrine","floor":4,"gold_loss":0},{"damage_healed":0,"gold_gain":0,"player_choice":"Got Potions","damage_taken":0,"max_hp_gain":0,"max_hp_loss":0,"event_name":"Lab","floor":12,"gold_loss":0},{"damage_healed":24,"gold_gain":0,"player_choice":"Heal","damage_taken":0,"max_hp_gain":0,"max_hp_loss":0,"event_name":"The Library","floor":19,"gold_loss":0},{"damage_healed":0,"gold_gain":0,"player_choice":"Rummage","damage_taken":0,"relics_obtained":["WarpedTongs"],"max_hp_gain":0,"max_hp_loss":0,"event_name":"Accursed Blacksmith","floor":21,"gold_loss":0,"cards_obtained":["Pain"]},{"cards_removed":["Pain"],"damage_healed":0,"gold_gain":0,"player_choice":"Gave Gold","damage_taken":0,"max_hp_gain":0,"max_hp_loss":0,"event_name":"Beggar","floor":27,"gold_loss":75},{"damage_healed":0,"gold_gain":0,"player_choice":"Obtained Relic","damage_taken":0,"relics_obtained":["WingedGreaves"],"max_hp_gain":0,"max_hp_loss":0,"event_name":"Addict","floor":28,"gold_loss":85},{"damage_healed":0,"gold_gain":0,"player_choice":"Ignored","damage_taken":0,"max_hp_gain":0,"max_hp_loss":0,"event_name":"Ghosts","floor":30,"gold_loss":0},{"damage_healed":0,"gold_gain":0,"player_choice":"Memory 1","damage_taken":0,"max_hp_gain":0,"max_hp_loss":0,"event_name":"SensoryStone","floor":36,"gold_loss":0},{"damage_healed":0,"gold_gain":0,"player_choice":"Fight","damage_taken":0,"max_hp_gain":0,"max_hp_loss":0,"event_name":"MindBloom","floor":37,"gold_loss":0},{"damage_healed":88,"gold_gain":0,"player_choice":"Heal","damage_taken":0,"max_hp_gain":0,"max_hp_loss":13,"event_name":"The Moai Head","floor":39,"gold_loss":0},{"damage_healed":0,"gold_gain":0,"player_choice":"Paid","damage_taken":0,"relics_obtained":["Red Mask"],"max_hp_gain":0,"max_hp_loss":0,"event_name":"Tomb of Lord Red Mask","floor":48,"gold_loss":403}],"is_beta":false,"boss_relics":[{"not_picked":["Coffee Dripper","Fusion Hammer"],"picked":"SacredBark"},{"not_picked":["Runic Pyramid","Pandora\u0027s Box"],"picked":"Calling Bell"}],"items_purged_floors":[],"is_endless":false,"potions_floor_spawned":[3,8,14,16,18,22,25,35,37,38,41,42,45,46,47],"killed_by":"Donu and Deca","ascension_level":4}}