{"host":"hfqwstagl369ldt0","time":1611538225,"event":{"mods":["Arknights The Spire","BaseMod","Lobotomy","LobotomyExtend","Minty Spire (QoL Compilation)","StSLib","The Runesmith"],"gold_per_floor":[114,125,142,161,161,161,176,31,31,31,50,60,60,75,75,75,75],"floor_reached":16,"language":"ENG","playtime":1376,"items_purged":["Runesmith:Strike_RS"],"score":96,"play_id":"f9d51e77-0433-4f97-ae6d-140faa5bc102","local_time":"20210124193025","is_ascension_mode":false,"campfire_choices":[{"floor":6,"key":"REST"},{"floor":15,"key":"REST"}],"circlet_count":0,"master_deck":["Runesmith:Strike_RS","Runesmith:Strike_RS","Runesmith:Strike_RS","Runesmith:Defend_RS","Runesmith:Defend_RS","Runesmith:Defend_RS","Runesmith:Defend_RS","Runesmith:CraftFirestone","Runesmith:Fortify","Runesmith:EarthShield","Runesmith:HeatedChisel","Runesmith:Firestorm","Runesmith:RunicBlueprint","Runesmith:Discharge","Runesmith:CraftProtectio","Runesmith:Permafrost","Runesmith:HeatedChisel","Runesmith:Attraction","Runesmith:CraftMedicinae"],"relics":["Runesmith:BrokenRuby","LetterFromLob","Dream Catcher"],"acts_visited":["Exordium"],"potions_floor_usage":[16],"damage_taken":[{"damage":0,"enemies":"Small Slimes","floor":1,"turns":4},{"damage":0,"enemies":"2 Louse","floor":2,"turns":3},{"damage":4,"enemies":"Jaw Worm","floor":3,"turns":4},{"damage":11,"enemies":"Looter","floor":4,"turns":3},{"damage":11,"enemies":"Exordium Thugs","floor":7,"turns":4},{"damage":14,"enemies":"Exordium Wildlife","floor":11,"turns":5},{"damage":1,"enemies":"Blue Slaver","floor":12,"turns":3},{"damage":18,"enemies":"2 Fungi Beasts","floor":14,"turns":4},{"damage":45,"enemies":"Hexaghost","floor":16,"turns":16}],"seed_played":"7271808234955133071","potions_obtained":[{"floor":2,"key":"SteroidPotion"},{"floor":3,"key":"PowerPotion"},{"floor":4,"key":"CultistPotion"},{"floor":12,"key":"Dexterity Potion"}],"is_trial":false,"path_per_floor":["M","M","M","M","?","R","M","$","T","?","M","M","$","M","R","B"],"character_chosen":"RUNESMITH_CLASS","items_purchased":["Runesmith:Permafrost"],"campfire_rested":2,"item_purchase_floors":[8],"current_hp_per_floor":[70,70,66,55,43,64,53,53,53,53,39,38,38,20,41,0,0],"gold":75,"neow_bonus":"THREE_CARDS","is_daily":false,"chose_seed":false,"campfire_upgraded":0,"win_rate":0.0,"timestamp":1611538225,"path_taken":["M","M","M","M","?","R","M","$","T","?","M","M","$","M","R","BOSS"],"items_purchased_type":["Card"],"build_version":"2020-12-22","purchased_purges":1,"victory":false,"max_hp_per_floor":[70,70,70,70,70,70,70,70,70,70,70,70,70,70,70,70,70],"card_choices":[{"not_picked":["Runesmith:Grindstone","Runesmith:ShiftingStrike"],"picked":"Runesmith:EarthShield","floor":0},{"not_picked":["Runesmith:ChiselStab","Runesmith:FrozenChisel"],"picked":"Runesmith:HeatedChisel","floor":1},{"not_picked":["Runesmith:WhiteBalance","Runesmith:UnstableHammer"],"picked":"Runesmith:Firestorm","floor":2},{"not_picked":["Runesmith:MakeshiftArmor","Runesmith:Overpower","Runesmith:BackupBattery"],"picked":"SKIP","floor":3},{"not_picked":["Runesmith:HeatExchange","Runesmith:Terraform"],"picked":"Runesmith:RunicBlueprint","floor":4},{"not_picked":["Runesmith:StaticCage","Runesmith:UnstableHammer"],"picked":"Runesmith:Discharge","floor":6},{"not_picked":["Runesmith:Grindstone","Runesmith:Overpower"],"picked":"Runesmith:CraftProtectio","floor":7},{"not_picked":["Runesmith:UnstableHammer","Runesmith:HammerThrow"],"picked":"Runesmith:HeatedChisel","floor":11},{"not_picked":["Runesmith:LithiumIon","Runesmith:PoweredAnvil"],"picked":"Runesmith:Attraction","floor":12},{"not_picked":["Runesmith:EarthShield","Runesmith:StaticCage","Runesmith:Grindstone"],"picked":"SKIP","floor":14},{"not_picked":["Runesmith:Electrocute","Runesmith:FrozenChisel"],"picked":"Runesmith:CraftMedicinae","floor":15}],"player_experience":41680,"relics_obtained":[{"floor":1,"key":"LetterFromLob"}],"event_choices":[{"damage_healed":0,"gold_gain":0,"player_choice":"Success","damage_taken":12,"relics_obtained":["Dream Catcher"],"max_hp_gain":0,"max_hp_loss":0,"event_name":"Scrap Ooze","floor":5,"gold_loss":0}],"is_beta":false,"boss_relics":[],"items_purged_floors":[8],"is_endless":false,"potions_floor_spawned":[2,3,4,12],"killed_by":"Hexaghost","ascension_level":0}}