{"host":"pcbz64t4k17ey4z1","time":1611604814,"event":{"mods":["2.2 Compatiblity","AchievementEnabler","Act Like it!","Aspiration","BaseMod","Beaked The Cultist","Better Match","Better Third Choice","BetterRewards","Card Forge","Colored Map","Colored Powertips","Conspire","Disable Question Mark Monsters","Fireblade Mod","Friendly Minions","Gensokyo","GifTheSpireLib","Glutton Mod","Googly Eyes","Gremlin Mod","Hermit","Hubris","Infinite Spire","Koishi","Marisa????????","Minty Spire (QoL Compilation)","Permanent Neow","Potionbrewer","Quick Restart","Random Character Button","Rare Cards Sparkle","Relic Filter","Replay The Spire","Robot Space Explorer","Shade Mod","Shop Mod","Spicy Shops","StSLib","Stuff the Spire","SuperFastMode","The Cursed","The Druid","The Gatherer","The Hierophant","The IronCluck","The Jungle","The Marked","The Runesmith","Virulent Crown","Waifu the Spire","Wandering Minibosses"],"gold_per_floor":[119,136,156,156,156,190,205,230,230,242,242,272,289,270,270,371,671,681,224,224,224,224,224],"floor_reached":22,"language":"ENG","playtime":993,"items_purged":[],"score":423,"play_id":"9b72df0c-22e5-49fe-bda3-591fde6edeb8","local_time":"20210125200014","is_ascension_mode":true,"campfire_choices":[{"floor":11,"key":"REST"},{"data":"hermit:Midnight","floor":15,"key":"SMITH"}],"circlet_count":0,"master_deck":["hermit:Strike_Hermit+1","hermit:Strike_Hermit+1","hermit:Strike_Hermit+1","hermit:Strike_Hermit+1","hermit:Defend_Hermit+1","hermit:Defend_Hermit+1","hermit:Defend_Hermit+1","hermit:Defend_Hermit+1","hermit:Covet+1","hermit:BigShot+1","hermit:Deadeye","hermit:Deadeye","hermit:EyeOfTheStorm+1","hermit:Snapshot+1","hermit:Brawl+1","hermit:ShadowCloak","hermit:GhostlyPresence","hermit:BigShot","hermit:Midnight+1","hermit:FinalCanter","CurseOfTheBell","hermit:Strike_Hermit+1","hermit:Strike_Hermit+1","hermit:Strike_Hermit+1","hermit:Strike_Hermit+1","hermit:Defend_Hermit+1","hermit:Defend_Hermit+1","hermit:Defend_Hermit+1","hermit:Defend_Hermit+1","hermit:Covet+1","hermit:BigShot+1","hermit:Deadeye","hermit:Deadeye","hermit:EyeOfTheStorm+1","hermit:Snapshot+1","hermit:Brawl+1","hermit:ShadowCloak","hermit:GhostlyPresence","hermit:BigShot","hermit:Midnight+1","hermit:FinalCanter","CurseOfTheBell"],"relics":["hermit:Momento","Hammer of Thor","Seething Fire","Anvil of the Gods","StuffTheSpire:DarkSteelAnvil","Lantern","StuffTheSpire:Mouthbags","White Beast Statue","Calling Bell","Old Coin","StuffTheSpire:EmeraldSignet","conspire:TopHat","Blood Vial","aspiration:KaomsHeart"],"acts_visited":["Exordium","TheCity"],"potions_floor_usage":[7,7,12,14,14,16,16],"damage_taken":[{"damage":0,"enemies":"Cultist","floor":1,"turns":3},{"damage":11,"enemies":"Jaw Worm","floor":2,"turns":3},{"damage":1,"enemies":"Small Slimes","floor":3,"turns":4},{"damage":0,"enemies":"3 Sentries","floor":6,"turns":6},{"damage":0,"enemies":"Exordium Thugs","floor":7,"turns":3},{"damage":6,"enemies":"Gremlin Nob","floor":8,"turns":3},{"damage":3,"enemies":"2 Fungi Beasts","floor":10,"turns":3},{"damage":9,"enemies":"3 Sentries","floor":12,"turns":5},{"damage":4,"enemies":"Looter","floor":13,"turns":2},{"damage":1,"enemies":"Large Slime","floor":14,"turns":7},{"damage":14,"enemies":"Hexaghost","floor":16,"turns":9},{"damage":15,"enemies":"Shell Parasite","floor":18,"turns":5},{"damage":10,"enemies":"Spheric Guardian","floor":22,"turns":2}],"seed_played":"-5354079894999253502","potions_obtained":[{"floor":3,"key":"SpeedPotion"},{"floor":6,"key":"EssenceOfSteel"},{"floor":8,"key":"infinitespire:BlackPotion"},{"floor":10,"key":"DistilledChaos"},{"floor":12,"key":"potionbrewer:DiscountPotion"},{"floor":13,"key":"SpeedPotion"},{"floor":14,"key":"Swift Potion"},{"floor":16,"key":"potionbrewer:ToxicPotion"},{"floor":18,"key":"Toxic Potion"}],"is_trial":false,"path_per_floor":["M","M","M","?","T","E","M","E","T","M","R","E","M","M","R","B",null,"M","$","?","?","M"],"character_chosen":"HERMIT","items_purchased":["StuffTheSpire:DarkSteelAnvil","hermit:BigShot","Blood Vial","aspiration:KaomsHeart"],"campfire_rested":1,"item_purchase_floors":[0,0,19,19],"current_hp_per_floor":[75,64,63,63,63,63,63,57,57,54,75,66,62,61,61,47,75,60,160,1,1,0,0],"gold":224,"neow_bonus":"","is_daily":false,"chose_seed":false,"campfire_upgraded":1,"win_rate":0.0,"timestamp":1611604814,"path_taken":["M","M","M","?","?","E","M","E","T","M","R","E","M","M","R","BOSS","M","$","?","?","?"],"items_purchased_type":["Relic","Card","Relic","Relic"],"build_version":"2020-12-22","purchased_purges":0,"victory":false,"max_hp_per_floor":[75,75,75,75,75,75,75,75,75,75,75,75,75,75,75,75,75,75,175,1,1,1,1],"card_choices":[{"not_picked":["hermit:LowProfile","hermit:Glare"],"picked":"hermit:Deadeye","floor":1},{"not_picked":["hermit:Glare","hermit:LoneWolf"],"picked":"hermit:Deadeye","floor":2},{"not_picked":["hermit:Horror","hermit:FlashPowder"],"picked":"hermit:EyeOfTheStorm","floor":3},{"not_picked":["hermit:LuckOfTheDraw","hermit:LowProfile","hermit:SprayPray"],"picked":"SKIP","floor":6},{"not_picked":["hermit:Cheat","hermit:Snipe","hermit:LowProfile"],"picked":"SKIP","floor":7},{"not_picked":["hermit:NoHoldsBarred","hermit:ItchyTrigger"],"picked":"hermit:Brawl","floor":8},{"not_picked":["hermit:HighCaliber","hermit:Manifest"],"picked":"hermit:ShadowCloak","floor":10},{"not_picked":["hermit:Roulette","hermit:CalledShot"],"picked":"hermit:GhostlyPresence","floor":12},{"not_picked":["hermit:WideOpen","hermit:LowProfile"],"picked":"hermit:BigShot","floor":13},{"not_picked":["hermit:HighCaliber","hermit:Cheat"],"picked":"hermit:Midnight","floor":14},{"not_picked":["hermit:Dissolve","hermit:Roughhouse"],"picked":"hermit:FinalCanter","floor":16},{"not_picked":["hermit:CalledShot","hermit:Maintenance","hermit:Horror"],"picked":"SKIP","floor":18}],"player_experience":3367846,"relics_obtained":[{"floor":6,"key":"Lantern"},{"floor":8,"key":"StuffTheSpire:Mouthbags"},{"floor":9,"key":"White Beast Statue"},{"floor":12,"key":"aspiration:StickyExplosives_weak"},{"floor":17,"key":"Old Coin"},{"floor":17,"key":"StuffTheSpire:EmeraldSignet"},{"floor":17,"key":"conspire:TopHat"}],"event_choices":[{"damage_healed":0,"gold_gain":0,"player_choice":"Leave","damage_taken":0,"max_hp_gain":0,"max_hp_loss":0,"event_name":"conspire:Investor","floor":4,"gold_loss":0}],"is_beta":false,"boss_relics":[{"not_picked":["StuffTheSpire:RunicHypercube","hubris:Backtick"],"picked":"Calling Bell"}],"items_purged_floors":[],"is_endless":false,"potions_floor_spawned":[3,6,8,10,12,13,14,16,18],"killed_by":"Spheric Guardian","ascension_level":1}}