{"host":"bfjg2gtnqo0q4f32","time":1611539594,"event":{"mods":["BaseMod","BetterRewards","DeckTracker","Dio Mod","Hero for Fun","Jorbs\u0027s Wanderer Trilogy","Mad Scientist","Minty Spire (QoL Compilation)","READ ME - Guardian Mod","Shop Mod","StSLib","The Bladedancer","The Construct","The Cursed","The Disciple","The Forsaken","The Necromancer","The Saiyan","The Servant 0.9.4","The Wild Card","TheHero","thorton"],"gold_per_floor":[109,59,70,70,81,110,123,123,146,146,159,159,178,195,195,195,195],"floor_reached":16,"language":"ENG","playtime":1132,"items_purged":[],"score":114,"play_id":"a73d9759-91fd-4e83-9b76-e41bd8eb4ca7","local_time":"20210124205314","is_ascension_mode":false,"campfire_choices":[{"floor":8,"key":"REST"},{"floor":15,"key":"REST"}],"circlet_count":0,"master_deck":["Strike_G","Strike_G","Strike_G","Strike_G","Defend_G","Defend_G","Defend_G","Defend_G","Defend_G","Survivor","Neutralize","Catalyst","Backflip","Blade Dance","Deadly Poison","Endless Agony"],"relics":["Sozu","Boot","Tiny Chest","Regal Pillow"],"acts_visited":["Exordium"],"potions_floor_usage":[],"damage_taken":[{"damage":0,"enemies":"Small Slimes","floor":1,"turns":4},{"damage":0,"enemies":"Jaw Worm","floor":3,"turns":5},{"damage":0,"enemies":"2 Louse","floor":5,"turns":4},{"damage":24,"enemies":"Lagavulin","floor":6,"turns":11},{"damage":4,"enemies":"2 Fungi Beasts","floor":7,"turns":3},{"damage":0,"enemies":"Red Slaver","floor":11,"turns":3},{"damage":13,"enemies":"3 Sentries","floor":12,"turns":10},{"damage":0,"enemies":"3 Louse","floor":13,"turns":3},{"damage":3,"enemies":"2 Fungi Beasts","floor":14,"turns":3},{"damage":69,"enemies":"Slime Boss","floor":16,"turns":10}],"seed_played":"5651420796525170942","potions_obtained":[],"is_trial":false,"path_per_floor":["M","?","M","?","M","E","M","R","T","?","M","E","M","M","R","B"],"character_chosen":"THE_SILENT","items_purchased":[],"campfire_rested":2,"item_purchase_floors":[],"current_hp_per_floor":[70,70,70,52,52,28,24,45,45,45,45,32,32,29,65,0,0],"gold":195,"neow_bonus":"BOSS_RELIC","is_daily":false,"chose_seed":false,"campfire_upgraded":0,"win_rate":0.0,"timestamp":1611539594,"path_taken":["M","?","M","?","M","E","M","R","T","?","?","E","M","M","R","BOSS"],"items_purchased_type":[],"build_version":"2020-12-22","purchased_purges":0,"victory":false,"max_hp_per_floor":[70,70,70,70,70,70,70,70,70,70,70,70,70,70,70,70,70],"card_choices":[{"not_picked":["Caltrops","Acrobatics"],"picked":"Catalyst","floor":1},{"not_picked":["Slice","All Out Attack"],"picked":"Backflip","floor":3},{"not_picked":["Terror","Acrobatics","Bane"],"picked":"SKIP","floor":5},{"not_picked":["Doppelganger","Masterful Stab"],"picked":"Blade Dance","floor":6},{"not_picked":["Heel Hook","Dodge and Roll"],"picked":"Deadly Poison","floor":7},{"not_picked":["Eviscerate","Underhanded Strike"],"picked":"Endless Agony","floor":11},{"not_picked":["Catalyst","Dodge and Roll","Outmaneuver"],"picked":"SKIP","floor":12},{"not_picked":["Prepared","Terror","Catalyst"],"picked":"SKIP","floor":13},{"not_picked":["Leg Sweep","Sucker Punch","Quick Slash"],"picked":"SKIP","floor":14}],"player_experience":85583,"relics_obtained":[{"floor":6,"key":"Tiny Chest"},{"floor":9,"key":"Regal Pillow"}],"event_choices":[{"cards_removed":["Strike_G"],"damage_healed":0,"gold_gain":0,"player_choice":"Card Removal","damage_taken":0,"max_hp_gain":0,"max_hp_loss":0,"event_name":"The Cleric","floor":2,"gold_loss":50},{"damage_healed":0,"gold_gain":0,"player_choice":"Success","damage_taken":18,"relics_obtained":["Boot"],"max_hp_gain":0,"max_hp_loss":0,"event_name":"Scrap Ooze","floor":4,"gold_loss":0},{"damage_healed":0,"gold_gain":0,"player_choice":"Ignored","damage_taken":0,"max_hp_gain":0,"max_hp_loss":0,"event_name":"Golden Wing","floor":10,"gold_loss":0}],"is_beta":false,"boss_relics":[],"items_purged_floors":[],"is_endless":false,"potions_floor_spawned":[1,6,11,13],"killed_by":"Slime Boss","ascension_level":0}}