{"host":"e8qlq9m73szgw1mp","time":1611618207,"event":{"mods":["2.2 Compatiblity","AchievementEnabler","BaseMod","Colored Powertips","Downfall","Highlight Path","Minty Spire (QoL Compilation)","Quick Restart","StSLib"],"gold_per_floor":[99,99,99,99,99,549,576,609,233,260,292,304,216,239,265,277,277,277],"floor_reached":16,"language":"ENG","playtime":487,"items_purged":["downfall:Malfunctioning"],"score":131,"play_id":"976ca18d-eb98-42b0-a911-b60bcd8bf3ad","local_time":"20210125154327","is_ascension_mode":false,"campfire_choices":[{"data":"bronze:Goto","floor":1,"key":"SMITH"},{"floor":13,"key":"REST"}],"circlet_count":0,"master_deck":["bronze:Strike+1","bronze:Strike+1","bronze:Strike+1","bronze:Strike","bronze:Defend+1","bronze:Defend","bronze:Defend","bronze:Defend","bronze:Replicate+1","bronze:Goto+1","bronze:Repulsor","bronze:ChosenStrike","downfall:Icky","downfall:Icky","downfall:Icky","bronze:Safeguard","bronze:Repair","bronze:CloningBeam","bronze:Iterate","bronze:RecursiveStrike","bronze:Frontload","bronze:BitShift"],"relics":["bronze:BronzeCore","downfall:HeartsMalice","StrikeDummy","Whetstone","hexamod:CandleOfCauterizing","Membership Card","Gambling Chip","MawBank","bronze:BottledCode","downfall:HeartBlessingGreen"],"acts_visited":["Exordium"],"potions_floor_usage":[9],"damage_taken":[{"damage":0,"enemies":"Cultist","floor":3,"turns":1},{"damage":0,"enemies":"Jaw Worm","floor":4,"turns":1},{"damage":0,"enemies":"Gremlin Nob","floor":8,"turns":1},{"damage":0,"enemies":"downfall:FleeingMerchant","floor":9,"turns":4},{"damage":31,"enemies":"Lagavulin","floor":10,"turns":7},{"damage":0,"enemies":"Small Slimes","floor":11,"turns":2},{"damage":0,"enemies":"3 Louse","floor":14,"turns":2},{"damage":25,"enemies":"Large Slime","floor":15,"turns":5},{"damage":0,"enemies":"IC_STATUS_ARCHETYPE","floor":16,"turns":2}],"seed_played":"8523618102252933027","potions_obtained":[{"floor":8,"key":"SneckoOil"},{"floor":10,"key":"sneckomod:MuddlingPotion"},{"floor":11,"key":"Strength Potion"},{"floor":14,"key":"AttackPotion"}],"is_trial":false,"path_per_floor":["R","?","M","M","?","?","T","E","$","E","M","?","R","M","M","B"],"character_chosen":"THE_AUTOMATON","items_purchased":["Membership Card","bronze:CloningBeam","Gambling Chip"],"campfire_rested":1,"item_purchase_floors":[9,9,9],"current_hp_per_floor":[70,70,70,70,45,45,45,45,45,21,21,21,39,46,28,28,28,28],"gold":277,"neow_bonus":"THREE_ENEMY_KILL","is_daily":false,"chose_seed":false,"campfire_upgraded":1,"win_rate":0.0,"timestamp":1611618207,"path_taken":["R","?","M","M","?","?","T","E","$","E","M","?","R","M","M","BOSS"],"items_purchased_type":["Relic","Card","Relic"],"build_version":"2020-12-22","purchased_purges":1,"victory":false,"max_hp_per_floor":[70,70,70,70,70,70,70,70,70,70,70,60,60,60,60,60,60,60],"card_choices":[{"not_picked":["bronze:OilSpill","bronze:NullPointer"],"picked":"bronze:Repulsor","floor":3},{"not_picked":["bronze:BitShift","bronze:NullPointer"],"picked":"bronze:ChosenStrike","floor":4},{"not_picked":["bronze:Turbo","bronze:CutThrough"],"picked":"bronze:Safeguard","floor":8},{"not_picked":["bronze:Iterate","bronze:Turbo"],"picked":"bronze:Repair","floor":9},{"not_picked":["bronze:GetLatest","bronze:DelayedGuard"],"picked":"bronze:Iterate","floor":10},{"not_picked":["bronze:BitShift","bronze:Deprecate"],"picked":"bronze:RecursiveStrike","floor":11},{"not_picked":["bronze:BronzeArmor","bronze:Invalidate"],"picked":"bronze:Frontload","floor":14},{"not_picked":["bronze:ChildClass","bronze:Invalidate"],"picked":"bronze:BitShift","floor":15}],"player_experience":1305993,"relics_obtained":[{"floor":7,"key":"Whetstone"},{"floor":8,"key":"hexamod:CandleOfCauterizing"},{"floor":10,"key":"MawBank"}],"event_choices":[{"damage_healed":0,"gold_gain":0,"player_choice":"Success","damage_taken":25,"relics_obtained":["StrikeDummy"],"max_hp_gain":0,"max_hp_loss":0,"event_name":"Scrap Ooze","floor":5,"gold_loss":0}],"is_beta":false,"boss_relics":[],"items_purged_floors":[9],"is_endless":false,"potions_floor_spawned":[8,10,11,14],"killed_by":"IC_STATUS_ARCHETYPE","ascension_level":0}}