{"host":"a1eatafr7pisesky","time":1611566691,"event":{"mods":["AchievementEnabler","BaseMod","Colored Map","Keyboard Shortcuts","Minty Spire (QoL Compilation)","Say the Spire","StSLib","SuperFastMode","everything is the same but u backflip on backflip"],"gold_per_floor":[17,17,35,35,35,67,67,80,106,125,49,60,30,65,65,163,163,176,196,121,121,137,137,172,172,172,197,230,230,230],"floor_reached":29,"language":"KOR","playtime":582,"items_purged":["Defend_P"],"score":468,"play_id":"f2126978-b778-45b1-ae96-10fd496f7337","local_time":"20210125182451","is_ascension_mode":true,"campfire_choices":[{"data":"Eruption","floor":7.0,"key":"SMITH"},{"floor":15.0,"key":"REST"},{"floor":23.0,"key":"REST"},{"floor":25.0,"key":"REST"}],"circlet_count":0,"master_deck":["Strike_P","Strike_P","Strike_P","Defend_P","Defend_P","Eruption+1","Vigilance","Ragnarok","InnerPeace","Adaptation+1","SandsOfTime","LessonLearned+1","Vault","TalkToTheHand+1","MentalFortress"],"relics":["PureWater","Bronze Scales","Vajra","InkBottle","VioletLotus","CeramicFish","Question Card","Ancient Tea Set"],"acts_visited":["Exordium","TheCity"],"potions_floor_usage":[28,29],"damage_taken":[{"damage":12.0,"enemies":"Jaw Worm","floor":1.0,"turns":2.0},{"damage":0.0,"enemies":"Cultist","floor":3.0,"turns":2.0},{"damage":0.0,"enemies":"Lagavulin","floor":6.0,"turns":2.0},{"damage":12.0,"enemies":"Small Slimes","floor":8.0,"turns":3.0},{"damage":9.0,"enemies":"Red Slaver","floor":10.0,"turns":2.0},{"damage":0.0,"enemies":"Large Slime","floor":12.0,"turns":1.0},{"damage":0.0,"enemies":"Gremlin Nob","floor":14.0,"turns":2.0},{"damage":32.0,"enemies":"The Guardian","floor":16.0,"turns":8.0},{"damage":0.0,"enemies":"Spheric Guardian","floor":18.0,"turns":1.0},{"damage":2.0,"enemies":"Chosen","floor":19.0,"turns":4.0},{"damage":27.0,"enemies":"Snake Plant","floor":22.0,"turns":2.0},{"damage":33.0,"enemies":"Slavers","floor":24.0,"turns":4.0},{"damage":29.0,"enemies":"Sentry and Sphere","floor":27.0,"turns":6.0},{"damage":7,"enemies":"Gremlin Leader","floor":28,"turns":4},{"damage":0,"enemies":"Shelled Parasite and Fungi","floor":29,"turns":1}],"seed_played":"-6373276857847768677","potions_obtained":[{"floor":1.0,"key":"BlessingOfTheForge"},{"floor":8.0,"key":"SpeedPotion"},{"floor":13.0,"key":"Ambrosia"},{"floor":13.0,"key":"ColorlessPotion"},{"floor":18.0,"key":"Energy Potion"},{"floor":19.0,"key":"Fire Potion"},{"floor":27.0,"key":"SneckoOil"},{"floor":28,"key":"GamblersBrew"}],"is_trial":false,"path_per_floor":["M","?","M","?","$","E","R","M","T","M","$","M","?","E","R","B",null,"M","M","$","?","M","R","E","R","T","M","E","M"],"character_chosen":"WATCHER","items_purchased":["Adaptation"],"campfire_rested":3,"item_purchase_floors":[11],"current_hp_per_floor":[53,53,53,46,46,46,46,34,34,25,25,25,25,25,46,14,58,58,56,56,56,29,50,17,38,38,9,2,2,2],"gold":230,"neow_bonus":"THREE_RARE_CARDS","is_daily":false,"chose_seed":false,"campfire_upgraded":1,"win_rate":0.0,"timestamp":1611566691,"path_taken":["M","?","M","?","?","E","R","M","T","?","$","M","?","E","R","BOSS","M","M","$","?","M","R","E","R","T","M","E","M"],"items_purchased_type":["Card"],"build_version":"2020-12-22","purchased_purges":1,"victory":false,"max_hp_per_floor":[72,72,72,72,72,72,72,72,72,72,72,72,72,72,72,72,72,72,72,72,72,72,72,72,72,72,72,72,72,72],"card_choices":[{"not_picked":["ConjureBlade","Establishment"],"picked":"Ragnarok","floor":0.0},{"not_picked":["JustLucky","BattleHymn"],"picked":"InnerPeace","floor":1.0},{"not_picked":["Protect","Conclude","SashWhip"],"picked":"SKIP","floor":3.0},{"not_picked":["Halt","Establishment","ClearTheMind"],"picked":"SKIP","floor":6.0},{"not_picked":["WaveOfTheHand","ThirdEye","FlyingSleeves"],"picked":"SKIP","floor":8.0},{"not_picked":["CutThroughFate","Prostrate","ClearTheMind"],"picked":"SKIP","floor":10.0},{"not_picked":["Halt","SashWhip"],"picked":"SandsOfTime","floor":12.0},{"not_picked":["InnerPeace","JustLucky"],"picked":"LessonLearned","floor":14.0},{"not_picked":["Omniscience","DeusExMachina"],"picked":"Vault","floor":16.0},{"not_picked":["ThirdEye","Indignation"],"picked":"TalkToTheHand","floor":18.0},{"not_picked":["JustLucky","FollowUp","BattleHymn"],"picked":"SKIP","floor":19.0},{"not_picked":["FollowUp+1","DeceiveReality","FlyingSleeves"],"picked":"SKIP","floor":22.0},{"not_picked":["Weave","Sanctity+1","Indignation"],"picked":"SKIP","floor":24.0},{"not_picked":["JustLucky","SashWhip","BowlingBash+1"],"picked":"MentalFortress","floor":27.0},{"not_picked":["Evaluate","TalkToTheHand+1","Sanctity","PathToVictory"],"picked":"SKIP","floor":28}],"player_experience":347183,"relics_obtained":[{"floor":6.0,"key":"Bronze Scales"},{"floor":9.0,"key":"Vajra"},{"floor":14.0,"key":"InkBottle"},{"floor":24.0,"key":"CeramicFish"},{"floor":26.0,"key":"Question Card"},{"floor":28,"key":"Ancient Tea Set"}],"event_choices":[{"cards_removed":["Strike_P"],"damage_healed":0.0,"max_hp_gain":0.0,"max_hp_loss":0.0,"gold_gain":0.0,"event_name":"Living Wall","player_choice":"Forget","floor":2.0,"gold_loss":0.0,"damage_taken":0.0},{"cards_removed":["Defend_P"],"damage_healed":0.0,"max_hp_gain":0.0,"max_hp_loss":0.0,"gold_gain":0.0,"event_name":"Golden Wing","player_choice":"Card Removal","floor":4.0,"gold_loss":0.0,"damage_taken":7.0},{"damage_healed":0.0,"max_hp_gain":0.0,"max_hp_loss":0.0,"gold_gain":0.0,"event_name":"The Woman in Blue","player_choice":"Bought 2 Potions","floor":13.0,"gold_loss":0.0,"damage_taken":0.0},{"damage_healed":0.0,"max_hp_gain":0.0,"max_hp_loss":0.0,"gold_gain":0.0,"event_name":"Vampires","player_choice":"Ignored","floor":21.0,"gold_loss":0.0,"damage_taken":0.0}],"is_beta":false,"boss_relics":[{"not_picked":["Calling Bell","Snecko Eye"],"picked":"VioletLotus"}],"items_purged_floors":[20],"is_endless":false,"potions_floor_spawned":[1,8,16,18,19,27,28],"killed_by":"Shelled Parasite and Fungi","ascension_level":9}}