{"host":"jjz4szgmev061tnm","time":1611566204,"event":{"mods":["Act Like it!","Arknights The Spire","BaseMod","Gensokyo","KinomotoSakuraMod(ƒæ÷Æ±æ”£)","Marisa£®ÏF”Í°°ƒß¿Ì…≥£©","Minty Spire (QoL Compilation)","Shop Mod","StSLib","Youmu£®ªÍ∆«—˝√Œ£©"],"gold_per_floor":[116,128,53,4,4,17,17,43,69,302,150,177,177,177,177,472,472,492,273,273,273,273,273,273],"floor_reached":23,"language":"ZHS","playtime":1409,"items_purged":["ats:Defend"],"score":197,"play_id":"1948544a-54ea-43f5-b054-a415823dc729","local_time":"20210125171644","is_ascension_mode":false,"campfire_choices":[{"data":"ats:Soul Absorption","floor":13,"key":"SMITH"},{"data":"ats:True Silver Slash","floor":15,"key":"SMITH"}],"circlet_count":0,"master_deck":["ats:Strike G","ats:Strike S","ats:Armor Crushing Shot","ats:Defend","ats:Defend","ats:Defend","ats:Emotion Absorption","ats:Poison Spread","ats:Ignite","ats:Assault Order","ats:Revitalization","ats:Neurotoxin","ats:Dogmatic Field+1","ats:Soul Absorption+1","ats:Shell Defense","ats:True Silver Slash+1","ats:Calcification","Gensokyo:BlemishedSteel","Gensokyo:Shovel","Gensokyo:ScrapIron","Gensokyo:TarnishedGold","Gensokyo:RustyChest"],"relics":["ats:Sanity","NeowsBlessing","Gensokyo:OccultBall","ats:Originium","ats:Ability Aura","Boot","Bottled Tornado","Letter Opener","ats:Omniscience"],"acts_visited":["Exordium","Gensokyo:Gensokyo"],"potions_floor_usage":[16,16],"damage_taken":[{"damage":0,"enemies":"Gensokyo:Python","floor":1,"turns":1},{"damage":0,"enemies":"Gensokyo:2_Kodama","floor":2,"turns":1},{"damage":0,"enemies":"Gensokyo:Gryphon","floor":6,"turns":1},{"damage":28,"enemies":"Gensokyo:Aya","floor":8,"turns":6},{"damage":56,"enemies":"Gensokyo:5_Fairies","floor":10,"turns":36},{"damage":4,"enemies":"Gensokyo:Mamizou","floor":12,"turns":10},{"damage":35,"enemies":"Gensokyo:Python_and_Kodama","floor":14,"turns":6},{"damage":112,"enemies":"Gensokyo:Yukari","floor":16,"turns":12},{"damage":20,"enemies":"Gensokyo:2_Gloops","floor":18,"turns":5},{"damage":106,"enemies":"Gensokyo:Tenshi","floor":23,"turns":4}],"seed_played":"1204224227833587808","potions_obtained":[{"floor":2,"key":"ats:Top Emergency Sanity Potion"},{"floor":10,"key":"Explosive Potion"},{"floor":12,"key":"DistilledChaos"}],"is_trial":false,"path_per_floor":["M","M","$","$","?","M","?","E","T","M","COS","E","R","M","R","B",null,"M","COS","?","?","?","E"],"character_chosen":"DOCTOR_CLASS","items_purchased":["ats:Ignite"],"campfire_rested":0,"item_purchase_floors":[4],"current_hp_per_floor":[72,72,72,72,72,72,72,44,44,48,48,53,53,61,61,20,72,52,52,52,52,52,0,0],"gold":273,"neow_bonus":"THREE_ENEMY_KILL","is_daily":false,"chose_seed":false,"campfire_upgraded":2,"win_rate":0.0,"timestamp":1611566204,"path_taken":["M","?","?","$","?","M","?","E","T","M","COS","E","R","?","R","BOSS","M","COS","?","?","?","E"],"items_purchased_type":["Card"],"build_version":"2020-12-22","purchased_purges":1,"victory":false,"max_hp_per_floor":[72,72,72,72,72,72,72,72,72,72,72,72,72,72,72,72,72,72,72,72,72,72,72,72],"card_choices":[{"not_picked":["ats:Shell Defense","ats:Cat Scratch"],"picked":"ats:Sunburst","floor":1},{"not_picked":["ats:Defend Order","ats:Counter Healing Mode"],"picked":"ats:Poison Spread","floor":2},{"not_picked":["ats:Hook Shot","ats:Guard Mode"],"picked":"ats:Assault Order","floor":6},{"not_picked":["ats:Curse Doll","ats:Collapsing Strike"],"picked":"ats:Revitalization","floor":8},{"not_picked":["ats:Revitalization","ats:Serious Mode"],"picked":"ats:Neurotoxin","floor":10},{"not_picked":["ats:Automatic Cover+1","ats:Absolute Focus+1"],"picked":"ats:Dogmatic Field+1","floor":12},{"not_picked":["ats:Red Shift","ats:Sword Rain"],"picked":"ats:Soul Absorption","floor":12},{"not_picked":["ats:Consecutive Shot Auto","ats:Very Hot Blade"],"picked":"ats:Shell Defense","floor":14},{"not_picked":["ats:Volcano","ats:Wolf Pack"],"picked":"ats:True Silver Slash","floor":14},{"not_picked":["ats:Disruption Kick","ats:Ambush"],"picked":"ats:Calcification","floor":16},{"not_picked":["ats:Mental Burst","ats:Phantom+1","ats:Curse Doll+1"],"picked":"SKIP","floor":18}],"player_experience":203286,"relics_obtained":[{"floor":8,"key":"ats:Originium"},{"floor":8,"key":"ats:Ability Aura"},{"floor":9,"key":"Boot"},{"floor":12,"key":"ats:Originium"},{"floor":12,"key":"Bottled Tornado"},{"floor":16,"key":"Gensokyo:OccultBall"}],"event_choices":[],"is_beta":false,"boss_relics":[{"not_picked":["ats:Tactical Delivery","Tiny House"],"picked":"ats:Omniscience"}],"items_purged_floors":[3],"is_endless":false,"potions_floor_spawned":[2,10,12],"killed_by":"Gensokyo:Tenshi","ascension_level":0}}