{"host":"fnk117zi8wf5078t","time":1611589109,"event":{"mods":["AchievementEnabler","BaseMod","Colored Map","Minty Spire (QoL Compilation)","Rare Cards Sparkle","SuperFastMode","everything is the same but u backflip on backflip"],"gold_per_floor":[115,290,301,96,96,96,161,175,221,241,241,252,272,13,13,117,117,129,39,39,239,251,251,283,283,336,367,382,58,76,88,88,88,88],"floor_reached":33,"language":"KOR","playtime":1264,"items_purged":["Doubt","Strike_B"],"score":429,"play_id":"98acc00d-fc00-4a08-a478-a3afcec5bb7a","local_time":"20210126003829","is_ascension_mode":true,"campfire_choices":[{"data":"Beam Cell","floor":6.0,"key":"SMITH"},{"floor":11.0,"key":"REST"},{"floor":15.0,"key":"REST"},{"floor":23.0,"key":"REST"},{"floor":25,"key":"REST"},{"floor":32,"key":"REST"}],"circlet_count":0,"master_deck":["AscendersBane","Strike_B","Strike_B","Defend_B","Defend_B","Defend_B","Defend_B","Zap","Dualcast","Sweeping Beam","White Noise","FTL","Beam Cell+1","Sunder","Go for the Eyes","Turbo","Seek","White Noise","FTL","Beam Cell","Fusion+1","Scrape","Gash","Purity","Machine Learning","Gash"],"relics":["SlaversCollar","Emotion Chip","Happy Flower","Membership Card","Centennial Puzzle","Black Star","Ancient Tea Set","Anchor","Potion Belt","Calipers","Sundial","HornCleat","Strawberry","ClockworkSouvenir"],"acts_visited":["Exordium","TheCity"],"potions_floor_usage":[27,30,33,33],"damage_taken":[{"damage":7.0,"enemies":"Small Slimes","floor":1.0,"turns":5.0},{"damage":4.0,"enemies":"2 Louse","floor":3.0,"turns":3.0},{"damage":20.0,"enemies":"3 Sentries","floor":7.0,"turns":7.0},{"damage":1.0,"enemies":"Cultist","floor":8.0,"turns":3.0},{"damage":14.0,"enemies":"Red Slaver","floor":10.0,"turns":2.0},{"damage":0.0,"enemies":"Exordium Wildlife","floor":12.0,"turns":2.0},{"damage":6.0,"enemies":"Looter","floor":13.0,"turns":2.0},{"damage":27.0,"enemies":"Hexaghost","floor":16.0,"turns":8.0},{"damage":12.0,"enemies":"2 Thieves","floor":18.0,"turns":3.0},{"damage":18.0,"enemies":"Chosen","floor":22.0,"turns":5.0},{"damage":38.0,"enemies":"Book of Stabbing","floor":24.0,"turns":5.0},{"damage":23,"enemies":"Slavers","floor":27,"turns":6},{"damage":9,"enemies":"Centurion and Healer","floor":28,"turns":4},{"damage":6,"enemies":"Shelled Parasite and Fungi","floor":30,"turns":4},{"damage":7,"enemies":"3 Cultists","floor":31,"turns":5},{"damage":30,"enemies":"Collector","floor":33,"turns":5}],"seed_played":"5514546030582540564","potions_obtained":[{"floor":7.0,"key":"Fire Potion"},{"floor":10.0,"key":"SpeedPotion"},{"floor":12.0,"key":"SkillPotion"},{"floor":16.0,"key":"SpeedPotion"},{"floor":24,"key":"SpeedPotion"},{"floor":28,"key":"PowerPotion"},{"floor":30,"key":"Ancient Potion"}],"is_trial":false,"path_per_floor":["M","?","M","$","?","R","?","M","T","M","R","M","M","$","R","B",null,"M","$","?","?","M","R","E","R","T","E","M","$","M","M","R","B"],"character_chosen":"DEFECT","items_purchased":["FTL","Beam Cell","Membership Card","Centennial Puzzle","Turbo","FTL","HornCleat","Strawberry","ClockworkSouvenir","Purity"],"campfire_rested":5,"item_purchase_floors":[4,4,14,14,14,19,29,29,29,29],"current_hp_per_floor":[61,61,57,57,57,57,37,36,36,22,44,44,38,38,60,33,65,53,53,53,53,35,57,19,41,41,18,9,16,10,3,27,0,0],"gold":88,"neow_bonus":"BOSS_RELIC","is_daily":false,"chose_seed":false,"campfire_upgraded":1,"win_rate":0.0,"timestamp":1611589109,"path_taken":["M","?","M","$","?","R","?","M","T","M","R","M","M","$","R","BOSS","M","$","?","?","?","R","E","R","T","E","M","$","M","M","R","BOSS"],"items_purchased_type":["Card","Card","Relic","Relic","Card","Card","Relic","Relic","Relic","Card"],"build_version":"2020-12-22","purchased_purges":2,"victory":false,"max_hp_per_floor":[75,75,75,75,75,75,75,75,75,75,75,75,75,75,75,75,75,75,75,75,75,75,75,75,75,75,75,75,82,82,82,82,82,82],"card_choices":[{"not_picked":["Barrage","Undo"],"picked":"Sweeping Beam","floor":1.0},{"not_picked":["Conserve Battery","Reinforced Body"],"picked":"White Noise","floor":3.0},{"not_picked":["Force Field","Leap"],"picked":"Sunder","floor":7.0},{"not_picked":["Compile Driver","Force Field","Barrage"],"picked":"SKIP","floor":8.0},{"not_picked":["Leap","Barrage","Capacitor"],"picked":"SKIP","floor":10.0},{"not_picked":["Hologram","Lockon","Conserve Battery"],"picked":"SKIP","floor":12.0},{"not_picked":["Hologram","Force Field"],"picked":"Go for the Eyes","floor":13.0},{"not_picked":["Thunder Strike","Amplify"],"picked":"Seek","floor":16.0},{"not_picked":["Stack","Rebound"],"picked":"White Noise","floor":18.0},{"not_picked":["Compile Driver","Fusion"],"picked":"Beam Cell","floor":22.0},{"not_picked":["Melter","Heatsinks"],"picked":"Fusion+1","floor":24},{"not_picked":["Ball Lightning","Redo"],"picked":"Scrape","floor":27},{"not_picked":["Cold Snap+1","Undo"],"picked":"Gash","floor":28},{"not_picked":["Skim","Darkness"],"picked":"Machine Learning","floor":30},{"not_picked":["Stack+1","Compile Driver"],"picked":"Gash","floor":31}],"player_experience":418891,"relics_obtained":[{"floor":7.0,"key":"Emotion Chip"},{"floor":9.0,"key":"Happy Flower"},{"floor":24,"key":"Ancient Tea Set"},{"floor":24,"key":"Anchor"},{"floor":26,"key":"Potion Belt"},{"floor":27,"key":"Calipers"},{"floor":27,"key":"Sundial"}],"event_choices":[{"damage_healed":0.0,"max_hp_gain":0.0,"max_hp_loss":0.0,"gold_gain":175.0,"event_name":"Liars Game","player_choice":"AGREE","floor":2.0,"gold_loss":0.0,"damage_taken":0.0,"cards_obtained":["Doubt"]},{"cards_removed":["Strike_B"],"damage_healed":0.0,"max_hp_gain":0.0,"max_hp_loss":0.0,"gold_gain":0.0,"event_name":"Living Wall","player_choice":"Forget","floor":5.0,"gold_loss":0.0,"damage_taken":0.0},{"damage_healed":0.0,"max_hp_gain":0.0,"max_hp_loss":0.0,"gold_gain":0.0,"event_name":"Dead Adventurer","player_choice":"Searched \u00272\u0027 times","floor":7.0,"gold_loss":0.0,"damage_taken":0.0},{"damage_healed":0.0,"max_hp_gain":0.0,"max_hp_loss":0.0,"gold_gain":0.0,"event_name":"Ghosts","player_choice":"Ignored","floor":20.0,"gold_loss":0.0,"damage_taken":0.0},{"damage_healed":0.0,"max_hp_gain":0.0,"max_hp_loss":0.0,"gold_gain":200.0,"event_name":"Wheel of Change","player_choice":"Gold","floor":21.0,"gold_loss":0.0,"damage_taken":0.0}],"is_beta":false,"boss_relics":[{"not_picked":["Velvet Choker","Tiny House"],"picked":"Black Star"}],"items_purged_floors":[4,19],"is_endless":false,"potions_floor_spawned":[7,10,12,16,24,28,30],"killed_by":"Collector","ascension_level":11}}