{"host":"yuhy0i501zzmn1iz","time":1611604126,"event":{"mods":["AchievementEnabler","AlwaysNeverKeys","BaseMod","Bestiary","Better Match","Better Third Choice","Curses Come First","Downfall","Minty Spire (QoL Compilation)","StSLib","slay the spire mod where everything is the same but ironclad has a cowboy hat"],"gold_per_floor":[212,232,307,307,324,324,350,365,419,419,594,594,594,559,559,664,664,676,775,236,225,239,239,258,258,258,258,268,268,268,268],"floor_reached":30,"language":"ENG","playtime":1187,"items_purged":["Doubt"],"score":301,"play_id":"96abba7f-b781-4eaa-a4ad-930faf9f243a","local_time":"20210125144846","is_ascension_mode":true,"campfire_choices":[{"data":"Eruption","floor":6.0,"key":"SMITH"},{"floor":13,"key":"REST"},{"data":"EmptyFist","floor":15,"key":"SMITH"},{"floor":23,"key":"REST"},{"floor":27,"key":"REST"}],"circlet_count":0,"master_deck":["Defend_P","Defend_P","Defend_P","Defend_P","Eruption+1","Vigilance+1","Pray","FlurryOfBlows","EmptyFist+1","Alpha+1","EmptyBody+1","SpiritShield+1","ClearTheMind+1","Thinking Ahead+1","JustLucky","Protect+1","WreathOfFlame+1","Bite","Bite","Bite","Bite","Bite","InnerPeace+1"],"relics":["PureWater","Toxic Egg 2","Pen Nib","Black Star","Lizard Tail","Akabeko"],"acts_visited":["Exordium","TheCity"],"potions_floor_usage":[28],"damage_taken":[{"damage":0.0,"enemies":"Cultist","floor":1.0,"turns":3.0},{"damage":8.0,"enemies":"Small Slimes","floor":2.0,"turns":6.0},{"damage":1.0,"enemies":"2 Louse","floor":5.0,"turns":3.0},{"damage":35.0,"enemies":"3 Sentries","floor":7.0,"turns":6.0},{"damage":15.0,"enemies":"Large Slime","floor":8.0,"turns":4.0},{"damage":11.0,"enemies":"Lagavulin","floor":10.0,"turns":8.0},{"damage":0.0,"enemies":"Blue Slaver","floor":12.0,"turns":1.0},{"damage":30,"enemies":"The Guardian","floor":16,"turns":7},{"damage":37,"enemies":"Chosen","floor":18,"turns":5},{"damage":13,"enemies":"2 Thieves","floor":21,"turns":4},{"damage":37,"enemies":"Centurion and Healer","floor":22,"turns":5},{"damage":40,"enemies":"Shelled Parasite and Fungi","floor":24,"turns":5},{"damage":23,"enemies":"Chosen and Byrds","floor":28,"turns":5},{"damage":3,"enemies":"Centurion and Healer","floor":30,"turns":2}],"seed_played":"-7277155666819907011","potions_obtained":[{"floor":1.0,"key":"Swift Potion"},{"floor":2.0,"key":"BlessingOfTheForge"},{"floor":4.0,"key":"SmokeBomb"},{"floor":4.0,"key":"SmokeBomb"},{"floor":4.0,"key":"EssenceOfSteel"},{"floor":8.0,"key":"Regen Potion"},{"floor":24,"key":"SkillPotion"}],"is_trial":false,"path_per_floor":["M","M","?","?","M","R","E","M","T","E","?","M","R","?","R","B",null,"M","?","$","M","M","R","M","?","T","R","M","?","M"],"character_chosen":"WATCHER","items_purchased":["Thinking Ahead+1","Lizard Tail"],"campfire_rested":3,"item_purchase_floors":[20,20],"current_hp_per_floor":[72,64,53,53,52,52,17,2,2,6,6,6,27,45,45,15,72,35,35,35,22,26,47,7,7,7,22,3,3,2,2],"gold":268,"neow_bonus":"HUNDRED_GOLD","is_daily":false,"chose_seed":false,"campfire_upgraded":2,"win_rate":0.0,"timestamp":1611604126,"path_taken":["M","?","?","?","M","R","E","?","T","E","?","M","R","?","R","BOSS","M","?","$","M","M","R","M","?","T","R","M","?","?"],"items_purchased_type":["Card","Relic"],"build_version":"2020-12-22","purchased_purges":1,"victory":false,"max_hp_per_floor":[72,72,72,72,72,72,72,72,72,72,72,72,72,72,72,72,72,72,72,72,72,72,72,72,50,50,50,50,50,50,50],"card_choices":[{"not_picked":["Evaluate","Worship"],"picked":"Pray","floor":1.0},{"not_picked":["SashWhip","Crescendo"],"picked":"FlurryOfBlows","floor":2.0},{"not_picked":["Weave","Evaluate"],"picked":"EmptyFist","floor":5.0},{"not_picked":["Sanctity+1","JustLucky"],"picked":"Alpha+1","floor":7.0},{"not_picked":["Weave","ThirdEye+1"],"picked":"EmptyBody+1","floor":8.0},{"not_picked":["Judgement+1","Blasphemy+1"],"picked":"SpiritShield+1","floor":16},{"not_picked":["Prostrate+1","JustLucky+1"],"picked":"ClearTheMind+1","floor":18},{"not_picked":["ReachHeaven+1","PathToVictory+1"],"picked":"JustLucky","floor":21},{"not_picked":["WindmillStrike","Vengeance+1"],"picked":"Protect+1","floor":22},{"not_picked":["FollowUp","SignatureMove"],"picked":"WreathOfFlame+1","floor":24},{"not_picked":["Consecrate","FlyingSleeves+1"],"picked":"InnerPeace+1","floor":28}],"player_experience":342543,"relics_obtained":[{"floor":7.0,"key":"Toxic Egg 2"},{"floor":9.0,"key":"Pen Nib"},{"floor":26,"key":"Akabeko"}],"event_choices":[{"damage_healed":0.0,"max_hp_gain":0.0,"max_hp_loss":0.0,"gold_gain":75.0,"event_name":"betterThird:BetterGoop","player_choice":"Gold","floor":3.0,"gold_loss":0.0,"damage_taken":11.0},{"damage_healed":0.0,"max_hp_gain":0.0,"max_hp_loss":0.0,"gold_gain":0.0,"event_name":"Lab","player_choice":"Got Potions","floor":4.0,"gold_loss":0.0,"damage_taken":0.0},{"damage_healed":0.0,"max_hp_gain":0.0,"max_hp_loss":0.0,"gold_gain":175.0,"event_name":"betterThird:BetterSerpent","player_choice":"AGREE","floor":11.0,"gold_loss":0.0,"damage_taken":419.0},{"damage_healed":18,"gold_gain":0,"player_choice":"Healed","damage_taken":0,"max_hp_gain":0,"max_hp_loss":0,"event_name":"The Cleric","floor":14,"gold_loss":35},{"damage_healed":0,"gold_gain":99,"player_choice":"Steal","damage_taken":0,"max_hp_gain":0,"max_hp_loss":0,"event_name":"betterThird:BetterNest","floor":19,"gold_loss":0},{"damage_healed":0,"gold_gain":0,"player_choice":"Became a vampire","damage_taken":0,"max_hp_gain":0,"max_hp_loss":22,"event_name":"Vampires","floor":25,"gold_loss":0,"cards_obtained":["Bite","Bite","Bite","Bite","Bite"]},{"damage_healed":0,"gold_gain":0,"player_choice":"Upgraded","damage_taken":0,"max_hp_gain":0,"max_hp_loss":0,"event_name":"Upgrade Shrine","floor":29,"gold_loss":0,"cards_upgraded":["Vigilance"]}],"is_beta":false,"boss_relics":[{"not_picked":["Coffee Dripper","Cursed Key"],"picked":"Black Star"}],"items_purged_floors":[20],"is_endless":false,"potions_floor_spawned":[1,2,8,12,24],"killed_by":"Centurion and Healer","ascension_level":3}}