{"host":"95ip98gf8c4vrv08","time":1611569777,"event":{"mods":["Arknights The Spire","BaseMod","Minty Spire (QoL Compilation)","Reimu??????","StSLib","The Bug Knight","The Gatherer","The Senshi","??????REMEMod","????"],"gold_per_floor":[115,115,95,115,135,135,101,51,51,11,90,102,132,143,143,240,240,253,352,352,33,45,45,0,0,0,0,15,31,31,51,51,154,154,174,224,224,237,249,259,275,275,275],"floor_reached":42,"language":"ZHS","playtime":4860,"items_purged":[],"score":399,"play_id":"65595236-e82a-477b-86fd-2c00b3ff0875","local_time":"20210125181617","is_ascension_mode":false,"campfire_choices":[{"data":"1","floor":6.0,"key":"LIFT"},{"data":"2","floor":15.0,"key":"LIFT"},{"data":"3","floor":23.0,"key":"LIFT"},{"data":"HollowMod:SlysStrikes","floor":27,"key":"SMITH"},{"floor":32,"key":"REST"}],"circlet_count":0,"master_deck":["HollowMod:NailStrikeStart","HollowMod:NailStrikeStart","HollowMod:NailStrikeStart","HollowMod:NailStrikeStart","HollowMod:QuickDashStart","HollowMod:QuickDashStart","HollowMod:QuickDashStart","HollowMod:FocusHealStart","HollowMod:PogoStrike","HollowMod:SlysStrikes+1","HollowMod:CrystalDash","HollowMod:GoodIntentions","HollowMod:PerfectDash","HollowMod:SoulShaman","HollowMod:DashSlash","HollowMod:SoulVessel","HollowMod:CloakDash","HollowMod:LifebloodCore","HollowMod:CornifersMapStart","HollowMod:Grubsong","HollowMod:NewJinnsSoul","HollowMod:LifebloodCocoon","HollowMod:Weaversong","HollowMod:ChannelNail+1","HollowMod:MidwifesHunger","HollowMod:BaldurShell","HollowMod:InfectedAttack","REME_FirmDetermination","Mayhem","Dark Shackles","HollowMod:AbyssShriek","HollowMod:MantisMark","HollowMod:CycloneSlash","HollowMod:MothsMistake"],"relics":["HollowMod:VesselMask","REME_ComplimentaryCards","Girya","Strawberry","PaintedHorse:ReiMu","Pantograph","Blood Vial","Runic Pyramid","Lizard Tail","Mercury Hourglass","HollowMod:LifeEnderRelic","Spirit Poop","HollowMod:MantisClawRelic","SlaversCollar","FossilizedHelix"],"acts_visited":["Exordium","TheCity","TheBeyond"],"potions_floor_usage":[31,33,33,40,41,42],"damage_taken":[{"damage":0.0,"enemies":"Small Slimes","floor":1.0,"turns":3.0},{"damage":1.0,"enemies":"Jaw Worm","floor":4.0,"turns":5.0},{"damage":3.0,"enemies":"Cultist","floor":5.0,"turns":5.0},{"damage":2.0,"enemies":"2 Fungi Beasts","floor":12.0,"turns":5.0},{"damage":18.0,"enemies":"HollowMod:MossKnight","floor":13.0,"turns":8.0},{"damage":3.0,"enemies":"Large Slime","floor":14.0,"turns":7.0},{"damage":33.0,"enemies":"Slime Boss","floor":16.0,"turns":10.0},{"damage":18.0,"enemies":"Chosen","floor":18.0,"turns":8.0},{"damage":13.0,"enemies":"HollowMod:HuskSentry","floor":22.0,"turns":7.0},{"damage":37,"enemies":"Shelled Parasite and Fungi","floor":28,"turns":8},{"damage":15,"enemies":"Sentry and Sphere","floor":29,"turns":10},{"damage":25,"enemies":"Snake Plant","floor":31,"turns":5},{"damage":82,"enemies":"Champ","floor":33,"turns":13},{"damage":29,"enemies":"3 Shapes","floor":35,"turns":5},{"damage":22,"enemies":"Mind Bloom Boss Battle","floor":36,"turns":8},{"damage":25,"enemies":"3 Darklings","floor":38,"turns":7},{"damage":12,"enemies":"Maw","floor":39,"turns":9},{"damage":55,"enemies":"Jaw Worm Horde","floor":40,"turns":6},{"damage":8,"enemies":"3 Darklings","floor":41,"turns":5},{"damage":46,"enemies":"Maw","floor":42,"turns":8}],"seed_played":"-2093377443425524996","potions_obtained":[{"floor":1.0,"key":"SteroidPotion"},{"floor":3.0,"key":"REME_GoldPotion"},{"floor":5.0,"key":"Regen Potion"},{"floor":14.0,"key":"REME_GoldPotion"},{"floor":28,"key":"GamblersBrew"},{"floor":35,"key":"Strength Potion"},{"floor":39,"key":"FearPotion"},{"floor":40,"key":"Swift Potion"}],"is_trial":false,"path_per_floor":["M","?","?","M","M","R","$","?","T","?","T","M","E","M","R","B",null,"M","?","?","$","M","R","?","?","T","R","M","M","?","M","R","B",null,"M","?","?","M","M","M","M","M"],"character_chosen":"THE_BUGKNIGHT","items_purchased":["HollowMod:SoulShaman","HollowMod:Grubsong","Mercury Hourglass"],"campfire_rested":1,"item_purchase_floors":[7,21,21],"current_hp_per_floor":[82,64,64,69,72,72,72,72,79,79,79,83,77,86,86,62,89,77,77,77,77,76,76,76,76,76,76,47,44,44,33,59,14,89,60,71,61,44,44,44,44,0,0],"gold":275,"neow_bonus":"TEN_PERCENT_HP_BONUS","is_daily":false,"chose_seed":false,"campfire_upgraded":1,"win_rate":0.0,"timestamp":1611569777,"path_taken":["M","?","?","?","M","R","$","?","T","?","?","M","E","M","R","BOSS","M","?","?","$","M","R","?","?","T","R","?","M","?","M","R","BOSS","M","?","?","M","M","M","M","M"],"items_purchased_type":["Card","Card","Relic"],"build_version":"2020-12-22","purchased_purges":0,"victory":false,"max_hp_per_floor":[82,82,82,82,82,82,82,82,89,89,89,89,89,89,89,89,89,89,89,89,89,89,89,89,89,89,89,89,89,89,89,89,89,89,89,89,89,89,89,89,89,89,89],"card_choices":[{"not_picked":["HollowMod:SiblingsShadow","HollowMod:DoubleDash"],"picked":"HollowMod:CrystalDash","floor":1.0},{"not_picked":["HollowMod:SiblingsSouls","HollowMod:WraithStrike"],"picked":"HollowMod:GoodIntentions","floor":4.0},{"not_picked":["HollowMod:RecoilStrike","HollowMod:MidwifesHunger"],"picked":"HollowMod:PerfectDash","floor":5.0},{"not_picked":["HollowMod:WraithStrike","HollowMod:DoubleDash"],"picked":"HollowMod:DashSlash","floor":12.0},{"not_picked":["HollowMod:SoulSplash","HollowMod:DashSlash"],"picked":"HollowMod:SoulVessel","floor":13.0},{"not_picked":["HollowMod:PerfectDash","HollowMod:DoubleDash"],"picked":"HollowMod:CloakDash","floor":14.0},{"not_picked":["HollowMod:HornetsHelp","HollowMod:SoulMaster"],"picked":"HollowMod:LifebloodCore","floor":16.0},{"not_picked":["HollowMod:GrimmsGift+1","HollowMod:VengefulSpirit"],"picked":"HollowMod:CornifersMapStart","floor":18.0},{"not_picked":["HollowMod:WraithStrike","HollowMod:ShadowDash"],"picked":"HollowMod:NewJinnsSoul","floor":22.0},{"not_picked":["HollowMod:HuntersJournal","HollowMod:DashSlash"],"picked":"HollowMod:LifebloodCocoon","floor":28},{"not_picked":["HollowMod:SoulShaman","HollowMod:MonarchWings"],"picked":"HollowMod:Weaversong","floor":29},{"not_picked":["HollowMod:InfectedAttack+1","HollowMod:SiblingsSouls"],"picked":"HollowMod:ChannelNail+1","floor":31},{"not_picked":["HollowMod:NewInfectedGuardian","HollowMod:theNailsmith"],"picked":"HollowMod:MidwifesHunger","floor":33},{"not_picked":["HollowMod:AbyssShriek","HollowMod:CloakDash+1"],"picked":"HollowMod:BaldurShell","floor":35},{"not_picked":["HollowMod:Grubsong","HollowMod:DashSlash"],"picked":"HollowMod:InfectedAttack","floor":36},{"not_picked":["Chrysalis","Mayhem"],"picked":"REME_FirmDetermination","floor":37},{"not_picked":["Panache","HandOfGreed"],"picked":"Mayhem","floor":37},{"not_picked":["REME_BattleFury","Dramatic Entrance"],"picked":"Dark Shackles","floor":37},{"not_picked":["HollowMod:SoulShaman","HollowMod:SiblingsSouls+1"],"picked":"HollowMod:AbyssShriek","floor":38},{"not_picked":["HollowMod:InfectedAttack+1","HollowMod:SoulVessel+1"],"picked":"HollowMod:MantisMark","floor":39},{"not_picked":["HollowMod:InfectedAttack","HollowMod:BaldurShell+1"],"picked":"HollowMod:CycloneSlash","floor":40},{"not_picked":["HollowMod:HeavyBlow","HollowMod:SharpenedNail"],"picked":"HollowMod:MothsMistake","floor":41}],"player_experience":198178,"relics_obtained":[{"floor":9.0,"key":"Strawberry"},{"floor":11.0,"key":"Pantograph"},{"floor":13.0,"key":"Blood Vial"},{"floor":26,"key":"HollowMod:MantisClawRelic"},{"floor":36,"key":"FossilizedHelix"}],"event_choices":[{"damage_healed":0.0,"max_hp_gain":0.0,"max_hp_loss":0.0,"gold_gain":0.0,"event_name":"Scrap Ooze","player_choice":"Success","floor":2.0,"gold_loss":0.0,"damage_taken":18.0,"relics_obtained":["Girya"]},{"damage_healed":0.0,"max_hp_gain":0.0,"max_hp_loss":0.0,"gold_gain":0.0,"event_name":"The Woman in Blue","player_choice":"Bought 1 Potion","floor":3.0,"gold_loss":0.0,"damage_taken":0.0},{"cards_removed":["HollowMod:QuickDashStart"],"damage_healed":0.0,"max_hp_gain":0.0,"max_hp_loss":0.0,"gold_gain":0.0,"event_name":"The Cleric","player_choice":"Card Removal","floor":8.0,"gold_loss":50.0,"damage_taken":0.0},{"damage_healed":0.0,"max_hp_gain":0.0,"max_hp_loss":0.0,"gold_gain":0.0,"event_name":"yidonshenshe","player_choice":"??","floor":10.0,"gold_loss":40.0,"damage_taken":0.0,"relics_obtained":["PaintedHorse:ReiMu"]},{"damage_healed":0.0,"max_hp_gain":0.0,"max_hp_loss":0.0,"gold_gain":99.0,"event_name":"Nest","player_choice":"Stole From Cult","floor":19.0,"gold_loss":0.0,"damage_taken":0.0},{"damage_healed":0.0,"max_hp_gain":0.0,"max_hp_loss":0.0,"gold_gain":0.0,"event_name":"The Mausoleum","player_choice":"Opened","floor":20.0,"gold_loss":0.0,"damage_taken":0.0,"relics_obtained":["Lizard Tail"],"cards_obtained":["Writhe"]},{"cards_removed":["Writhe"],"damage_healed":0,"gold_gain":0,"player_choice":"Offered Curse","damage_taken":0,"relics_obtained":["Spirit Poop"],"max_hp_gain":0,"max_hp_loss":0,"event_name":"Bonfire Elementals","floor":25,"gold_loss":0},{"damage_healed":0,"gold_gain":0,"player_choice":"Fight","damage_taken":0,"max_hp_gain":0,"max_hp_loss":0,"event_name":"MindBloom","floor":36,"gold_loss":0},{"damage_healed":0,"gold_gain":0,"player_choice":"Memory 3","damage_taken":10,"max_hp_gain":0,"max_hp_loss":0,"event_name":"SensoryStone","floor":37,"gold_loss":0}],"is_beta":false,"boss_relics":[{"not_picked":["Busted Crown","REME_DemonsWealth"],"picked":"Runic Pyramid"},{"not_picked":["Empty Cage","Snecko Eye"],"picked":"SlaversCollar"}],"items_purged_floors":[],"is_endless":false,"potions_floor_spawned":[1,5,14,28,35,39,40],"killed_by":"Maw","ascension_level":0}}