{"host":"qekv59dthhdg54sz","time":1611571691,"event":{"mods":["AchievementEnabler","BaseMod","Colored Map","DeckTracker","KOR Keyword Fix","Minty Spire (QoL Compilation)","Rare Cards Sparkle","StSLib","SuperFastMode"],"gold_per_floor":[14,29,45,64,31,31,44,77,103,103,103],"floor_reached":10,"language":"KOR","playtime":256,"items_purged":[],"score":123,"play_id":"9372cec3-7439-46e4-ae0a-3877d31a331d","local_time":"20210125194811","is_ascension_mode":true,"campfire_choices":[{"data":"Whirlwind","floor":6,"key":"SMITH"}],"circlet_count":0,"master_deck":["Strike_R","Strike_R","Strike_R","Strike_R","Strike_R","Defend_R","Defend_R","Defend_R","Defend_R","Bash","Flame Barrier","Sword Boomerang","Rupture","Whirlwind+1","Fire Breathing","Pommel Strike","Shrug It Off"],"relics":["Burning Blood","Centennial Puzzle","Pen Nib"],"acts_visited":["Exordium"],"potions_floor_usage":[4,10],"damage_taken":[{"damage":5.0,"enemies":"Jaw Worm","floor":1.0,"turns":6.0},{"damage":0.0,"enemies":"Small Slimes","floor":2.0,"turns":4.0},{"damage":1.0,"enemies":"2 Louse","floor":3.0,"turns":4.0},{"damage":31,"enemies":"Exordium Wildlife","floor":4,"turns":7},{"damage":23,"enemies":"Gremlin Gang","floor":7,"turns":3},{"damage":32,"enemies":"Gremlin Nob","floor":8,"turns":4},{"damage":5,"enemies":"Lagavulin","floor":10,"turns":3}],"seed_played":"-7472938804996219146","potions_obtained":[{"floor":1.0,"key":"PowerPotion"},{"floor":2.0,"key":"SkillPotion"},{"floor":7,"key":"Dexterity Potion"}],"is_trial":false,"path_per_floor":["M","M","M","M","$","R","M","E","T","E"],"character_chosen":"IRONCLAD","items_purchased":["Fire Breathing"],"campfire_rested":0,"item_purchase_floors":[5],"current_hp_per_floor":[89,95,96,71,71,71,54,28,28,23,23],"gold":103,"neow_bonus":"TWENTY_PERCENT_HP_BONUS","is_daily":false,"chose_seed":false,"campfire_upgraded":1,"win_rate":0.0,"timestamp":1611571691,"path_taken":["M","M","M","M","$","R","M","E","T","E"],"items_purchased_type":["Card"],"build_version":"2020-12-22","purchased_purges":0,"victory":false,"max_hp_per_floor":[96,96,96,96,96,96,96,96,96,96,96],"card_choices":[{"not_picked":["Entrench","Shrug It Off"],"picked":"Flame Barrier","floor":1.0},{"not_picked":["Armaments","Wild Strike"],"picked":"Sword Boomerang","floor":2.0},{"not_picked":["Entrench","Intimidate"],"picked":"Rupture","floor":3.0},{"not_picked":["Uppercut","Heavy Blade"],"picked":"Whirlwind","floor":4},{"not_picked":["Anger","Headbutt"],"picked":"Pommel Strike","floor":7},{"not_picked":["Perfected Strike","Heavy Blade"],"picked":"Shrug It Off","floor":8}],"player_experience":832103,"relics_obtained":[{"floor":8,"key":"Centennial Puzzle"},{"floor":9,"key":"Pen Nib"}],"event_choices":[],"is_beta":false,"boss_relics":[],"items_purged_floors":[],"is_endless":false,"potions_floor_spawned":[1,2,7],"killed_by":"Lagavulin","ascension_level":8}}