{"host":"fdq5pmhluajjrf8d","time":1611534157,"event":{"mods":["BaseMod","Minty Spire (QoL Compilation)"],"gold_per_floor":[113,113,124,49,63,63,63,94,119,130,130,147,159,169,169,169,169],"floor_reached":16,"language":"ENG","playtime":732,"items_purged":["Decay"],"score":208,"play_id":"f1da10aa-f278-465c-9912-68a3efd34535","local_time":"20210124192237","is_ascension_mode":true,"campfire_choices":[{"floor":6,"key":"REST"},{"floor":11,"key":"REST"},{"floor":15,"key":"REST"}],"circlet_count":0,"master_deck":["AscendersBane","Strike_B","Strike_B","Strike_B","Strike_B","Defend_B","Defend_B","Defend_B","Defend_B","Zap","Dualcast","Apotheosis+1","Self Repair","Redo","Defragment","Capacitor","Thunder Strike","Chaos"],"relics":["Cracked Core","Nunchaku","Bronze Scales"],"acts_visited":["Exordium"],"potions_floor_usage":[13],"damage_taken":[{"damage":5,"enemies":"2 Louse","floor":1,"turns":3},{"damage":14,"enemies":"Jaw Worm","floor":3,"turns":2},{"damage":13,"enemies":"Small Slimes","floor":5,"turns":3},{"damage":42,"enemies":"3 Sentries","floor":8,"turns":8},{"damage":1,"enemies":"2 Fungi Beasts","floor":10,"turns":3},{"damage":0,"enemies":"Blue Slaver","floor":12,"turns":3},{"damage":35,"enemies":"Large Slime","floor":13,"turns":5},{"damage":7,"enemies":"2 Fungi Beasts","floor":14,"turns":4},{"damage":64,"enemies":"Slime Boss","floor":16,"turns":8}],"seed_played":"3185596749248458434","potions_obtained":[{"floor":8,"key":"BlessingOfTheForge"},{"floor":10,"key":"Ancient Potion"}],"is_trial":false,"path_per_floor":["M","?","M","$","M","R","$","E","T","M","R","M","M","M","R","B"],"character_chosen":"DEFECT","items_purchased":[],"campfire_rested":3,"item_purchase_floors":[],"current_hp_per_floor":[59,59,55,55,42,63,63,31,31,37,58,68,43,43,64,0,0],"gold":169,"neow_bonus":"RANDOM_COLORLESS_2","is_daily":false,"chose_seed":false,"campfire_upgraded":0,"win_rate":0.0,"timestamp":1611534157,"path_taken":["M","?","M","$","M","R","$","E","T","M","R","M","M","M","R","BOSS"],"items_purchased_type":[],"build_version":"2020-12-22","purchased_purges":1,"victory":false,"max_hp_per_floor":[71,71,71,71,71,71,71,71,71,71,71,71,71,71,71,71,71],"card_choices":[{"not_picked":["Sadistic Nature","Magnetism"],"picked":"Apotheosis","floor":0},{"not_picked":["Go for the Eyes","Barrage"],"picked":"Self Repair","floor":1},{"not_picked":["Genetic Algorithm","Barrage"],"picked":"Redo","floor":3},{"not_picked":["Conserve Battery","Static Discharge"],"picked":"Defragment","floor":5},{"not_picked":["Aggregate","Go for the Eyes"],"picked":"Capacitor","floor":8},{"not_picked":["Turbo","Aggregate","Redo"],"picked":"SKIP","floor":10},{"not_picked":["Stack","Recycle","Fusion"],"picked":"SKIP","floor":12},{"not_picked":["Steam","Coolheaded"],"picked":"Thunder Strike","floor":13},{"not_picked":["Stack","Rebound"],"picked":"Chaos","floor":14}],"player_experience":1933133,"relics_obtained":[{"floor":8,"key":"Nunchaku"},{"floor":9,"key":"Bronze Scales"}],"event_choices":[{"damage_healed":0,"gold_gain":0,"player_choice":"Grow","damage_taken":0,"max_hp_gain":0,"max_hp_loss":0,"event_name":"Living Wall","floor":2,"gold_loss":0,"cards_upgraded":["Apotheosis"]}],"is_beta":false,"boss_relics":[],"items_purged_floors":[4],"is_endless":false,"potions_floor_spawned":[8,10,12],"killed_by":"Slime Boss","ascension_level":20}}