{"host":"165j3y1h4d9vtt0z","time":1611617140,"event":{"mods":["2.2 Compatiblity","AchievementEnabler","Aspiration","BaseMod","Colored Map","Colored Powertips","DeckTracker","Highlight Path","Hubris","Infinite Spire","Minty Spire (QoL Compilation)","Permanent Neow","Quick Restart","Random Character Button","Relic Sorter","Replay The Spire","StSLib","Synergy Search","The Cursed","The Disciple","The Jungle","The Runesmith"],"gold_per_floor":[114,114,114,127,143,177,177,196,220,255,255,280,301,325,325,445,445,463,463,463,378,378,421,421,37,37,37,37,56,82,106,106,225,225,244,244,344,358,371,371,371,371,371,371,395,395,395,395,395,395],"floor_reached":51,"language":"ENG","playtime":1892,"items_purged":[],"score":698,"play_id":"36e17754-8a8a-479c-b13d-b5a840a83e29","local_time":"20210125232540","is_ascension_mode":false,"campfire_choices":[{"data":"Runesmith:CraftFirestone","floor":7,"key":"SMITH"},{"floor":15,"key":"REST"},{"floor":24,"key":"REST"},{"floor":27,"key":"REST"},{"floor":32,"key":"REST"},{"floor":41,"key":"REST"},{"floor":49,"key":"REST"}],"circlet_count":0,"master_deck":["Runesmith:Strike_RS+1","Runesmith:Strike_RS","Runesmith:Strike_RS","Runesmith:Strike_RS+1","Runesmith:Defend_RS","Runesmith:Defend_RS","Runesmith:Defend_RS","Runesmith:Defend_RS","Runesmith:CraftFirestone+1","Runesmith:Fortify","Runesmith:HeatedChisel","Injury","Injury","Runesmith:Superposition+1","Runesmith:ShiftingStrike+1","Runesmith:EarthShield","Runesmith:BackupBattery","Runesmith:ChiselStab+1","Runesmith:Grindstone","Runesmith:CraftMagma","Runesmith:HeatExchange+1","Runesmith:FissionHammer+1","Cold Snap+1","Runesmith:HeatedChisel+1","Streamline+1","Runesmith:Superposition+1","Go for the Eyes+1","Allargando+1","DevaForm","Runesmith:StaticCage+1","Mayhem","TheCursedMod:RapidMovement+1","Sweeping Beam+1","LockedWarPaint"],"relics":["Runesmith:BrokenRuby","aspiration:Nostalgia","Burning Blood","Golden Idol","Molten Egg 2","Peace Pipe","Tiny Chest","WingedGreaves","aspiration:DefectSkillbook","hubris:CuriousFeather","Mummified Hand","aspiration:ChemicalBlood","PrismaticShard","Whetstone","Ornamental Fan","Counterbalance","Replay:Mystery Machine","Ring of Chaos","Turnip","Regal Pillow","Letter Opener","hubris:Towel","Replay:Ringing Soul","infinitespire:CheckeredPen"],"acts_visited":["Exordium","TheCity","TheBeyond"],"potions_floor_usage":[12,23,23,33,33,33,35,35,39,39,45,45,50,50],"damage_taken":[{"damage":3,"enemies":"Cultist","floor":1,"turns":5},{"damage":4,"enemies":"Small Slimes","floor":4,"turns":3},{"damage":2,"enemies":"2 Louse","floor":5,"turns":3},{"damage":12,"enemies":"3 Sentries","floor":6,"turns":8},{"damage":21,"enemies":"Lots of Slimes","floor":8,"turns":5},{"damage":18,"enemies":"Lagavulin","floor":10,"turns":8},{"damage":18,"enemies":"Large Slime","floor":12,"turns":5},{"damage":1,"enemies":"Exordium Wildlife","floor":13,"turns":3},{"damage":0,"enemies":"2 Fungi Beasts","floor":14,"turns":3},{"damage":8,"enemies":"The Guardian","floor":16,"turns":13},{"damage":5,"enemies":"Shell Parasite","floor":18,"turns":7},{"damage":52,"enemies":"Slavers","floor":23,"turns":7},{"damage":20,"enemies":"2 Thieves","floor":29,"turns":4},{"damage":9,"enemies":"Shelled Parasite and Fungi","floor":31,"turns":6},{"damage":51,"enemies":"Automaton","floor":33,"turns":7},{"damage":14,"enemies":"3 Shapes","floor":35,"turns":2},{"damage":8,"enemies":"Orb Walker","floor":38,"turns":2},{"damage":47,"enemies":"Writhing Mass","floor":39,"turns":4},{"damage":16,"enemies":"Maw","floor":45,"turns":6},{"damage":38,"enemies":"Time Eater","floor":50,"turns":9}],"seed_played":"-2876158893709705663","potions_obtained":[{"floor":1,"key":"FairyPotion"},{"floor":10,"key":"Flashbang"},{"floor":13,"key":"Swift Potion"},{"floor":16,"key":"PowerPotion"},{"floor":29,"key":"PowerPotion"},{"floor":33,"key":"Adrenaline Potion"},{"floor":39,"key":"Fire Potion"},{"floor":50,"key":"Dexterity Potion"}],"is_trial":false,"path_per_floor":["M","?","?","M","M","E","R","M","T","E","?","M","M","M","R","B",null,"M","?","T","?","?","E","R","$","T","R","T","M","T","M","R_BF","B",null,"M","?","?","M","M","R","R","AVR","T","T","M","?","T","T","R","B",null],"character_chosen":"RUNESMITH_CLASS","items_purchased":["PrismaticShard","Whetstone","Runesmith:Superposition+1"],"campfire_rested":6,"item_purchase_floors":[25,25,25],"current_hp_per_floor":[70,70,70,70,70,64,64,49,49,37,44,32,37,43,64,62,70,70,70,70,70,70,24,45,45,45,66,66,52,52,49,70,25,70,62,62,62,60,19,19,40,40,40,40,30,30,30,30,66,34],"gold":395,"neow_bonus":"NOSTALGIA","is_daily":false,"chose_seed":false,"campfire_upgraded":1,"win_rate":0.0,"timestamp":1611617140,"path_taken":["M","?","?","M","?","E","R","M","T","E","?","M","?","M","R","BOSS","M","?","?","?","?","E","R","$","T","R","?","M","?","?","R_BF","BOSS","M","?","?","M","M","R","R","AVR","T","?","?","?","?","?","R","BOSS"],"items_purchased_type":["Relic","Relic","Card"],"build_version":"2020-12-22","purchased_purges":0,"victory":true,"max_hp_per_floor":[70,70,70,70,70,70,70,70,70,70,70,70,70,70,70,70,70,70,70,70,70,70,70,70,70,70,70,70,70,70,70,70,70,70,70,70,70,70,70,70,70,70,70,70,70,70,70,70,70,70],"card_choices":[{"not_picked":["Runesmith:MakeshiftArmor","aspiration:UnbridledHammer"],"picked":"Runesmith:HeatedChisel","floor":1},{"not_picked":["Runesmith:HeatedChisel+1","Runesmith:StaticCage"],"picked":"Runesmith:Superposition+1","floor":4},{"not_picked":["Runesmith:Overpower+1","Runesmith:WhiteBalance+1"],"picked":"Runesmith:ShiftingStrike+1","floor":5},{"not_picked":["Runesmith:Refine","Runesmith:RuneHurl+1"],"picked":"Runesmith:EarthShield","floor":6},{"not_picked":["Runesmith:NegativeSpace","Runesmith:CraftMedicinae"],"picked":"Runesmith:BackupBattery","floor":8},{"not_picked":["Runesmith:ShiftingStrike+1","Runesmith:BackupBattery"],"picked":"Runesmith:ChiselStab+1","floor":10},{"not_picked":["Runesmith:RunicBlueprint","Runesmith:Terraform"],"picked":"Runesmith:Grindstone","floor":12},{"not_picked":["Runesmith:StaticCage","Runesmith:Empowerment"],"picked":"Runesmith:CraftMagma","floor":13},{"not_picked":["Runesmith:Repurpose","Runesmith:Discharge+1"],"picked":"Runesmith:HeatExchange+1","floor":14},{"not_picked":["Runesmith:ReplicatingBarrier","Runesmith:MetallurgicalResearch"],"picked":"Runesmith:FissionHammer+1","floor":16},{"not_picked":["Runesmith:CraftSpiculum","Runesmith:UnstableHammer+1","Barrage+1"],"picked":"Cold Snap+1","floor":18},{"not_picked":["FTL+1","Beam Cell+1","Consume"],"picked":"Streamline+1","floor":23},{"not_picked":["White Noise+1","Calculated Gamble","Stack"],"picked":"Go for the Eyes+1","floor":29},{"not_picked":["Finisher+1","BasicCrystalCard","FlurryOfBlows+1"],"picked":"Tempo","floor":31},{"not_picked":["hubris:DoWhile","MasterReality","Mirror Shield"],"picked":"DevaForm","floor":33},{"not_picked":["Heavy Blade+1","TheCursedMod:RavingStaff+1","LockedBlood+1"],"picked":"Runesmith:StaticCage+1","floor":35},{"not_picked":["Panacea","ReplayTheSpireMod:Necrogeddon+1","Dramatic Entrance+1"],"picked":"Mayhem","floor":36},{"not_picked":["TheCursedMod:BlessingInDisguise+1","Anger+1","ReapSow+1"],"picked":"TheCursedMod:RapidMovement+1","floor":38},{"not_picked":["Runesmith:RuneHurl+1","ReplayTheSpireMod:Exploit Weakness+1","Thunderclap+1"],"picked":"Sweeping Beam+1","floor":39},{"not_picked":["hubris:SlightOfHand+1","TheCursedMod:SmokeScreen","Ball Lightning+1"],"picked":"LockedWarPaint","floor":45}],"player_experience":218301,"relics_obtained":[{"floor":6,"key":"Peace Pipe"},{"floor":9,"key":"Tiny Chest"},{"floor":10,"key":"WingedGreaves"},{"floor":20,"key":"hubris:CuriousFeather"},{"floor":23,"key":"aspiration:ChemicalBlood"},{"floor":26,"key":"Ornamental Fan"},{"floor":28,"key":"Counterbalance"},{"floor":30,"key":"Replay:Mystery Machine"},{"floor":43,"key":"Regal Pillow"},{"floor":44,"key":"Letter Opener"},{"floor":47,"key":"Replay:Ringing Soul"},{"floor":48,"key":"infinitespire:CheckeredPen"}],"event_choices":[{"damage_healed":0,"gold_gain":0,"player_choice":"Take Wound","damage_taken":0,"relics_obtained":["Golden Idol"],"max_hp_gain":0,"max_hp_loss":0,"event_name":"Golden Idol","floor":2,"gold_loss":0,"cards_obtained":["Injury"]},{"damage_healed":0,"gold_gain":0,"player_choice":"Read","damage_taken":0,"max_hp_gain":0,"max_hp_loss":0,"event_name":"The Library","floor":19,"gold_loss":0,"cards_obtained":["Runesmith:HeatedChisel"]},{"damage_healed":0,"gold_gain":0,"player_choice":"Obtained Relic","damage_taken":0,"relics_obtained":["Mummified Hand"],"max_hp_gain":0,"max_hp_loss":0,"event_name":"Addict","floor":21,"gold_loss":85},{"damage_healed":0,"gold_gain":0,"player_choice":"Ignored","damage_taken":0,"max_hp_gain":0,"max_hp_loss":0,"event_name":"Vampires","floor":22,"gold_loss":0},{"damage_healed":0,"gold_gain":0,"player_choice":"Memory 1","damage_taken":0,"max_hp_gain":0,"max_hp_loss":0,"event_name":"SensoryStone","floor":36,"gold_loss":0},{"damage_healed":0,"gold_gain":100,"player_choice":"Pray","damage_taken":0,"max_hp_gain":0,"max_hp_loss":0,"event_name":"Golden Shrine","floor":37,"gold_loss":0}],"is_beta":false,"boss_relics":[{"not_picked":["aspiration:SecretTechniqueScroll","hubris:RunicObelisk"],"picked":"aspiration:DefectSkillbook"},{"not_picked":["Runic Pyramid","Empty Cage"],"picked":"Ring of Chaos"}],"items_purged_floors":[],"is_endless":false,"potions_floor_spawned":[1,10,13,16,18,29,39],"ascension_level":0}}