{"host":"yaxsefyig1et0yi2","time":1611562197,"event":{"mods":["Aspiration","BaseMod","BetterRewards","Colored Powertips","Conspire","Displayed Cursed Tome","Downfall","Halation","Hubris","Infinite Spire","JesterMod","Minty Spire (QoL Compilation)","Quick Restart","RatMod","Replay The Spire","Reworked Bosses","Spikes Relics","StSLib","The Bug Knight","The Jungle"],"gold_per_floor":[111,121,134,50,66,66,98,98,98,114,127,52,69,79,79,178,178,195,213,231,67,67,67,67],"floor_reached":23,"language":"ENG","playtime":1066,"items_purged":[],"score":147,"play_id":"9b9b29a4-d50f-4402-a3f2-387fce74a388","local_time":"20210125030957","is_ascension_mode":false,"campfire_choices":[{"data":"HollowMod:FocusHealStart","floor":6,"key":"SMITH"},{"floor":15,"key":"REST"}],"circlet_count":0,"master_deck":["HollowMod:NailStrikeStart","HollowMod:NailStrikeStart","HollowMod:NailStrikeStart","HollowMod:NailStrikeStart","HollowMod:QuickDashStart","HollowMod:QuickDashStart","HollowMod:QuickDashStart","HollowMod:FocusHealStart+1","HollowMod:PogoStrike","HollowMod:DesolateDive+1","hubris:DuctTapeCard","HollowMod:AwokenDreamNail","HollowMod:PureVessel","HollowMod:NewLittleFool","HollowMod:BaldurShell","HollowMod:SlysStrikes","Beam Cell","Redo+1","Panic Button","Secret Weapon"],"relics":["HollowMod:VesselMask","aspiration:Nostalgia","infinitespire:DarkRift","halation:LostSnail","aspiration:FetidBarrel","hubris:DuctTape","aspiration:DefectSkillbook"],"acts_visited":["Exordium","TheCity"],"potions_floor_usage":[14,16,16,23],"damage_taken":[{"damage":3,"enemies":"Jaw Worm","floor":1,"turns":5},{"damage":2,"enemies":"Small Slimes","floor":2,"turns":3},{"damage":0,"enemies":"2 Louse","floor":3,"turns":2},{"damage":0,"enemies":"2 Fungi Beasts","floor":5,"turns":3},{"damage":17,"enemies":"Gremlin Nob","floor":7,"turns":4},{"damage":30,"enemies":"Exordium Thugs","floor":10,"turns":4},{"damage":13,"enemies":"Gremlin Gang","floor":11,"turns":3},{"damage":9,"enemies":"Exordium Wildlife","floor":13,"turns":3},{"damage":8,"enemies":"3 Louse","floor":14,"turns":2},{"damage":0,"enemies":"The Guardian","floor":16,"turns":2},{"damage":22,"enemies":"3 Byrds","floor":18,"turns":4},{"damage":24,"enemies":"Spheric Guardian","floor":19,"turns":4},{"damage":21,"enemies":"Snake Plant","floor":20,"turns":4},{"damage":22,"enemies":"Slavers","floor":23,"turns":1}],"seed_played":"-5808443691810541894","potions_obtained":[{"floor":5,"key":"SneckoOil"},{"floor":10,"key":"Swift Potion"},{"floor":11,"key":"Strength Potion"},{"floor":14,"key":"ColorlessPotion"},{"floor":16,"key":"Reflective Coating"},{"floor":20,"key":"Milkshake"}],"is_trial":false,"path_per_floor":["M","M","M","$","M","R","E","?","T","M","M","$","M","M","R","B",null,"M","M","M","$","?","E"],"character_chosen":"THE_BUGKNIGHT","items_purchased":["halation:LostSnail","HollowMod:PureVessel","Secret Weapon"],"campfire_rested":1,"item_purchase_floors":[4,12,21],"current_hp_per_floor":[73,71,71,71,71,71,54,54,54,34,21,21,12,10,32,32,75,53,35,20,20,20,0,0],"gold":67,"neow_bonus":"NOSTALGIA","is_daily":false,"chose_seed":false,"campfire_upgraded":1,"win_rate":0.0,"timestamp":1611562197,"path_taken":["M","M","M","$","M","R","E","?","T","M","M","$","M","M","R","BOSS","M","M","M","$","?","E"],"items_purchased_type":["Relic","Card","Card"],"build_version":"2020-12-22","purchased_purges":0,"victory":false,"max_hp_per_floor":[75,75,75,75,75,75,75,75,75,75,75,75,75,75,75,75,75,75,75,75,75,75,75,75],"card_choices":[{"not_picked":["HollowMod:NewJinnsSoul","HollowMod:SiblingsSouls"],"picked":"HollowMod:DoubleDash","floor":1},{"not_picked":["HollowMod:InfectedAttack","HollowMod:RecoilStrike","HollowMod:NewJinnsSoul"],"picked":"SKIP","floor":2},{"not_picked":["HollowMod:InfectedAttack","HollowMod:RecoilStrike","HollowMod:NewJinnsSoul"],"picked":"SKIP","floor":2},{"not_picked":["HollowMod:BaldurShell","HollowMod:LifebloodCocoon","HollowMod:HuntersJournal"],"picked":"SKIP","floor":3},{"not_picked":["HollowMod:InfectedAttack","HollowMod:CrystalDash"],"picked":"HollowMod:DesolateDive","floor":5},{"not_picked":["HollowMod:VengefulVoid","HollowMod:RecoilStrike","HollowMod:PerfectDash"],"picked":"SKIP","floor":7},{"not_picked":["HollowMod:DreamGate","HollowMod:SoulEater"],"picked":"HollowMod:AwokenDreamNail","floor":10},{"not_picked":["HollowMod:SoulShaman","HollowMod:InfectedAttack","HollowMod:DescendingDark"],"picked":"SKIP","floor":11},{"not_picked":["HollowMod:LifebloodCocoon","HollowMod:DescendingDark"],"picked":"HollowMod:NewLittleFool","floor":13},{"not_picked":["HollowMod:CoiledNail","HollowMod:AbyssShriek"],"picked":"HollowMod:BaldurShell","floor":14},{"not_picked":["HollowMod:AwokenDreamNail","HollowMod:LordofShades"],"picked":"HollowMod:SlysStrikes","floor":16},{"not_picked":["Rebound","aspiration:Polymerization","HollowMod:InfectionAssault"],"picked":"Beam Cell","floor":18},{"not_picked":["HollowMod:NewJinnsSoul","Beam Cell+1","Doom and Gloom"],"picked":"Redo+1","floor":19},{"not_picked":["Melter+1","HollowMod:CycloneSlash","Leap"],"picked":"Panic Button","floor":20}],"player_experience":265789,"relics_obtained":[{"floor":7,"key":"aspiration:FetidBarrel"},{"floor":9,"key":"hubris:DuctTape"}],"event_choices":[{"damage_healed":0,"gold_gain":0,"player_choice":"Ignored","damage_taken":0,"max_hp_gain":0,"max_hp_loss":0,"event_name":"Vampires","floor":22,"gold_loss":0}],"is_beta":false,"boss_relics":[{"not_picked":["halation:SmartPhone","Fusion Hammer"],"picked":"aspiration:DefectSkillbook"}],"items_purged_floors":[],"is_endless":false,"potions_floor_spawned":[5,10,11,14,16,20],"killed_by":"Slavers","ascension_level":0}}