{"host":"g2yp6paluzgljz05","time":1611564486,"event":{"mods":["BaseMod","Bestiary","Colored Powertips","DeckTracker","Highlight Path","Minty Spire (QoL Compilation)","Quick Restart"],"gold_per_floor":[113,188,188,76,76,76,88,101,101,114,114,114],"floor_reached":11,"language":"ENG","playtime":347,"items_purged":["Strike_G"],"score":69,"play_id":"92e2c018-a921-4ba5-8003-5110b93a9f41","local_time":"20210125194806","is_ascension_mode":true,"campfire_choices":[{"data":"Accuracy","floor":6,"key":"SMITH"}],"circlet_count":0,"master_deck":["Strike_G","Strike_G","Strike_G","Defend_G","Defend_G","Defend_G","Defend_G","Defend_G","Survivor","Neutralize","PiercingWail","Accuracy+1","Backstab"],"relics":["Ring of the Snake","NeowsBlessing","Letter Opener","Darkstone Periapt"],"acts_visited":["Exordium"],"potions_floor_usage":[],"damage_taken":[{"damage":0,"enemies":"2 Louse","floor":1,"turns":1},{"damage":0,"enemies":"Jaw Worm","floor":7,"turns":1},{"damage":0,"enemies":"Cultist","floor":8,"turns":1},{"damage":6,"enemies":"Blue Slaver","floor":10,"turns":5},{"damage":15,"enemies":"Gremlin Nob","floor":11,"turns":4}],"seed_played":"-4842237648443645563","potions_obtained":[{"floor":8,"key":"SkillPotion"}],"is_trial":false,"path_per_floor":["M","?","?","$","T","R","M","M","T","M","E"],"character_chosen":"THE_SILENT","items_purchased":["Accuracy"],"campfire_rested":0,"item_purchase_floors":[4],"current_hp_per_floor":[70,59,52,52,52,52,52,52,52,46,31,31],"gold":114,"neow_bonus":"THREE_ENEMY_KILL","is_daily":false,"chose_seed":false,"campfire_upgraded":1,"win_rate":0.0,"timestamp":1611564486,"path_taken":["M","?","?","$","?","R","M","M","T","?","E"],"items_purchased_type":["Card"],"build_version":"2020-12-22","purchased_purges":1,"victory":false,"max_hp_per_floor":[70,70,70,70,70,70,70,70,70,70,70,70],"card_choices":[{"not_picked":["Underhanded Strike","Deadly Poison"],"picked":"PiercingWail","floor":1},{"not_picked":["Poisoned Stab","Backflip"],"picked":"Backstab","floor":7},{"not_picked":["Outmaneuver","Backflip","Masterful Stab"],"picked":"SKIP","floor":8},{"not_picked":["Choke","Sucker Punch","Outmaneuver"],"picked":"SKIP","floor":10}],"player_experience":265114,"relics_obtained":[{"floor":5,"key":"Letter Opener"},{"floor":9,"key":"Darkstone Periapt"}],"event_choices":[{"damage_healed":0,"gold_gain":75,"player_choice":"Gather Gold","damage_taken":11,"max_hp_gain":0,"max_hp_loss":0,"event_name":"World of Goop","floor":2,"gold_loss":0},{"cards_removed":["Strike_G"],"damage_healed":0,"gold_gain":0,"player_choice":"Card Removal","damage_taken":7,"max_hp_gain":0,"max_hp_loss":0,"event_name":"Golden Wing","floor":3,"gold_loss":0}],"is_beta":false,"boss_relics":[],"items_purged_floors":[4],"is_endless":false,"potions_floor_spawned":[8],"killed_by":"Gremlin Nob","ascension_level":2}}