{"host":"a5v7x5tmlr5iccdt","time":1611576762,"event":{"mods":["100% Spire Juice","Act Like it!","Arknights The Spire","Aspiration","BaseMod","BetterRewards","Colored Map","Colored Powertips","Downfall","Energized Spire","Gensokyo","Hallownest","Highlight Path","Marisa£®ÏF”Í°°ƒß¿Ì…≥£©","Mimic Mod","Minty Spire (QoL Compilation)","Quick Restart","Reimu£®≤©¿ˆ¡È√Œ£©","Remilia£®¿Ÿ√◊¿Ú—«£©","Replay The Spire","StSLib","The Bug Knight","Youmu£®ªÍ∆«—˝√Œ£©"],"gold_per_floor":[111,128,53,110,127,152,152,183,213,213,230,263,10,21,21,120,120,131,147,161,161,174,200,200,212,212,224,80,105,105,125,125,230,230,241,61,110,127,147,176,176,204,204,224,224,243,243,243,243,243],"floor_reached":51,"language":"ZHS","playtime":3452,"items_purged":["HollowMod:QuickDashStart","HollowMod:QuickDashStart"],"score":821,"play_id":"ca7c0c79-aae2-4c60-9928-60aa5343d9a7","local_time":"20210125201242","is_ascension_mode":false,"campfire_choices":[{"data":"HollowMod:QuirrelsAssistance","floor":7.0,"key":"SMITH"},{"data":"HollowMod:SlysStrikes","floor":15.0,"key":"SMITH"},{"data":"HollowMod:Hiveblood","floor":30.0,"key":"SMITH"},{"data":"HollowMod:SoulEater","floor":32.0,"key":"SMITH"},{"data":"HollowMod:LifebloodCocoon","floor":41.0,"key":"SMITH"},{"data":"HollowMod:ElderbugsWisdom","floor":47.0,"key":"SMITH"},{"data":"HollowMod:SoulSplash","floor":49.0,"key":"SMITH"}],"circlet_count":0,"master_deck":["HollowMod:NailStrikeStart","HollowMod:NailStrikeStart","HollowMod:QuickDashStart","HollowMod:QuickDashStart","HollowMod:FocusHealStart","HollowMod:PogoStrike","HollowMod:QuirrelsAssistance+1","HollowMod:HuntersJournal","HollowMod:HowlingWraiths","HollowMod:NewJinnsSoul","HollowMod:CloakDash","HollowMod:SlysStrikes+1","HollowMod:InfectedCysts","HollowMod:InfectedAttack","HollowMod:PureNailStrike","HollowMod:ElderbugsWisdom+1","HollowMod:SoulVessel","HollowMod:CloakDash+1","HollowMod:BaldurShell","HollowMod:LifebloodCocoon+1","HollowMod:SoulSplash+1","HollowMod:Hiveblood+1","HollowMod:RecoilStrike+1","HollowMod:SoulEater+1","HollowMod:MidwifesHunger+1","HollowMod:QuirrelsAssistance+1","HollowMod:AwokenDreamNail+1","HollowMod:GrimmsGift+1","HollowMod:SharpenedNail+1","HollowMod:DungDefenderAura","HollowMod:HornetsHelp+1","HollowMod:SoulStrike+1"],"relics":["HollowMod:VesselMask","aspiration:Nostalgia","PureWater","Replay:Ringing Soul","Kunai","Torii","Vajra","Nunchaku","Sling","energizedSpire:EnergizedDie","Peace Pipe","Unceasing Top","Toy Ornithopter","Golden Egg","bronze:MakeshiftBattery","Hallownest:StagBellRelic1","Blue Doll","Replay:WaspNest","Du-Vu Doll","Iron Hammer","Blue Candle"],"acts_visited":["Hallownest:Greenpath","Hallownest:CityofTears","Hallownest:KingdomsEdge"],"potions_floor_usage":[50,50,50,50],"damage_taken":[{"damage":0.0,"enemies":"Hallownest:2_Baldur","floor":1.0,"turns":4.0},{"damage":0.0,"enemies":"Hallownest:monsterHuskGuard","floor":2.0,"turns":4.0},{"damage":0.0,"enemies":"Hallownest:2_MossCreeps","floor":5.0,"turns":4.0},{"damage":9.0,"enemies":"Hallownest:eliteCrystalGuardian","floor":6.0,"turns":5.0},{"damage":4.0,"enemies":"Hallownest:eliteVengeflyKing","floor":8.0,"turns":10.0},{"damage":2.0,"enemies":"Hallownest:Guard_and_Warrior","floor":9.0,"turns":5.0},{"damage":1.0,"enemies":"Hallownest:Guard_and_Warrior","floor":11.0,"turns":4.0},{"damage":1.0,"enemies":"Hallownest:eliteMossKnight","floor":12.0,"turns":6.0},{"damage":13.0,"enemies":"Hallownest:1_Ooma_and_2_Uuma","floor":14.0,"turns":4.0},{"damage":1.0,"enemies":"Hallownest:BossFalseKnight","floor":16.0,"turns":8.0},{"damage":9.0,"enemies":"Hallownest:Guard_and_Sentry","floor":18.0,"turns":5.0},{"damage":23.0,"enemies":"Hallownest:2_Mistakes","floor":19.0,"turns":7.0},{"damage":18.0,"enemies":"Hallownest:2_Husk_Sentries","floor":20.0,"turns":5.0},{"damage":3.0,"enemies":"Hallownest:monsterMisterMushroom","floor":22.0,"turns":7.0},{"damage":23.0,"enemies":"Hallownest:eliteSoulWarrior","floor":23.0,"turns":6.0},{"damage":1.0,"enemies":"Hallownest:Warrior_and_Youth","floor":24.0,"turns":4.0},{"damage":26.0,"enemies":"Hallownest:monsterShrumalOgre","floor":25.0,"turns":5.0},{"damage":33.0,"enemies":"Hallownest:2_Flukemon","floor":27.0,"turns":7.0},{"damage":51.0,"enemies":"Hallownest:eliteWatcherKnight","floor":29.0,"turns":9.0},{"damage":10.0,"enemies":"Hallownest:Master_and_Novice","floor":31.0,"turns":4.0},{"damage":27.0,"enemies":"Hallownest:BossGrimm","floor":33.0,"turns":8.0},{"damage":48.0,"enemies":"Hallownest:2_Littles","floor":35.0,"turns":4.0},{"damage":18.0,"enemies":"Hallownest:Shield_Heavy","floor":38.0,"turns":4.0},{"damage":27.0,"enemies":"Hallownest:2_Soldiers_and_1_Guardian","floor":39.0,"turns":5.0},{"damage":14.0,"enemies":"Hallownest:StalkingDevout","floor":40.0,"turns":4.0},{"damage":32.0,"enemies":"Hallownest:eliteHiveKnight","floor":42.0,"turns":6.0},{"damage":9.0,"enemies":"Hallownest:2_Wandering_and_1_Horned","floor":44.0,"turns":5.0},{"damage":18.0,"enemies":"Hallownest:2_Wing_and_1_Kings","floor":46.0,"turns":6.0},{"damage":119,"enemies":"Hallownest:BossHollowKnight","floor":50,"turns":6}],"seed_played":"-6151579438691893040","potions_obtained":[{"floor":1.0,"key":"Fire Potion"},{"floor":4.0,"key":"Swift Potion"},{"floor":5.0,"key":"EssenceOfSteel"},{"floor":8.0,"key":"Fire Potion"},{"floor":14.0,"key":"Guardian:BlockOnCardUsePotion"},{"floor":16.0,"key":"SkillPotion"},{"floor":23.0,"key":"MagicPotion:ReiMu"},{"floor":25.0,"key":"Venom Potion"},{"floor":29.0,"key":"SteroidPotion"},{"floor":31.0,"key":"ColorlessPotion"},{"floor":35.0,"key":"SkillPotion"},{"floor":44.0,"key":"ColorlessPotion"},{"floor":46.0,"key":"Fire Potion"}],"is_trial":false,"path_per_floor":["M","M","$","?","M","E","R","E","MIM","?","M","E","$","M","R","B",null,"M","M","M","?","M","E","M","M","T","M","$","E","R","M","R","B",null,"M","?","T","M","M","E","R","E","T","M","?","M","R","?","R","B",null],"character_chosen":"THE_BUGKNIGHT","items_purchased":["Sling","Toy Ornithopter"],"campfire_rested":0,"item_purchase_floors":[13,28],"current_hp_per_floor":[75,75,75,78,81,75,75,80,87,87,89,91,91,78,78,86,99,93,79,64,75,81,61,63,58,58,40,40,28,28,21,21,41,132,105,105,105,95,89,96,96,92,92,108,108,118,118,113,113,38],"gold":243,"neow_bonus":"NOSTALGIA","is_daily":false,"chose_seed":false,"campfire_upgraded":7,"win_rate":0.0,"timestamp":1611576762,"path_taken":["M","M","?","?","M","E","R","E","MIM","?","M","E","$","?","R","BOSS","M","M","M","?","M","E","M","M","T","?","$","E","R","M","R","BOSS","M","?","?","M","M","E","R","E","T","M","?","M","R","?","R","BOSS"],"items_purchased_type":["Relic","Relic"],"build_version":"2020-12-22","purchased_purges":2,"victory":true,"max_hp_per_floor":[75,75,75,78,81,84,84,87,90,90,93,96,96,96,96,99,99,102,105,108,108,111,114,117,120,120,123,123,126,126,129,129,132,132,135,135,135,138,141,144,144,144,144,147,142,142,142,142,142,142],"card_choices":[{"not_picked":["HollowMod:InfectionAssault","HollowMod:SharpenedNail"],"picked":"HollowMod:QuirrelsAssistance","floor":1.0},{"not_picked":["HollowMod:SiblingsSouls","HollowMod:ShadowDash"],"picked":"HollowMod:HuntersJournal","floor":2.0},{"not_picked":["HollowMod:InfectedCysts","HollowMod:SharpenedShadows"],"picked":"HollowMod:HowlingWraiths","floor":4.0},{"not_picked":["HollowMod:SiblingsShadow","HollowMod:MawleksShell"],"picked":"HollowMod:NewJinnsSoul","floor":5.0},{"not_picked":["HollowMod:SoulSplash","HollowMod:DescendingDark"],"picked":"HollowMod:CloakDash","floor":6.0},{"not_picked":["HollowMod:LifebloodCore","HollowMod:MantisMark"],"picked":"HollowMod:SlysStrikes","floor":8.0},{"not_picked":["HollowMod:ShapeofUnn","HollowMod:TaintedHusks"],"picked":"HollowMod:InfectedCysts","floor":9.0},{"not_picked":["HollowMod:MawleksShell","HollowMod:LifebloodCocoon"],"picked":"HollowMod:InfectedAttack","floor":11.0},{"not_picked":["HollowMod:TaintedHusks","HollowMod:VengefulSpirit"],"picked":"HollowMod:PureNailStrike","floor":12.0},{"not_picked":["HollowMod:LordofShades","HollowMod:VengefulVoid","HollowMod:InfectedAttack"],"picked":"SKIP","floor":14.0},{"not_picked":["HollowMod:SoulMaster","HollowMod:LifebloodCore"],"picked":"HollowMod:ElderbugsWisdom","floor":16.0},{"not_picked":["HollowMod:DescendingDark","HollowMod:PureNailStrike"],"picked":"HollowMod:SoulVessel","floor":18.0},{"not_picked":["HollowMod:PureNailStrike","HollowMod:WraithStrike"],"picked":"HollowMod:CloakDash+1","floor":19.0},{"not_picked":["HollowMod:WraithStrike+1","HollowMod:VengefulSpirit"],"picked":"HollowMod:BaldurShell","floor":20.0},{"not_picked":["HollowMod:SiblingsSouls","HollowMod:BlackTendrils"],"picked":"HollowMod:LifebloodCocoon","floor":22.0},{"not_picked":["HollowMod:NewJinnsSoul","HollowMod:CrystalDash"],"picked":"HollowMod:SoulSplash","floor":23.0},{"not_picked":["HollowMod:CycloneSlash+1","HollowMod:TaintedHusks"],"picked":"HollowMod:Hiveblood","floor":24.0},{"not_picked":["HollowMod:PureNailStrike+1","HollowMod:InfectedAttack"],"picked":"HollowMod:RecoilStrike+1","floor":25.0},{"not_picked":["HollowMod:SoulSplash+1","HollowMod:QuirrelsAssistance+1"],"picked":"HollowMod:SoulEater","floor":27.0},{"not_picked":["HollowMod:ShadowDash","HollowMod:BlackTendrils"],"picked":"HollowMod:MidwifesHunger","floor":29.0},{"not_picked":["HollowMod:MawleksShell+1","HollowMod:NewJinnsSoul"],"picked":"HollowMod:QuirrelsAssistance+1","floor":31.0},{"not_picked":["HollowMod:NewInfectedGuardian","HollowMod:ElderbugsWisdom"],"picked":"HollowMod:AwokenDreamNail","floor":33.0},{"not_picked":["HollowMod:NewLittleFool+1","HollowMod:QuirrelsAssistance+1"],"picked":"HollowMod:GrimmsGift+1","floor":35.0},{"not_picked":["HollowMod:ChannelNail+1","HollowMod:GrimmsGift+1"],"picked":"HollowMod:SharpenedNail+1","floor":38.0},{"not_picked":["HollowMod:CycloneSlash+1","HollowMod:DashSlash"],"picked":"HollowMod:DungDefenderAura","floor":39.0},{"not_picked":["HollowMod:InfectionAssault+1","HollowMod:SoulStrike"],"picked":"HollowMod:HornetsHelp","floor":40.0},{"not_picked":["HollowMod:VengefulSpirit+1","HollowMod:TaintedHusks","HollowMod:HeavyBlow"],"picked":"SKIP","floor":42.0},{"not_picked":["HollowMod:DashSlash","HollowMod:TaintedHusks"],"picked":"HollowMod:SoulStrike+1","floor":44.0},{"not_picked":["HollowMod:SoulShaman","HollowMod:SiblingsSouls","HollowMod:DescendingDark"],"picked":"SKIP","floor":46.0}],"player_experience":91257,"relics_obtained":[{"floor":4.0,"key":"Replay:Ringing Soul"},{"floor":6.0,"key":"Kunai"},{"floor":8.0,"key":"Torii"},{"floor":9.0,"key":"Vajra"},{"floor":12.0,"key":"Nunchaku"},{"floor":23.0,"key":"Peace Pipe"},{"floor":26.0,"key":"Unceasing Top"},{"floor":29.0,"key":"Golden Egg"},{"floor":37.0,"key":"Blue Doll"},{"floor":40.0,"key":"Replay:WaspNest"},{"floor":42.0,"key":"Du-Vu Doll"},{"floor":43.0,"key":"Iron Hammer"}],"event_choices":[],"is_beta":false,"boss_relics":[{"not_picked":["RedLine:ReiMu","Ectoplasm"],"picked":"energizedSpire:EnergizedDie"},{"not_picked":["aspiration:RitualDagger","Astrolabe"],"picked":"bronze:MakeshiftBattery"}],"items_purged_floors":[3,13],"is_endless":false,"potions_floor_spawned":[1,5,8,14,16,19,22,23,25,29,31,35,39,44,46],"ascension_level":0}}