{"host":"eeb412nj2w7f9cz8","time":1611560508,"event":{"mods":["Act Like it!","Arknights The Spire","BaseMod","Minty Spire (QoL Compilation)","StSLib"],"gold_per_floor":[213,56,66,66,82,108,124,124,124,186,196,196,212,226,226,323,323,338,338,350,265,265,295,295,323,403,403,403,418,437,449,449,547,547,560,47,60,60,79,79,111,130,154,164,164,174,174,194,194,194,194],"floor_reached":50,"language":"ZHS","playtime":3346,"items_purged":["ats:Strike S"],"score":518,"play_id":"378b9347-6e96-4b89-ba8e-e78130d209d5","local_time":"20210125154148","is_ascension_mode":false,"campfire_choices":[{"data":"ats:Serious Mode","floor":12.0,"key":"SMITH"},{"data":"ats:Burning Ground","floor":15.0,"key":"SMITH"},{"data":"ats:Echo Reverb","floor":24.0,"key":"SMITH"},{"floor":28.0,"key":"REST"},{"data":"ats:Sashimi Platter","floor":32.0,"key":"SMITH"},{"data":"ats:Soul Absorption","floor":40.0,"key":"SMITH"},{"data":"ats:Soul Absorption","floor":45.0,"key":"SMITH"},{"floor":49.0,"key":"RECALL"}],"circlet_count":0,"master_deck":["ats:Armor Crushing Shot","ats:Defend","ats:Defend","ats:Defend","ats:Defend","ats:Emotion Absorption","ats:Serious Mode+1","ats:Burning Ground+1","ats:Flame Of Heaven","ats:Sashimi Platter+1","ats:Very Hot Blade","ats:Soul Absorption+1","ats:Soul Absorption+1","ats:Echo Reverb+1","ats:Mental Burst","ats:Sunburst","ats:Mental Burst+1","ats:Nebulous Foxfire","ats:Composite Medical Shells+1","ats:Very Hot Blade","ats:Guardian Obelisk","ats:Guardian Obelisk+1","ats:Burning Ground"],"relics":["ats:Sanity","Mummified Hand","ats:Originium","ats:Rhine Circuitry","Torii","Nunchaku","Pocketwatch","ats:Lavender","ats:Bonebreaker","Coffee Dripper","Boot","Sundial","Blue Candle","MealTicket"],"acts_visited":["Exordium","TheCity","TheBeyond"],"potions_floor_usage":[50],"damage_taken":[{"damage":0.0,"enemies":"Small Slimes","floor":1.0,"turns":3.0},{"damage":1.0,"enemies":"2 Louse","floor":3.0,"turns":2.0},{"damage":3.0,"enemies":"Jaw Worm","floor":5.0,"turns":3.0},{"damage":20.0,"enemies":"3 Sentries","floor":6.0,"turns":6.0},{"damage":11.0,"enemies":"Large Slime","floor":7.0,"turns":2.0},{"damage":21.0,"enemies":"Gremlin Nob","floor":10.0,"turns":4.0},{"damage":0.0,"enemies":"3 Louse","floor":11.0,"turns":3.0},{"damage":10.0,"enemies":"Gremlin Gang","floor":13.0,"turns":4.0},{"damage":2.0,"enemies":"Red Slaver","floor":14.0,"turns":4.0},{"damage":30.0,"enemies":"Hexaghost","floor":16.0,"turns":8.0},{"damage":27.0,"enemies":"Shell Parasite","floor":18.0,"turns":5.0},{"damage":1.0,"enemies":"Spheric Guardian","floor":20.0,"turns":3.0},{"damage":37.0,"enemies":"Book of Stabbing","floor":23.0,"turns":5.0},{"damage":36.0,"enemies":"Slavers","floor":25.0,"turns":4.0},{"damage":8.0,"enemies":"Chosen and Byrds","floor":29.0,"turns":4.0},{"damage":33.0,"enemies":"Centurion and Healer","floor":30.0,"turns":4.0},{"damage":2.0,"enemies":"Cultist and Chosen","floor":31.0,"turns":4.0},{"damage":26.0,"enemies":"Collector","floor":33.0,"turns":5.0},{"damage":24.0,"enemies":"3 Darklings","floor":35.0,"turns":3.0},{"damage":10.0,"enemies":"Orb Walker","floor":37.0,"turns":3.0},{"damage":31.0,"enemies":"4 Shapes","floor":39.0,"turns":3.0},{"damage":30.0,"enemies":"Nemesis","floor":41.0,"turns":4.0},{"damage":33.0,"enemies":"Transient","floor":42.0,"turns":5.0},{"damage":1.0,"enemies":"Sphere and 2 Shapes","floor":44.0,"turns":3.0},{"damage":37.0,"enemies":"3 Darklings","floor":46.0,"turns":4.0},{"damage":39.0,"enemies":"4 Shapes","floor":48.0,"turns":2.0},{"damage":59,"enemies":"Time Eater","floor":50,"turns":5}],"seed_played":"1477712924586315051","potions_obtained":[{"floor":1.0,"key":"GamblersBrew"},{"floor":5.0,"key":"PowerPotion"},{"floor":6.0,"key":"SkillPotion"},{"floor":13.0,"key":"Strength Potion"},{"floor":16.0,"key":"Dexterity Potion"},{"floor":18.0,"key":"Fire Potion"},{"floor":23.0,"key":"Fire Potion"},{"floor":29.0,"key":"Swift Potion"},{"floor":33.0,"key":"SmokeBomb"},{"floor":39.0,"key":"Energy Potion"},{"floor":48.0,"key":"Explosive Potion"}],"is_trial":false,"path_per_floor":["M","$","M","?","M","E","M","?","T","?","M","R","M","M","R","B",null,"M","?","M","?","?","E","R","E","T","?","R","M","M","M","R","B",null,"M","$","M","?","M","R","E","M","T","M","R","M","?","M","R","B"],"character_chosen":"DOCTOR_CLASS","items_purchased":["ats:Burning Ground","ats:Flame Of Heaven","ats:Guardian Obelisk","Boot","Sundial"],"campfire_rested":1,"item_purchase_floors":[2,2,36,36,36],"current_hp_per_floor":[72,72,71,59,62,50,39,44,44,43,53,53,53,59,59,63,77,50,50,62,62,48,25,25,4,4,4,28,45,36,51,51,55,82,72,72,67,67,38,38,36,68,68,80,80,46,46,26,26,0,0],"gold":194,"neow_bonus":"HUNDRED_GOLD","is_daily":false,"chose_seed":false,"campfire_upgraded":6,"win_rate":0.0,"timestamp":1611560508,"path_taken":["M","$","M","?","M","E","M","?","T","?","M","R","?","M","R","BOSS","M","?","M","?","?","E","R","E","T","?","R","M","M","?","R","BOSS","M","$","M","?","M","R","E","?","T","M","R","M","?","M","R","BOSS"],"items_purchased_type":["Card","Card","Card","Relic","Relic"],"build_version":"2020-12-22","purchased_purges":1,"victory":false,"max_hp_per_floor":[72,72,72,72,72,72,72,77,77,77,77,77,77,77,77,77,77,77,77,77,77,82,82,82,82,82,82,82,82,82,82,82,82,82,82,82,82,82,82,82,82,82,82,82,82,82,82,82,82,82,82],"card_choices":[{"not_picked":["ats:Explosion Area Strengthen","ats:Closed Bolt Burst Fire"],"picked":"ats:Serious Mode","floor":1.0},{"not_picked":["ats:Phantom","ats:Sword Rain"],"picked":"ats:Sashimi Platter","floor":3.0},{"not_picked":["ats:Neurotoxin","ats:Hammer On"],"picked":"ats:Very Hot Blade","floor":5.0},{"not_picked":["ats:Rapid Magazine","ats:Shell Defense"],"picked":"ats:Soul Absorption","floor":6.0},{"not_picked":["ats:Red Shift","ats:LN2 Cannon","ats:Consecutive Shot Auto"],"picked":"SKIP","floor":7.0},{"not_picked":["ats:Poison Spread","ats:Explosion Area Strengthen"],"picked":"ats:Soul Absorption","floor":10.0},{"not_picked":["ats:Blood Oath","ats:Directed Diagnosis","ats:Hammer On"],"picked":"SKIP","floor":11.0},{"not_picked":["ats:Chain Hook","ats:Guard Mode","ats:Explosion Area Strengthen"],"picked":"SKIP","floor":13.0},{"not_picked":["ats:Consecutive Shot Auto","ats:Serious Mode","ats:Durian"],"picked":"SKIP","floor":14.0},{"not_picked":["ats:Roar Of Ursus","ats:Fractured Body"],"picked":"ats:Echo Reverb","floor":16.0},{"not_picked":["ats:Consecutive Shot Auto","ats:Red Shift+1","ats:Powerful Strike"],"picked":"SKIP","floor":18.0},{"not_picked":["ats:Steam Pump","ats:Healing Strengthening"],"picked":"ats:Sunburst","floor":20.0},{"not_picked":["ats:Counter Healing Mode","ats:Powerful Strike+1"],"picked":"ats:Mental Burst+1","floor":23.0},{"not_picked":["ats:Cat Scratch+1","ats:Encircling Forest"],"picked":"ats:Nebulous Foxfire","floor":25.0},{"not_picked":["ats:Leaping Hammer","ats:Cat Scratch","ats:Poison Spread"],"picked":"SKIP","floor":29.0},{"not_picked":["ats:Charging Defense+1","ats:Rapid Magazine"],"picked":"ats:Composite Medical Shells+1","floor":30.0},{"not_picked":["ats:Hammer On","ats:Serious Mode","ats:Red Shift+1"],"picked":"SKIP","floor":31.0},{"not_picked":["ats:Consecutive Shot Auto","ats:Sword Rain+1"],"picked":"ats:Very Hot Blade","floor":35.0},{"not_picked":["ats:Charging Defense+1","ats:Thorns+1","ats:Literary Storm"],"picked":"SKIP","floor":37.0},{"not_picked":["ats:Leaping Hammer","ats:Explosion Area Strengthen"],"picked":"ats:Guardian Obelisk+1","floor":39.0},{"not_picked":["ats:Magnetic Hammer","ats:Mental Burst","ats:Neurotoxin+1"],"picked":"SKIP","floor":41.0},{"not_picked":["ats:Explosion Area Strengthen","ats:Very Hot Blade","ats:Assault Order+1"],"picked":"SKIP","floor":42.0},{"not_picked":["ats:Ignite","ats:Hook Shot+1","ats:Song Of Battle+1"],"picked":"SKIP","floor":44.0},{"not_picked":["ats:Powerful Strike","ats:Explosion Area Strengthen+1","ats:Beaten Up"],"picked":"SKIP","floor":46.0},{"not_picked":["ats:Revitalization","ats:Assault Order"],"picked":"ats:Burning Ground","floor":48.0}],"player_experience":87338,"relics_obtained":[{"floor":6.0,"key":"ats:Originium"},{"floor":6.0,"key":"ats:Rhine Circuitry"},{"floor":23.0,"key":"ats:Originium"},{"floor":23.0,"key":"Pocketwatch"},{"floor":25.0,"key":"ats:Originium"},{"floor":25.0,"key":"ats:Lavender"},{"floor":26.0,"key":"ats:Bonebreaker"},{"floor":41.0,"key":"ats:Originium"},{"floor":41.0,"key":"Blue Candle"},{"floor":43.0,"key":"MealTicket"}],"event_choices":[{"damage_healed":0.0,"max_hp_gain":0.0,"max_hp_loss":0.0,"gold_gain":0.0,"event_name":"Scrap Ooze","player_choice":"Success","floor":4.0,"gold_loss":0.0,"damage_taken":12.0,"relics_obtained":["Mummified Hand"]},{"damage_healed":0.0,"max_hp_gain":5.0,"max_hp_loss":0.0,"gold_gain":0.0,"event_name":"Big Fish","player_choice":"Donut","floor":8.0,"gold_loss":0.0,"damage_taken":0.0},{"damage_healed":0.0,"max_hp_gain":0.0,"max_hp_loss":0.0,"gold_gain":30.0,"event_name":"Dead Adventurer","player_choice":"Searched \u00273\u0027 times","floor":10.0,"gold_loss":0.0,"damage_taken":0.0,"relics_obtained":["Torii"]},{"damage_healed":0.0,"max_hp_gain":0.0,"max_hp_loss":0.0,"gold_gain":0.0,"event_name":"The Library","player_choice":"Read","floor":19.0,"gold_loss":0.0,"damage_taken":0.0,"cards_obtained":["ats:Mental Burst"]},{"damage_healed":0.0,"max_hp_gain":0.0,"max_hp_loss":0.0,"gold_gain":0.0,"event_name":"Addict","player_choice":"Obtained Relic","floor":21.0,"gold_loss":85.0,"damage_taken":0.0,"relics_obtained":["Nunchaku"]},{"damage_healed":0.0,"max_hp_gain":5.0,"max_hp_loss":0.0,"gold_gain":0.0,"event_name":"Forgotten Altar","player_choice":"Shed Blood","floor":22.0,"gold_loss":0.0,"damage_taken":19.0},{"cards_removed":["ats:Strike V"],"damage_healed":0.0,"max_hp_gain":0.0,"max_hp_loss":0.0,"gold_gain":0.0,"event_name":"Purifier","player_choice":"Purged","floor":27.0,"gold_loss":0.0,"damage_taken":0.0},{"cards_removed":["ats:Strike G"],"damage_healed":0.0,"max_hp_gain":0.0,"max_hp_loss":0.0,"gold_gain":0.0,"event_name":"Purifier","player_choice":"Purged","floor":38.0,"gold_loss":0.0,"damage_taken":0.0},{"cards_removed":["ats:Strike C"],"damage_healed":0.0,"max_hp_gain":0.0,"max_hp_loss":0.0,"gold_gain":0.0,"event_name":"Falling","player_choice":"Removed Attack","floor":47.0,"gold_loss":0.0,"damage_taken":0.0}],"is_beta":false,"boss_relics":[{"not_picked":["Ectoplasm","Velvet Choker","Fusion Hammer"]},{"not_picked":["Snecko Eye","Calling Bell"],"picked":"Coffee Dripper"}],"items_purged_floors":[36],"is_endless":false,"potions_floor_spawned":[1,5,6,13,16,18,23,29,33,39,48],"killed_by":"Time Eater","ascension_level":0}}