{"host":"ijcc764tftnz8swj","time":1611575122,"event":{"mods":["ATMod(阿瑾Mod)","BaseMod","Challenge The Spire","Jedi Mod","KinomotoSakuraMod(木之本樱)","Lobotomy","Luminous","Marisa（F雨　魔理沙）","Marked Mod","Minty Spire (QoL Compilation)","Reimu（博丽灵梦）","Remilia（蕾米莉亚）","RumiaBox-露米娅的神秘盒子","SIMod","SOS（斯巴达之子）","Spicy Shops","StSLib","Td1madao Mod","TestMod","The Administrix","The Construct","The Gatherer","The Hierophant","The Runesmith","Waifu the Spire","WarShipGirlsR/战舰少女R mod","Yakumo Yukari mod","Youmu（魂魄妖梦）","Yuri Mod","Yuyuko","【遗物卡牌】REMEMod"],"gold_per_floor":[109,19,19,19,38,38,69,84,157,35,63,63,63,82,82,185,185,205,205,217,1,12,12,12,12,38,66,7,36,51,70,70,70,70,89,138,138,151,165,165,192,192,192,148,207,231,259,280,280,280],"floor_reached":51,"language":"ZHS","playtime":2334,"items_purged":[],"score":1075,"play_id":"f4279fbc-1950-476d-8456-a58e590fc930","local_time":"20210125194522","is_ascension_mode":false,"campfire_choices":[{"data":"Metamorphosis","floor":6.0,"key":"SMITH"},{"data":"Here Defend Chip","floor":12.0,"key":"SMITH"},{"data":"Here Defend Chip","floor":15.0,"key":"SMITH"},{"data":"Cooling Song","floor":23.0,"key":"SMITH"},{"data":"Here Defend Chip","floor":25.0,"key":"SMITH"},{"data":"Fire Blade","floor":32.0,"key":"SMITH"},{"data":"Fire Blade","floor":40,"key":"SMITH"},{"data":"Optimization","floor":42,"key":"SMITH"},{"data":"New Defend Magic","floor":49,"key":"SMITH"}],"circlet_count":0,"master_deck":["Strike_C","Strike_C","Strike_C","Strike_C","Defend_C","Defend_C+1","Knight Kick","Chip+1","Metamorphosis+1","E MP","Fire Up","Here Defend Chip+1","Here Defend Chip+1","Floating Swing Kick","Perfect Defend","Here Defend Chip+1","Optimization+1","Pod Fire","Chip Synthesis","AT_EmpoweredMortalDraw","Cooling Song+1","Winding Magic+1","Here Defend Chip","Black Shadow","Load Balancing","Awareness","Fire Blade+1","Machining+1","Fire Blade+1","De Ware Chip+1","Oblique Hack+1","Black Spear+1","Fire Up+1","Fire Blade","New Defend Magic+1","Lunge+1","Provocative","Judgment"],"relics":["testmod-TestBox","AT_ATBox","REME_ComplimentaryCards","testmod-NegativeEmotionEnhancer","testmod-BlackFramedGlasses","Pyrelight","PreservedInsect","testmod-RealStoneCalender","Funny","AT_MortalBlade","Vajra","Strawberry","MealTicket","Omamori","Mercury Hourglass","EasyGame_NEW","jedi:firstaidkit","Kunai","CeramicFish","jedi:purplefairy"],"acts_visited":["Exordium","TheCity","TheBeyond"],"potions_floor_usage":[33,47,50,50,50],"damage_taken":[{"damage":6.0,"enemies":"Jaw Worm","floor":1.0,"turns":3.0},{"damage":0.0,"enemies":"Cultist","floor":5.0,"turns":3.0},{"damage":16.0,"enemies":"3 Sentries","floor":7.0,"turns":4.0},{"damage":0.0,"enemies":"Small Slimes","floor":8.0,"turns":4.0},{"damage":4.0,"enemies":"Lagavulin","floor":11.0,"turns":5.0},{"damage":7.0,"enemies":"Red Slaver","floor":14.0,"turns":3.0},{"damage":24.0,"enemies":"Slime Boss","floor":16.0,"turns":5.0},{"damage":0.0,"enemies":"Spheric Guardian","floor":18.0,"turns":2.0},{"damage":0.0,"enemies":"2 Thieves","floor":20.0,"turns":1.0},{"damage":0.0,"enemies":"Sentry and Sphere","floor":22.0,"turns":3.0},{"damage":13.0,"enemies":"REME_1_Revenger","floor":27.0,"turns":3.0},{"damage":16.0,"enemies":"Book of Stabbing","floor":29.0,"turns":3.0},{"damage":0.0,"enemies":"Snecko","floor":30.0,"turns":4.0},{"damage":20.0,"enemies":"Centurion and Healer","floor":31.0,"turns":3.0},{"damage":0,"enemies":"Automaton","floor":33,"turns":6},{"damage":3,"enemies":"3 Shapes","floor":35,"turns":1},{"damage":20,"enemies":"2 Orb Walkers","floor":36,"turns":2},{"damage":0,"enemies":"3 Darklings","floor":38,"turns":1},{"damage":0,"enemies":"Sphere and 2 Shapes","floor":39,"turns":1},{"damage":10,"enemies":"Giant Head","floor":41,"turns":6},{"damage":0,"enemies":"Mind Bloom Boss Battle","floor":45,"turns":4},{"damage":11,"enemies":"Jaw Worm Horde","floor":46,"turns":4},{"damage":19,"enemies":"Spire Growth","floor":47,"turns":4},{"damage":3,"enemies":"4 Shapes","floor":48,"turns":1},{"damage":145,"enemies":"Awakened One","floor":50,"turns":8}],"seed_played":"-5412015090828324307","potions_obtained":[{"floor":7.0,"key":"REME_GoldPotion"},{"floor":8.0,"key":"GrandPatriotsElixir:ReiMu"},{"floor":16.0,"key":"jedi:StrikingPotion"},{"floor":27.0,"key":"ColorlessPotion"},{"floor":29.0,"key":"Fruit Juice"},{"floor":30.0,"key":"testmod-SpacePotion"},{"floor":38,"key":"PanachePotion"},{"floor":45,"key":"ColorlessPotion"},{"floor":47,"key":"REME_GoldPotion"},{"floor":48,"key":"jedi:StrikingPotion"}],"is_trial":false,"path_per_floor":["M","$","?","?","M","R","E","M","T","$","E","R","?","M","R","B",null,"M","?","M","$","M","R","?","R","T","E","$","E","M","M","R","B",null,"M","?","?","M","M","R","E","R","T","$","?","M","M","M","R","B",null],"character_chosen":"TD1MADAO_CLASS","items_purchased":["Fire Up","Here Defend Chip","testmod-RealStoneCalender","Here Defend Chip","Here Defend Chip","Vajra","Omamori","Fire Blade"],"campfire_rested":0,"item_purchase_floors":[2,2,10,10,21,21,28,44],"current_hp_per_floor":[68,68,68,61,66,66,58,65,65,65,68,68,53,51,51,35,77,78,78,79,79,80,80,80,80,87,77,88,81,87,73,73,84,97,95,81,81,89,94,94,96,96,96,102,103,104,93,96,101,30],"gold":280,"neow_bonus":"BOSS_RELIC","is_daily":false,"chose_seed":false,"campfire_upgraded":9,"win_rate":0.0,"timestamp":1611575122,"path_taken":["M","$","?","?","?","R","E","M","T","$","E","R","?","M","R","BOSS","M","?","?","$","M","R","?","R","T","E","?","E","M","M","R","BOSS","M","?","?","M","M","R","E","R","T","$","?","M","M","M","R","BOSS"],"items_purchased_type":["Card","Card","Relic","Card","Card","Relic","Relic","Card"],"build_version":"2020-12-22","purchased_purges":0,"victory":true,"max_hp_per_floor":[71,71,71,71,72,72,73,74,74,74,75,75,75,76,76,77,77,78,78,79,79,80,80,80,80,87,88,88,94,95,96,96,97,97,98,99,99,100,101,101,102,102,102,102,103,104,105,106,106,107],"card_choices":[{"not_picked":["Afterwards","Rupture"],"picked":"E MP","floor":1.0},{"not_picked":["Provocative","Preloading"],"picked":"Here Defend Chip","floor":5.0},{"not_picked":["Fixing","Resistance"],"picked":"Floating Swing Kick","floor":7.0},{"not_picked":["Rupture","Here Defend Chip"],"picked":"Perfect Defend","floor":8.0},{"not_picked":["Format All Data","Preloading"],"picked":"Optimization","floor":11.0},{"not_picked":["Three Hit","Preloading"],"picked":"Pod Fire","floor":14.0},{"not_picked":["Format All Data","Optimization"],"picked":"Chip Synthesis","floor":16.0},{"not_picked":["Resistance","Three Hit"],"picked":"Cooling Song","floor":18.0},{"not_picked":["Energy Supply","Three Hit"],"picked":"Winding Magic+1","floor":20.0},{"not_picked":["Floating Swing Kick","Sudden Beat"],"picked":"Black Shadow","floor":22.0},{"not_picked":["Reinforcement Parts","Floating Even"],"picked":"Load Balancing","floor":27.0},{"not_picked":["Cursed Blade","Weapon Shift"],"picked":"Awareness","floor":29.0},{"not_picked":["Lunge","Black Dance"],"picked":"Fire Blade","floor":30.0},{"not_picked":["Fire Up","Fixing+1"],"picked":"Machining+1","floor":31.0},{"not_picked":["Three Hit","Rupture+1"],"picked":"Fire Blade","floor":35},{"not_picked":["Resistance","Sudden Beat+1"],"picked":"De Ware Chip+1","floor":36},{"not_picked":["White Contract","Here Defend Chip+1"],"picked":"Oblique Hack+1","floor":38},{"not_picked":["Black Execution+1","Provocative+1"],"picked":"Black Spear+1","floor":39},{"not_picked":["Thunder Jump","Resistance"],"picked":"Fire Up+1","floor":41},{"not_picked":["Format All Data","Preloading"],"picked":"New Defend Magic","floor":45},{"not_picked":["Recovery Mechanism+1","Fixing"],"picked":"Lunge+1","floor":46},{"not_picked":["Afterwards+1","White Contract+1"],"picked":"Provocative","floor":47},{"not_picked":["Provocative+1","Twin Teeth"],"picked":"Judgment","floor":48}],"player_experience":344085,"relics_obtained":[{"floor":7.0,"key":"PreservedInsect"},{"floor":11.0,"key":"Funny"},{"floor":26.0,"key":"Strawberry"},{"floor":27.0,"key":"MealTicket"},{"floor":29.0,"key":"Mercury Hourglass"},{"floor":36,"key":"jedi:firstaidkit"},{"floor":41,"key":"Kunai"},{"floor":43,"key":"CeramicFish"},{"floor":45,"key":"jedi:purplefairy"}],"event_choices":[{"damage_healed":0.0,"max_hp_gain":0.0,"max_hp_loss":0.0,"gold_gain":0.0,"event_name":"Wheel of Change","player_choice":"Damaged","floor":4.0,"gold_loss":0.0,"damage_taken":7.0},{"damage_healed":0.0,"max_hp_gain":0.0,"max_hp_loss":0.0,"gold_gain":0.0,"event_name":"Shining Light","player_choice":"Entered Light","floor":13.0,"gold_loss":0.0,"damage_taken":15.0,"cards_upgraded":["Defend_C","Chip"]},{"cards_removed":["Defend_C"],"damage_healed":0.0,"max_hp_gain":0.0,"max_hp_loss":0.0,"gold_gain":0.0,"event_name":"Purifier","player_choice":"Purged","floor":19.0,"gold_loss":0.0,"damage_taken":0.0},{"damage_healed":0.0,"max_hp_gain":0.0,"max_hp_loss":0.0,"gold_gain":0.0,"event_name":"给自己的盒子","player_choice":"Swap Relic","floor":24.0,"relics_lost":["Baka"],"gold_loss":0.0,"damage_taken":0.0,"relics_obtained":["Baka"]},{"damage_healed":0,"gold_gain":0,"player_choice":"Fight","damage_taken":0,"max_hp_gain":0,"max_hp_loss":0,"event_name":"Mysterious Sphere","floor":36,"gold_loss":0},{"cards_removed":["Defend_C"],"damage_healed":0,"gold_gain":0,"player_choice":"Removed Skill","damage_taken":0,"max_hp_gain":0,"max_hp_loss":0,"event_name":"Falling","floor":37,"gold_loss":0},{"damage_healed":0,"gold_gain":0,"player_choice":"Fight","damage_taken":0,"max_hp_gain":0,"max_hp_loss":0,"event_name":"MindBloom","floor":45,"gold_loss":0}],"is_beta":false,"boss_relics":[{"not_picked":["Calling Bell","testmod-KeyOfTheVoid"],"picked":"AT_MortalBlade"},{"not_picked":["testmod-SaigiyounoYou","jedi:battlestandard"],"picked":"EasyGame_NEW"}],"items_purged_floors":[],"is_endless":false,"potions_floor_spawned":[7,8,16,27,29,30,38,45,47,48],"ascension_level":0}}