{"host":"jumrmhf584hajrnz","time":1611596593,"event":{"mods":["BaseMod","Duelist Mod","GifTheSpireLib","Minty Spire (QoL Compilation)","Quick Restart","Replay The Spire","StSLib"],"gold_per_floor":[145,221,496,515,527,527,555,568,594,594,594],"floor_reached":10,"language":"ENG","playtime":335,"items_purged":[],"score":136,"play_id":"ae21b278-ccbb-4743-a79a-fd182e8bd697","local_time":"20210125184313","is_ascension_mode":true,"campfire_choices":[{"floor":6,"key":"RECALL"}],"circlet_count":0,"master_deck":["AscendersBane","theDuelist:CastleWalls","theDuelist:CastleWalls","theDuelist:Fissure","theDuelist:FluteKuriboh","theDuelist:FluteKuriboh","theDuelist:Relinkuriboh","theDuelist:Sparks","theDuelist:Sparks","theDuelist:WingedKuriboh","theDuelist:WingedKuriboh","theDuelist:Scapegoat","Regret","theDuelist:JunkKuriboh","theDuelist:Scapegoat","theDuelist:Wingedtortoise","theDuelist:PotGreed"],"relics":["theDuelist:MillenniumPuzzle","theDuelist:CardPoolRelic","theDuelist:CardPoolBasicRelic","theDuelist:BoosterPackPoolRelic","theDuelist:CardPoolAddRelic","theDuelist:CardPoolMinusRelic","theDuelist:CardPoolSaveRelic","theDuelist:CardPoolOptionsRelic","NeowsBlessing","Gremlin Food"],"acts_visited":[],"potions_floor_usage":[10],"damage_taken":[{"damage":0,"enemies":"Small Slimes","floor":1,"turns":1},{"damage":0,"enemies":"2 Louse","floor":4,"turns":1},{"damage":0,"enemies":"Cultist","floor":5,"turns":1},{"damage":50,"enemies":"Gremlin Nob","floor":7,"turns":5},{"damage":6,"enemies":"Blue Slaver","floor":8,"turns":6},{"damage":7,"enemies":"3 Sentries","floor":10,"turns":3}],"seed_played":"2770173737655091363","potions_obtained":[{"floor":1,"key":"Block Potion"},{"floor":8,"key":"theDuelist:LavaBottle"}],"is_trial":false,"path_per_floor":["M","?","?","M","M","R","E","M","T","E"],"character_chosen":"THE_DUELIST","items_purchased":[],"campfire_rested":0,"item_purchase_floors":[],"current_hp_per_floor":[63,63,63,63,63,63,13,7,7,0,0],"gold":594,"neow_bonus":"THREE_ENEMY_KILL","is_daily":false,"chose_seed":false,"campfire_upgraded":0,"win_rate":0.0,"timestamp":1611596593,"path_taken":["M","?","?","M","?","R","E","M","T","E"],"items_purchased_type":[],"build_version":"2020-12-22","purchased_purges":0,"victory":false,"max_hp_per_floor":[70,70,70,70,70,70,70,70,70,70,70],"card_choices":[{"not_picked":["theDuelist:SmashingGround","theDuelist:LostBlueBreaker","theDuelist:BeastFangs","theDuelist:AmuletAmbition"],"picked":"theDuelist:Scapegoat","floor":1},{"not_picked":["theDuelist:Relinkuriboh","theDuelist:GeminiElf","theDuelist:DarkFusion","theDuelist:FlameTiger"],"picked":"theDuelist:JunkKuriboh","floor":4},{"not_picked":["theDuelist:SmashingGround","theDuelist:LostBlueBreaker","theDuelist:WingedKuribohLv10","theDuelist:MultiplicationOfAnts"],"picked":"theDuelist:Scapegoat","floor":5},{"not_picked":["theDuelist:LegendaryFlameLord","theDuelist:Kuriboh","theDuelist:GoblinSecret","theDuelist:CosmoBrain"],"picked":"theDuelist:Wingedtortoise","floor":7},{"not_picked":["theDuelist:Sangan","theDuelist:DarkMirrorForce","theDuelist:CastleDarkIllusions","theDuelist:ShardGreed"],"picked":"theDuelist:PotGreed","floor":8}],"player_experience":1527196,"relics_obtained":[{"floor":7,"key":"Gremlin Food"}],"event_choices":[{"damage_healed":0,"gold_gain":76,"player_choice":"Gained Gold","damage_taken":0,"max_hp_gain":0,"max_hp_loss":0,"event_name":"Golden Wing","floor":2,"gold_loss":0},{"damage_healed":0,"gold_gain":275,"player_choice":"Desecrate","damage_taken":0,"max_hp_gain":0,"max_hp_loss":0,"event_name":"Golden Shrine","floor":3,"gold_loss":0,"cards_obtained":["Regret"]}],"is_beta":false,"boss_relics":[],"items_purged_floors":[],"is_endless":false,"potions_floor_spawned":[1,8],"killed_by":"3 Sentries","ascension_level":20}}