{"host":"zx8rmvlb08usbkpl","time":1611547094,"event":{"mods":["BaseMod","BetterRewards","Colored Powertips","Dota2Spire","Downfall","GifTheSpireLib","Marisa????????","Minty Spire (QoL Compilation)","Quick Restart","StSLib","Stuff the Spire","The Bug Knight","The Senshi"],"gold_per_floor":[14,14,14,32,48,75,75,95,121,137,212,212,244,258,258,358,358,372,287,386,192,206,232,232,245,271,271,171,171,218,218,218,347,347,365,166,272,282,186,186,228,228,228,246,246,326,326,372,372,402],"floor_reached":51,"language":"ENG","playtime":1961,"items_purged":["Strike_R","Strike_R","Strike_R"],"score":752,"play_id":"11a2004c-27a8-4f4c-aab4-5930536d4152","local_time":"20210124225814","is_ascension_mode":false,"campfire_choices":[{"data":"Infernal Blade","floor":7,"key":"SMITH"},{"floor":15,"key":"REST"},{"floor":24,"key":"REST"},{"data":"StuffTheSpire:Innocence","floor":27,"key":"SMITH"},{"data":"Spot Weakness","floor":29,"key":"SMITH"},{"floor":32,"key":"REST"},{"data":"Dark Embrace","floor":40,"key":"SMITH"},{"floor":47,"key":"REST"},{"data":"StuffTheSpire:BrainWave","floor":49,"key":"SMITH"}],"circlet_count":0,"master_deck":["Strike_R","Strike_R","Defend_R","Defend_R","Defend_R","Defend_R","Bash","Hemokinesis","True Grit","Infernal Blade+1","Anger","StuffTheSpire:RockThrow","StuffTheSpire:Slingshot","StuffTheSpire:Innocence+1","Pummel+1","Fiend Fire+1","Feed+1","Burning Pact","True Grit","Dark Embrace+1","Rupture+1","Spot Weakness+1","Rage+1","Pummel+1","StuffTheSpire:CopiaOfFamine","Berserk","Armaments+1","Rupture","Pommel Strike+1","Finesse","StuffTheSpire:Slingshot+1","StuffTheSpire:BrainWave+1","Dropkick+1","Dual Wield+1","Body Slam+1"],"relics":["Burning Blood","Dota2Spire:MagicBottle","Boot","Dota2Spire:EchoSabre","Molten Egg 2","Dota2Spire:RefresherOrb","Magic Flower","Dota2Spire:BladeMail","Dota2Spire:HandOfMidas","Mark of Pain","CatCart","Eternal Feather"],"acts_visited":["Exordium","TheCity","TheBeyond"],"potions_floor_usage":[6,6,6,16,35,35,37,50,50],"damage_taken":[{"damage":5,"enemies":"Small Slimes","floor":1,"turns":4},{"damage":3,"enemies":"2 Louse","floor":4,"turns":2},{"damage":5,"enemies":"Jaw Worm","floor":5,"turns":4},{"damage":25,"enemies":"3 Sentries","floor":6,"turns":5},{"damage":8,"enemies":"Large Slime","floor":8,"turns":4},{"damage":10,"enemies":"Looter","floor":10,"turns":2},{"damage":27,"enemies":"Lagavulin","floor":13,"turns":5},{"damage":6,"enemies":"Lots of Slimes","floor":14,"turns":3},{"damage":42,"enemies":"The Guardian","floor":16,"turns":7},{"damage":12,"enemies":"Chosen","floor":18,"turns":2},{"damage":13,"enemies":"2 Thieves","floor":22,"turns":3},{"damage":62,"enemies":"Slavers","floor":23,"turns":5},{"damage":23,"enemies":"Snake Plant","floor":25,"turns":2},{"damage":30,"enemies":"Sentry and Sphere","floor":30,"turns":5},{"damage":10,"enemies":"Champ","floor":33,"turns":4},{"damage":23,"enemies":"3 Darklings","floor":35,"turns":3},{"damage":39,"enemies":"Orin","floor":37,"turns":7},{"damage":10,"enemies":"Orb Walker","floor":38,"turns":4},{"damage":38,"enemies":"Transient","floor":41,"turns":5},{"damage":9,"enemies":"4 Shapes","floor":44,"turns":4},{"damage":29,"enemies":"3 Darklings","floor":46,"turns":8},{"damage":26,"enemies":"Maw","floor":48,"turns":5},{"damage":76,"enemies":"Donu and Deca","floor":50,"turns":8}],"seed_played":"-6456126820862769055","potions_obtained":[{"floor":1,"key":"champ:CounterPotion"},{"floor":4,"key":"Slimebound:ThreeZeroPotion"},{"floor":5,"key":"Energy Potion"},{"floor":8,"key":"DuplicationPotion"},{"floor":23,"key":"DistilledChaos"},{"floor":33,"key":"Explosive Potion"},{"floor":35,"key":"Ancient Potion"},{"floor":41,"key":"LiquidBronze"},{"floor":44,"key":"FearPotion"}],"is_trial":false,"path_per_floor":["M","$","?","M","M","E","R","M","T","M","?","?","E","M","R","B",null,"M","?","?","$","M","E","R","M","T","R","$","R","M","?","R","B",null,"M","$","?","M","$","R","M","?","T","M","?","M","R","M","R","B",null],"character_chosen":"IRONCLAD","items_purchased":["True Grit","Dark Embrace","Rupture","Finesse"],"campfire_rested":4,"item_purchase_floors":[21,21,36,39],"current_hp_per_floor":[96,96,71,74,75,56,56,63,63,59,48,41,20,20,48,12,96,94,94,94,94,96,43,74,65,65,65,65,65,54,34,65,79,104,95,95,65,64,64,64,50,50,50,56,56,36,83,66,87,20],"gold":402,"neow_bonus":"TWENTY_PERCENT_HP_BONUS","is_daily":false,"chose_seed":false,"campfire_upgraded":5,"win_rate":0.0,"timestamp":1611547094,"path_taken":["M","$","?","M","M","E","R","M","T","M","?","?","E","M","R","BOSS","M","?","?","$","M","E","R","M","T","R","$","R","M","?","R","BOSS","M","$","?","M","$","R","M","?","T","M","?","M","R","?","R","BOSS"],"items_purchased_type":["Card","Card","Card","Card"],"build_version":"2020-12-22","purchased_purges":3,"victory":true,"max_hp_per_floor":[96,96,96,96,96,96,96,96,96,96,96,96,96,96,96,96,96,100,100,100,100,104,104,104,104,104,104,104,104,104,104,104,104,104,104,104,104,104,104,104,104,94,94,98,98,98,98,98,98,98],"card_choices":[{"not_picked":["Dual Wield","Reckless Charge"],"picked":"Hemokinesis","floor":1},{"not_picked":["Armaments","Anger"],"picked":"True Grit","floor":4},{"not_picked":["Searing Blow","Pommel Strike"],"picked":"Infernal Blade","floor":5},{"not_picked":["Combust","Uppercut"],"picked":"Anger","floor":6},{"not_picked":["Anger","Combust"],"picked":"StuffTheSpire:RockThrow","floor":8},{"not_picked":["Iron Wave","Anger"],"picked":"StuffTheSpire:Slingshot","floor":10},{"not_picked":["Perfected Strike+1","Clash+1"],"picked":"Pummel+1","floor":13},{"not_picked":["StuffTheSpire:RockThrow+1","StuffTheSpire:Resist"],"picked":"Fiend Fire+1","floor":14},{"not_picked":["Immolate+1","Barricade"],"picked":"Feed+1","floor":16},{"not_picked":["Pummel+1","Second Wind"],"picked":"Burning Pact","floor":18},{"not_picked":["Havoc","Anger+1"],"picked":"Rupture+1","floor":22},{"not_picked":["Entrench","Thunderclap+1"],"picked":"Spot Weakness","floor":23},{"not_picked":["StuffTheSpire:RagingBull+1","Cleave+1"],"picked":"Rage+1","floor":25},{"not_picked":["Twin Strike+1","Perfected Strike+1"],"picked":"Pummel+1","floor":30},{"not_picked":["Bludgeon+1","StuffTheSpire:TitanForm"],"picked":"Berserk","floor":33},{"not_picked":["Shockwave+1","Burning Pact"],"picked":"Armaments+1","floor":35},{"not_picked":["Anger+1","Clash+1"],"picked":"Pommel Strike+1","floor":37},{"not_picked":["StuffTheSpire:Resist+1","Sword Boomerang+1","Headbutt+1"],"picked":"SKIP","floor":38},{"not_picked":["Sentinel","True Grit+1"],"picked":"StuffTheSpire:Slingshot+1","floor":41},{"not_picked":["Disarm+1","Perfected Strike+1"],"picked":"Dropkick+1","floor":44},{"not_picked":["Dropkick+1","Warcry"],"picked":"Dual Wield+1","floor":46},{"not_picked":["Havoc+1","Uppercut+1"],"picked":"Body Slam+1","floor":48}],"player_experience":973436,"relics_obtained":[{"floor":6,"key":"Boot"},{"floor":9,"key":"Dota2Spire:EchoSabre"},{"floor":13,"key":"Molten Egg 2"},{"floor":23,"key":"Dota2Spire:BladeMail"},{"floor":26,"key":"Dota2Spire:HandOfMidas"},{"floor":37,"key":"CatCart"},{"floor":43,"key":"Eternal Feather"}],"event_choices":[{"damage_healed":0,"gold_gain":0,"player_choice":"Success","damage_taken":25,"relics_obtained":["Dota2Spire:MagicBottle"],"max_hp_gain":0,"max_hp_loss":0,"event_name":"Scrap Ooze","floor":3,"gold_loss":0},{"damage_healed":0,"gold_gain":75,"player_choice":"Gather Gold","damage_taken":11,"max_hp_gain":0,"max_hp_loss":0,"event_name":"World of Goop","floor":11,"gold_loss":0},{"damage_healed":0,"gold_gain":0,"player_choice":"Obtained Relic","damage_taken":0,"relics_obtained":["Magic Flower"],"max_hp_gain":0,"max_hp_loss":0,"event_name":"Addict","floor":19,"gold_loss":85},{"damage_healed":0,"gold_gain":99,"player_choice":"Stole From Cult","damage_taken":0,"max_hp_gain":0,"max_hp_loss":0,"event_name":"Nest","floor":20,"gold_loss":0},{"damage_healed":0,"gold_gain":0,"player_choice":"Fight","damage_taken":0,"max_hp_gain":0,"max_hp_loss":0,"event_name":"OrinTheCat","floor":37,"gold_loss":0},{"damage_healed":0,"gold_gain":0,"player_choice":"Ignored","damage_taken":0,"max_hp_gain":0,"max_hp_loss":0,"event_name":"SecretPortal","floor":45,"gold_loss":0}],"is_beta":false,"boss_relics":[{"not_picked":["Sozu","SacredBark"],"picked":"Dota2Spire:RefresherOrb"},{"not_picked":["StuffTheSpire:ModemDavis","Astrolabe"],"picked":"Mark of Pain"}],"items_purged_floors":[21,28,36],"is_endless":false,"potions_floor_spawned":[1,4,5,8,23,33,35,41,44],"ascension_level":0}}