{"host":"1qxljlv0g0hslid3","time":1611549427,"event":{"mods":["2.2 Compatiblity","AchievementEnabler","Act Like it!","Astrologer","BaseMod","Beaked The Cultist","BetterRewards","Clawfect","Conspire","Custom Start","Dio Mod","Elementarium","Energized Spire","GungeonMod","Hallownest","Hermit","Hero for Fun","Hubris","Infinite Spire","Lobotomy","LobotomyExtend","Magitek Elite","Marisa????????","Minty Spire (QoL Compilation)","Prisma Mod","Remilia??????","Replay The Spire","Shop Mod","StSLib","The Administrix","The Alterego","The Animator","The Bug Knight","The Cursed","The Death Knight","The Elementalist","The Hierophant","The Jungle","The Necromancer","The Runesmith","The Senshi","The Servant 0.9.4","Wandering Minibosses","everything is the same but u backflip on backflip","slay the spire mod where everything is the same but ironclad has a cowboy hat"],"gold_per_floor":[117,117,117,127,143,178,197,197,197,213,213,230,261,277,277,379,379,390,404,415,415,427,427,438,438,511,511,511,526,537,537,537,633,633,649,649,649,581,539,566,580,580,580,394,425,425,425,440,440,396],"floor_reached":51,"language":"ENG","playtime":7079,"items_purged":["CherryBlossoms","Strike_W"],"score":1498,"play_id":"5098b00d-7883-4861-94b4-23fa218e6d4c","local_time":"20210124223707","is_ascension_mode":false,"campfire_choices":[{"data":"Bone_Armory","floor":8.0,"key":"SMITH"},{"data":"Summon_Lich","floor":15.0,"key":"SMITH"},{"data":"Summon_Death_Knight","floor":23,"key":"SMITH"},{"data":"hubris:Fate","floor":25,"key":"SMITH"},{"data":"infinitespire:SevenWalls","floor":28,"key":"SMITH"},{"data":"Uncharnel","floor":32,"key":"SMITH"},{"floor":47,"key":"RECALL"}],"circlet_count":0,"master_deck":["Strike_W","Strike_W","Strike_W","Defend_W","Defend_W","Defend_W","Defend_W","Negative_Energy_Arrows","Bone_Wall","MeatLantern","Shade_Step+1","infinitespire:Starlight","Wellcheers","Bones_to_Steel","Bone_Bullets","OldLady","Bone_Armory+1","Uncharnel","Summon_Lich+1","Summon_Death_Knight+1","AbeCurse","hubris:Fate+1","infinitespire:SevenWalls+1","Toxic_Smoke_Screen","ReplayTheSpireMod:Doomed","LaLuna","Uncharnel+1","Freischutz","Summon_Undead","Summon_Lich","Bone_Armor+1","Summon_Undead_Army","hubris:Compulsion","Summon_Undead_Army+1","Skeleton_Dragon","ReplayTheSpireMod:Echoes of Time","Summon_Lich+1"],"relics":["Vampire_Amulet","CogitoBucket","LetterFromLob","DemoMod:OrangeGuonStone","AspirationHeart","conspire:Flyswatter","Cursed Key","Theresia","Abe\u0027s Treasure","Question Card","DemoMod:MeltedRock","Elementarium:FlickeringLantern","AtMidnight","SkinProphecy","Elementarium:ElementariumTrophy","Sozu","Orichalcum","hubris:Towel","Prayer Wheel","Guard_Bracelet","Calipers"],"acts_visited":["Exordium","Elementarium:Elementarium","TheBeyond"],"potions_floor_usage":[22,29,33,40],"damage_taken":[{"damage":1.0,"enemies":"Jaw Worm","floor":1.0,"turns":5.0},{"damage":2.0,"enemies":"Small Slimes","floor":4.0,"turns":6.0},{"damage":1.0,"enemies":"2 Louse","floor":5.0,"turns":3.0},{"damage":11.0,"enemies":"Lagavulin","floor":6.0,"turns":5.0},{"damage":1.0,"enemies":"Large Slime","floor":7.0,"turns":7.0},{"damage":17.0,"enemies":"Blue Slaver","floor":10.0,"turns":7.0},{"damage":3.0,"enemies":"3 Louse","floor":12.0,"turns":4.0},{"damage":10.0,"enemies":"3 Sentries","floor":13.0,"turns":9.0},{"damage":45.0,"enemies":"Looter","floor":14.0,"turns":3.0},{"damage":21.0,"enemies":"The Guardian","floor":16.0,"turns":13.0},{"damage":2.0,"enemies":"Elementarium:2_ELEMENTALS","floor":18.0,"turns":6.0},{"damage":55.0,"enemies":"Elementarium:VoidCorruption","floor":19.0,"turns":5.0},{"damage":4.0,"enemies":"Elementarium:CYCLONE_AND_LIVING_STORMCLOUD","floor":20.0,"turns":7.0},{"damage":66,"enemies":"Elementarium:Hydrostalker","floor":22,"turns":5},{"damage":0,"enemies":"Elementarium:VOID_CORRUPTION_AND_ORB_OF_FIRE","floor":24,"turns":6},{"damage":0,"enemies":"Elementarium:3_ELEMENTALS","floor":29,"turns":5},{"damage":10,"enemies":"Elementarium:VoidBeast","floor":30,"turns":4},{"damage":12,"enemies":"Elementarium:PHOENIXES","floor":33,"turns":10},{"damage":2,"enemies":"Orb Walker","floor":35,"turns":2},{"damage":0,"enemies":"3 Shapes","floor":39,"turns":4},{"damage":0,"enemies":"beaked:SuperParasite","floor":40,"turns":9},{"damage":0,"enemies":"Maw","floor":41,"turns":2},{"damage":0,"enemies":"Writhing Mass","floor":44,"turns":5},{"damage":8,"enemies":"Nightmare","floor":45,"turns":7},{"damage":0,"enemies":"Transient","floor":48,"turns":5},{"damage":54,"enemies":"Replay:Hell Engine","floor":50,"turns":14},{"damage":22,"enemies":"Malkuth","floor":51,"turns":6}],"seed_played":"-1370996619309920417","potions_obtained":[{"floor":4.0,"key":"PowerPotion"},{"floor":13.0,"key":"DeathKnight:RimePotion"},{"floor":14.0,"key":"DeathKnight:BottledBloodEchoes"},{"floor":16.0,"key":"Adrenaline Potion"},{"floor":18.0,"key":"ColorlessPotion"},{"floor":20.0,"key":"DemoMod:LeadSkinPotion"},{"floor":24,"key":"Adrenaline Potion"},{"floor":29,"key":"LiquidBronze"},{"floor":30,"key":"SteroidPotion"},{"floor":31,"key":"Flashbang"}],"is_trial":false,"path_per_floor":["M","?","?","M","M","E","M","R","T","M","?","M","E","M","R","B",null,"M","M","M","AVR","M","R","M","R","T","?","R","M","M","?","R","B",null,"M","?","?","$","M","E","M","?","T","M","NM","AVR","R","M","R","B",null],"character_chosen":"NECROMANCER","items_purchased":["Summon_Lich"],"campfire_rested":0,"item_purchase_floors":[38],"current_hp_per_floor":[75,75,57,69,75,75,75,75,75,85,85,85,85,42,42,36,85,85,55,65,65,37,37,51,51,51,51,51,78,66,66,66,57,89,85,85,89,89,93,95,48,48,48,50,43,43,43,54,54,46],"gold":396,"neow_bonus":"","is_daily":false,"chose_seed":false,"campfire_upgraded":6,"win_rate":0.0,"timestamp":1611549427,"path_taken":["M","?","?","M","M","E","M","R","T","M","?","M","E","M","R","BOSS","M","M","M","AVR","M","R","M","R","T","?","R","M","M","?","R","BOSS","M","?","?","$","M","E","M","?","T","M","NM","AVR","R","M","R","BOSS"],"items_purchased_type":["Card"],"build_version":"2020-12-22","purchased_purges":2,"victory":true,"max_hp_per_floor":[75,75,75,75,75,75,75,75,75,85,85,85,85,85,85,85,85,85,85,85,85,85,85,85,85,85,85,85,85,87,87,87,89,89,91,91,91,91,93,95,48,48,48,50,52,52,52,54,54,58],"card_choices":[{"not_picked":["HappyTeddy","SpiderBud","BeautyBeast"],"picked":"Singing Bowl","floor":1.0},{"not_picked":["Murderer","OldLady"],"picked":"MeatLantern","floor":1.0},{"not_picked":["Spectral_Walk","Blood_Whip"],"picked":"Shade_Step","floor":1.0},{"not_picked":["infinitespire:Execution","hubris:Rewind"],"picked":"infinitespire:Starlight","floor":3.0},{"not_picked":["MHz","WallGazer"],"picked":"Wellcheers","floor":4.0},{"not_picked":["Corrupt","Negative_Energy_Javelin"],"picked":"Bones_to_Steel","floor":4.0},{"not_picked":["Rudolta","Freischutz","SpiderBud"],"picked":"Singing Bowl","floor":5.0},{"not_picked":["Bone_Spikes","Strike_from_Beyond"],"picked":"Bone_Bullets","floor":5.0},{"not_picked":["Funeral","ShyLook"],"picked":"OldLady","floor":6.0},{"not_picked":["Negative_Energy_Mist","Spectral_Walk"],"picked":"Bone_Armory","floor":6.0},{"not_picked":["Slay_Living","Shackles_Of_Pain","Bones_to_Steel"],"picked":"SKIP","floor":7.0},{"not_picked":["Blood_Curse","Spectral_Walk","Blood_Shield"],"picked":"SKIP","floor":10.0},{"not_picked":["Death_Coil","Finger_Of_Death"],"picked":"Uncharnel","floor":12.0},{"not_picked":["Rudolta","FairyFestival","ShyLook"],"picked":"Singing Bowl","floor":13.0},{"not_picked":["Death_March_Dance","Shackles_Of_Pain","Strike_from_Beyond"],"picked":"SKIP","floor":13.0},{"not_picked":["Bloodbath","WallGazer","BigBird"],"picked":"Singing Bowl","floor":14.0},{"not_picked":["Bone_Spikes","Necrotic_Claws"],"picked":"Summon_Lich","floor":14.0},{"not_picked":["Reap_The_Weak","Summon_Vampire_Lady"],"picked":"Summon_Death_Knight","floor":16.0},{"not_picked":["Bones_to_Steel","Blood_Whip","Death_Coil"],"picked":"SKIP","floor":18.0},{"not_picked":["Death_Knell","Negative_Energy_Sphere","Whirlwind_of_Bones+1"],"picked":"SKIP","floor":19.0},{"not_picked":["MHz","ShyLook"],"picked":"CherryBlossoms","floor":20.0},{"not_picked":["Acid_Javelin+1","Bones_to_Steel","Plague_Bolt"],"picked":"SKIP","floor":20.0},{"not_picked":["Hellfire","Negative_Energy_Shield","Death_Coil+1"],"picked":"Toxic_Smoke_Screen","floor":22},{"not_picked":["Negative_Energy_Javelin","Violent_Necrosis","Scare","Bones_to_Steel"],"picked":"SKIP","floor":24},{"not_picked":["PunishingBird","Rudolta","UniverseFragment"],"picked":"Singing Bowl","floor":29},{"not_picked":["Yin","Scorched"],"picked":"LaLuna","floor":29},{"not_picked":["Negative_Energy_Mist","Bone_Armor","Negative_Energy_Sphere+1"],"picked":"Uncharnel","floor":29},{"not_picked":["Blood_Is_Power","Negative_Energy_Burst","Scare+1","Siphon_Strength"],"picked":"SKIP","floor":30},{"not_picked":["MHz","ShyLook"],"picked":"Freischutz","floor":33},{"not_picked":["QueenBee","Alriune","HeroicMonk"],"picked":"Singing Bowl","floor":35},{"not_picked":["Plague_Bolt+1","Blood_Is_Power","Shackles_Of_Pain","Death_March_Dance+1"],"picked":"SKIP","floor":35},{"not_picked":["FairyFestival","SpiderBud","BlackSwan"],"picked":"Singing Bowl","floor":39},{"not_picked":["Epidemic","Shade_Step+1","Siphon_Strength+1"],"picked":"Bone_Armor+1","floor":39},{"not_picked":["Death_March_Dance+1","Consume_Illness+1","Blood_Curse"],"picked":"Summon_Undead_Army","floor":40},{"not_picked":["Toxic_Smoke_Screen","Death_March_Dance+1","Death_Coil+1","Negative_Energy_Burst+1"],"picked":"SKIP","floor":41},{"not_picked":["Bones_to_Steel+1","Blood_Is_Power+1","Bone_Armor"],"picked":"Summon_Undead_Army+1","floor":44},{"not_picked":["Summon_Undead","Finger_Of_Death+1","Toxic_Smoke_Screen+1"],"picked":"Skeleton_Dragon","floor":44},{"not_picked":["Bone_Prison","Thousand_Bone_Knives+1","Scare+1","Necromantic_Selection+1"],"picked":"SKIP","floor":45},{"not_picked":["NakedNest","GreedKing"],"picked":"DespairKnight","floor":48},{"not_picked":["Corrupt","Negative_Energy_Sphere+1","Bone_Armory+1"],"picked":"Summon_Lich+1","floor":48},{"not_picked":["Thousand_Bone_Knives+1","Toxic_Smoke_Screen","Epidemic+1","Death_March_Dance"],"picked":"SKIP","floor":48}],"player_experience":585579,"relics_obtained":[{"floor":1.0,"key":"LetterFromLob"},{"floor":6.0,"key":"DemoMod:OrangeGuonStone"},{"floor":13.0,"key":"conspire:Flyswatter"},{"floor":26,"key":"DemoMod:MeltedRock"},{"floor":29,"key":"AtMidnight"},{"floor":40,"key":"Orichalcum"},{"floor":43,"key":"Prayer Wheel"},{"floor":45,"key":"Guard_Bracelet"}],"event_choices":[{"damage_healed":0.0,"max_hp_gain":0.0,"max_hp_loss":0.0,"gold_gain":0.0,"event_name":"The Cleric","player_choice":"Leave","floor":2.0,"gold_loss":0.0,"damage_taken":0.0},{"damage_healed":0.0,"max_hp_gain":0.0,"max_hp_loss":0.0,"gold_gain":0.0,"event_name":"conspire:LoneGhost","player_choice":"Disagree","floor":11.0,"gold_loss":0.0,"damage_taken":0.0},{"damage_healed":0,"gold_gain":0,"player_choice":"Take","damage_taken":0,"relics_obtained":["Elementarium:FlickeringLantern"],"max_hp_gain":0,"max_hp_loss":0,"event_name":"Elementarium:HeartOfTheVoid","floor":27,"gold_loss":0},{"damage_healed":0,"gold_gain":0,"player_choice":"Tanks","damage_taken":0,"max_hp_gain":0,"max_hp_loss":0,"event_name":"Elementarium:IncubationChamber","floor":31,"gold_loss":0}],"is_beta":false,"boss_relics":[{"not_picked":["conspire:SpecialSausage","hubris:ScarierMask"],"picked":"Cursed Key"},{"not_picked":["Astrolabe","hubris:VirtuousBlindfold"],"picked":"Sozu"}],"items_purged_floors":[21,46],"is_endless":false,"potions_floor_spawned":[4,13,14,16,18,20,24,29,30,39,45],"ascension_level":0}}