{"host":"8d3fefv2347kqkpz","time":1611548389,"event":{"mods":["AchievementEnabler","Act Like it!","Aspiration","BaseMod","Better Vampires","Colored Map","Colored Powertips","Conspire","GifTheSpireLib","Hermit","Highlight Path","Hubris","Marisa£®ÏF”Í°°ƒß¿Ì…≥£©","Mimic Mod","Minty Spire (QoL Compilation)","Quick Restart","Rare Cards Sparkle","Reimu£®≤©¿ˆ¡È√Œ£©","Relic Stats","Remilia£®¿Ÿ√◊¿Ú—«£©","Replay The Spire","Spicy Shops","StSLib","The Cursed","The Jungle","The Servant 0.9.4","Waifu the Spire","Youmu£®ªÍ∆«—˝√Œ£©"],"gold_per_floor":[117,130,130,205,216,216,236,261,285,299,314,329,329,344,344,442,442,456,83,103,117,27,27,46,46,77,96,114,150,150,190,190,195,195],"floor_reached":33,"language":"ZHS","playtime":1425,"items_purged":["hermit:Defend_Hermit"],"score":293,"play_id":"60671c2f-473e-456d-ae59-7d01878a1e64","local_time":"20210125121949","is_ascension_mode":false,"campfire_choices":[{"data":"hermit:HighCaliber","floor":6,"key":"SMITH"},{"floor":15,"key":"REST"},{"floor":23,"key":"REST"},{"data":"hermit:Showdown","floor":25,"key":"SMITH"},{"floor":32,"key":"REST"}],"circlet_count":0,"master_deck":["hermit:Strike_Hermit+1","hermit:Strike_Hermit+1","hermit:Strike_Hermit+1","hermit:Strike_Hermit+1","hermit:Defend_Hermit+1","hermit:Defend_Hermit+1","hermit:Defend_Hermit+1","hermit:Snapshot","hermit:ItchyTrigger","hermit:HighCaliber+1","hermit:Showdown+1","hermit:HighCaliber","hermit:Enervate","hermit:Shortfuse","hermit:Shortfuse","hermit:Horror+1","hermit:Scavenge","hermit:FullyLoaded"],"relics":["conspire:RunicOctahedron","CrazyTorch:ReiMu","Smiling Mask","hubris:Icosahedron","War Paint","ReplayTheSpireMod:TigerMarble","aspiration:SeaSaltIceCream","Mango","Nunchaku","hubris:SphereOfDissonance"],"acts_visited":["Exordium","TheCity"],"potions_floor_usage":[],"damage_taken":[{"damage":0,"enemies":"2 Louse","floor":1,"turns":3},{"damage":0,"enemies":"Small Slimes","floor":2,"turns":3},{"damage":5,"enemies":"Cultist","floor":5,"turns":4},{"damage":7,"enemies":"Blue Slaver","floor":7,"turns":3},{"damage":16,"enemies":"Replay:BlueRogue","floor":8,"turns":5},{"damage":2,"enemies":"2 Fungi Beasts","floor":10,"turns":2},{"damage":3,"enemies":"Lots of Slimes","floor":11,"turns":3},{"damage":6,"enemies":"3 Louse","floor":12,"turns":2},{"damage":11,"enemies":"Exordium Wildlife","floor":14,"turns":2},{"damage":34,"enemies":"Fading Forest","floor":16,"turns":11},{"damage":15,"enemies":"2 Thieves","floor":18,"turns":3},{"damage":14,"enemies":"Shell Parasite","floor":20,"turns":3},{"damage":10,"enemies":"Chosen and Byrds","floor":21,"turns":3},{"damage":0,"enemies":"Sentry and Sphere","floor":24,"turns":3},{"damage":0,"enemies":"Snake Plant","floor":26,"turns":3},{"damage":10,"enemies":"Snake Plant","floor":27,"turns":3},{"damage":0,"enemies":"3 Cultists","floor":28,"turns":4},{"damage":19,"enemies":"conspire:Head Lice","floor":29,"turns":6},{"damage":32,"enemies":"Book of Stabbing","floor":31,"turns":4},{"damage":41,"enemies":"conspire:MysteriousRune","floor":33,"turns":7}],"seed_played":"-1331076843630425348","potions_obtained":[{"floor":1,"key":"LifebloodPotion"},{"floor":8,"key":"Doom Potion"},{"floor":11,"key":"Elixir"}],"is_trial":false,"path_per_floor":["M","M","?","?","M","R","M","E","T","M","M","M","?","M","R","B",null,"M","$","M","M","?","R","M","R","MIM","M","M","E","?","E","R","B"],"character_chosen":"HERMIT","items_purchased":["hermit:Horror+1","War Paint","ReplayTheSpireMod:TigerMarble"],"campfire_rested":3,"item_purchase_floors":[19,19,19],"current_hp_per_floor":[75,75,75,68,63,63,56,40,40,38,35,29,29,18,40,16,75,60,60,46,36,36,58,58,58,72,62,62,43,43,11,37,0,0],"gold":195,"neow_bonus":"BOSS_RELIC","is_daily":false,"chose_seed":false,"campfire_upgraded":2,"win_rate":0.0,"timestamp":1611548389,"path_taken":["M","M","?","?","M","R","?","E","T","M","M","M","?","M","R","BOSS","M","$","M","M","?","R","M","R","MIM","M","M","E","?","E","R","BOSS"],"items_purchased_type":["Card","Relic","Relic"],"build_version":"2020-12-22","purchased_purges":1,"victory":false,"max_hp_per_floor":[75,75,75,75,75,75,75,75,75,75,75,75,75,75,75,75,75,75,75,75,75,75,75,75,75,89,89,89,89,89,89,89,89,89],"relic_stats":{"Nunchaku":[2],"counters":[20,77],"War Paint":["hermit:Covet","hermit:Defend_Hermit"],"Smiling Mask":25,"obtain_stats":[{"Nunchaku":29,"hubris:Icosahedron":13,"CrazyTorch:ReiMu":8,"hubris:SphereOfDissonance":31,"conspire:RunicOctahedron":0,"Mango":26,"ReplayTheSpireMod:TigerMarble":19,"aspiration:SeaSaltIceCream":26,"War Paint":19,"Smiling Mask":9,"hermit:Momento":0},{"Nunchaku":18,"hubris:Icosahedron":8,"CrazyTorch:ReiMu":5,"hubris:SphereOfDissonance":19,"conspire:RunicOctahedron":0,"Mango":15,"ReplayTheSpireMod:TigerMarble":11,"aspiration:SeaSaltIceCream":15,"War Paint":11,"Smiling Mask":5,"hermit:Momento":0},{"Nunchaku":66,"hubris:Icosahedron":25,"CrazyTorch:ReiMu":18,"hubris:SphereOfDissonance":70,"conspire:RunicOctahedron":0,"Mango":53,"ReplayTheSpireMod:TigerMarble":41,"aspiration:SeaSaltIceCream":53,"War Paint":41,"Smiling Mask":18,"hermit:Momento":0}]},"card_choices":[{"not_picked":["hermit:HoleUp","hermit:WideOpen","hermit:Misfire"],"picked":"SKIP","floor":1},{"not_picked":["hermit:Roulette","hermit:Quickdraw"],"picked":"hermit:ItchyTrigger","floor":2},{"not_picked":["hermit:Brawl","hermit:Headshot"],"picked":"hermit:HighCaliber","floor":5},{"not_picked":["hermit:Scavenge","hermit:WideOpen"],"picked":"hermit:Showdown","floor":7},{"not_picked":["hermit:Vantage","hermit:Snipe"],"picked":"hermit:HighCaliber","floor":8},{"not_picked":["hermit:Desperado","hermit:PistolWhip"],"picked":"hermit:Enervate","floor":10},{"not_picked":["hermit:Misfire","hermit:LuckOfTheDraw","hermit:EternalForm"],"picked":"SKIP","floor":11},{"not_picked":["hermit:TakeAim","hermit:Roulette","hermit:ItchyTrigger"],"picked":"SKIP","floor":12},{"not_picked":["hermit:GhostlyPresence","hermit:Brawl"],"picked":"hermit:Shortfuse","floor":14},{"not_picked":["hermit:Malice","hermit:LoneWolf"],"picked":"hermit:Shortfuse","floor":18},{"not_picked":["hermit:BigShot+1","hermit:CalledShot"],"picked":"hermit:Scavenge","floor":20},{"not_picked":["hermit:Snipe","hermit:Ricochet","hermit:Grudge"],"picked":"SKIP","floor":21},{"not_picked":["hermit:Grudge+1","hermit:WideOpen","hermit:Roulette"],"picked":"SKIP","floor":24},{"not_picked":["hermit:FinalCanter","hermit:Headshot","hermit:Ricochet"],"picked":"SKIP","floor":27},{"not_picked":["hermit:HighCaliber","hermit:Brawl","hermit:Roulette"],"picked":"SKIP","floor":28},{"not_picked":["hermit:Ricochet","hermit:Quickdraw"],"picked":"hermit:FullyLoaded","floor":29},{"not_picked":["hermit:Purgatory","hermit:FinalCanter","hermit:Manifest"],"picked":"SKIP","floor":31}],"player_experience":184098,"relics_obtained":[{"floor":8,"key":"CrazyTorch:ReiMu"},{"floor":9,"key":"Smiling Mask"},{"floor":26,"key":"aspiration:SeaSaltIceCream"},{"floor":29,"key":"Nunchaku"},{"floor":31,"key":"hubris:SphereOfDissonance"}],"event_choices":[{"damage_healed":0,"gold_gain":75,"player_choice":"Touch","damage_taken":7,"max_hp_gain":0,"max_hp_loss":0,"event_name":"FaceTrader","floor":4,"gold_loss":0},{"cards_removed":["hermit:Covet"],"damage_healed":0,"gold_gain":0,"player_choice":"Upgrade and Remove","damage_taken":0,"max_hp_gain":0,"max_hp_loss":0,"event_name":"Designer","floor":22,"gold_loss":90,"cards_upgraded":["hermit:Defend_Hermit"]},{"damage_healed":0,"gold_gain":0,"player_choice":"Simplicity","damage_taken":0,"max_hp_gain":0,"max_hp_loss":0,"event_name":"Back to Basics","floor":30,"gold_loss":0,"cards_upgraded":["hermit:Strike_Hermit","hermit:Strike_Hermit","hermit:Strike_Hermit","hermit:Defend_Hermit"]}],"is_beta":false,"boss_relics":[{"not_picked":["ChewingGum","Abe\u0027s Treasure","hermit:DentedPlate"]}],"items_purged_floors":[19],"is_endless":false,"potions_floor_spawned":[1,8,11,12,20,24,27,28,31],"killed_by":"conspire:MysteriousRune","ascension_level":0}}