{"host":"rzvepkyh9344fbo1","time":1611573151,"event":{"mods":["AchievementEnabler","Act Like it!","BaseMod","Colored Map","Colored Powertips","Curses Come First","Downfall","Hermit","Highlight Path","Minty Spire (QoL Compilation)","Replay The Spire","Shop Mod","StS++","StSLib","The Cursed","The Necromancer"],"gold_per_floor":[119,119,119,135,135,147,175,193,193,193,193,210,15,48,48,153,153,164,182,3,20,20,20,33,33,33,57,57,89,89,121,121,225,225,245,258,315,315,341,375,375,198,250,250,250,260,274,307,307,314,314,314,22,48,55,55],"floor_reached":55,"language":"ENG","playtime":7784,"items_purged":["Pain","Decay"],"score":775,"play_id":"7f2fdd88-6b84-4189-a400-a18503ded9d2","local_time":"20210125221231","is_ascension_mode":false,"campfire_choices":[{"floor":10.0,"key":"REST"},{"data":"hermit:Combo","floor":15.0,"key":"SMITH"},{"floor":23.0,"key":"REST"},{"floor":28.0,"key":"REST"},{"data":"Hallucinations","floor":30.0,"key":"PURGE"},{"floor":32.0,"key":"REST"},{"floor":41,"key":"RECALL"},{"data":"hermit:Snapshot","floor":44,"key":"SMITH"},{"floor":49,"key":"REST"},{"data":"hermit:TakeAim","floor":52,"key":"SMITH"}],"circlet_count":0,"master_deck":["hermit:Defend_Hermit","hermit:Defend_Hermit","hermit:Defend_Hermit","hermit:Snapshot+1","hermit:Covet","hermit:Gambit+1","Regret","hermit:Combo+1","hermit:Midnight+1","hermit:CursedWeapon","hermit:Magnum+1","hermit:GhostlyPresence+1","hermit:TakeAim+1","hermit:BlackWind+1","hermit:BigShot+1","hermit:HeroicBravado+1","hermit:FlashPowder+1","hermit:Scavenge+1","hermit:TakeCover","hermit:LowProfile+1","hermit:Ricochet+1","hermit:EternalForm+1","Parasite","hermit:Virtue+1","hermit:Manifest+1","Parasite","hermit:RoundhouseKick+1","Madness","Madness","hermit:Gestalt","hermit:Adapt+1","hermit:Determination"],"relics":["hermit:Momento","hermit:RyeStalk","Golden Egg","Ring of Hypnosis","Ring of Panic","Painkiller Herb","WarpedTongs","Snack Pack","Pet Ghost","Blood Vial","Incense Burner","MerchantsRug","Vajra","Bronze Scales","Guide Book","Ginger"],"acts_visited":["Exordium","TheCity","TheBeyond","TheEnding"],"potions_floor_usage":[48,55,55,55],"damage_taken":[{"damage":0.0,"enemies":"Small Slimes","floor":1.0,"turns":3.0},{"damage":1.0,"enemies":"Jaw Worm","floor":4.0,"turns":2.0},{"damage":0.0,"enemies":"Cultist","floor":6.0,"turns":3.0},{"damage":40.0,"enemies":"Lagavulin","floor":7.0,"turns":8.0},{"damage":0.0,"enemies":"Looter","floor":8.0,"turns":2.0},{"damage":7.0,"enemies":"Large Slime","floor":12.0,"turns":4.0},{"damage":2.0,"enemies":"Gremlin Nob","floor":14.0,"turns":2.0},{"damage":23.0,"enemies":"Fading Forest","floor":16.0,"turns":11.0},{"damage":37.0,"enemies":"2 Thieves","floor":18.0,"turns":4.0},{"damage":12.0,"enemies":"3 Byrds","floor":19.0,"turns":4.0},{"damage":15.0,"enemies":"3 Cultists","floor":21.0,"turns":5.0},{"damage":2.0,"enemies":"Snake Plant","floor":24.0,"turns":4.0},{"damage":13.0,"enemies":"Centurion and Healer","floor":27.0,"turns":4.0},{"damage":1.0,"enemies":"Book of Stabbing","floor":29.0,"turns":4.0},{"damage":44.0,"enemies":"Gremlin Leader","floor":31.0,"turns":6.0},{"damage":25.0,"enemies":"Collector","floor":33.0,"turns":12.0},{"damage":11.0,"enemies":"3 Shapes","floor":35.0,"turns":4.0},{"damage":13.0,"enemies":"Orb Walker","floor":36.0,"turns":3.0},{"damage":2.0,"enemies":"Mind Bloom Boss Battle","floor":37.0,"turns":3.0},{"damage":9.0,"enemies":"Writhing Mass","floor":39.0,"turns":8.0},{"damage":8.0,"enemies":"Giant Head","floor":40.0,"turns":10.0},{"damage":17,"enemies":"4 Shapes","floor":46,"turns":5},{"damage":1,"enemies":"Sphere and 2 Shapes","floor":47,"turns":4},{"damage":53,"enemies":"Nemesis","floor":48,"turns":15},{"damage":8,"enemies":"Donu and Deca","floor":50,"turns":10},{"damage":3,"enemies":"Shield and Spear","floor":54,"turns":6},{"damage":77,"enemies":"The Heart","floor":55,"turns":12}],"seed_played":"2025696776201496118","potions_obtained":[{"floor":8.0,"key":"Dexterity Potion"},{"floor":12.0,"key":"champ:CounterPotion"},{"floor":14.0,"key":"SpeedPotion"},{"floor":24.0,"key":"sneckomod:MuddlingPotion"},{"floor":27.0,"key":"Weak Potion"},{"floor":29.0,"key":"hermit:Tonic"},{"floor":33.0,"key":"SpeedPotion"},{"floor":35.0,"key":"CultistPotion"},{"floor":37.0,"key":"StSpp:ScatteredWeakPotion"},{"floor":40,"key":"Regen Potion"}],"is_trial":false,"path_per_floor":["M","?","?","M","?","M","E","M","T","R","?","M","$","E","R","B",null,"?","?","T","?","T","T","?","?","T","?","T","E","T","E","T","B",null,"?","?","?","?","?","E","T","T","T","T","?","?","?","E","T","B",null,"T","T","E","B"],"character_chosen":"HERMIT","items_purchased":["hermit:Magnum","hermit:GhostlyPresence","hermit:HeroicBravado","hermit:FlashPowder","MerchantsRug","hermit:RoundhouseKick","Dexterity Potion","Bronze Scales","Guide Book","Dexterity Potion"],"campfire_rested":5,"item_purchase_floors":[13,13,20,20,42,42,42,53,53,53],"current_hp_per_floor":[54,54,47,46,46,46,6,6,6,28,28,21,21,19,19,6,75,38,26,26,11,11,33,31,31,31,22,44,45,45,5,27,14,75,64,55,59,59,54,52,52,52,52,52,43,30,31,3,25,27,75,75,75,75,0,0],"gold":55,"neow_bonus":"TRANSFORM_TWO_CARDS","is_daily":false,"chose_seed":false,"campfire_upgraded":3,"win_rate":0.0,"timestamp":1611573151,"path_taken":["M","?","?","?","?","M","E","M","T","R","?","M","?","E","R","BOSS","?","?","T","?","T","T","?","?","T","?","T","E","T","E","T","BOSS","?","?","?","?","?","E","T","T","T","T","?","?","?","E","T","BOSS","T","T","E","BOSS"],"items_purchased_type":["Card","Card","Card","Card","Relic","Card","Potion","Relic","Relic","Potion"],"build_version":"2020-12-22","purchased_purges":2,"victory":false,"max_hp_per_floor":[75,75,75,75,75,75,75,75,75,75,75,75,75,75,75,75,75,75,75,75,75,75,75,75,75,75,75,75,75,75,75,75,75,75,75,75,75,75,75,75,75,75,75,75,75,75,75,75,75,75,75,75,75,75,75,75],"card_choices":[{"not_picked":["hermit:Coalescence","hermit:Misfire"],"picked":"hermit:TrackingShot","floor":1.0},{"not_picked":["hermit:Feint","hermit:Snipe","hermit:Dive"],"picked":"SKIP","floor":4.0},{"not_picked":["hermit:Showdown","hermit:HighCaliber"],"picked":"hermit:DeadMansHand","floor":6.0},{"not_picked":["hermit:FullyLoaded","hermit:Cheat"],"picked":"hermit:Combo","floor":7.0},{"not_picked":["hermit:TakeAim","hermit:Desperado"],"picked":"hermit:Midnight","floor":8.0},{"not_picked":["hermit:Quickdraw","hermit:Feint"],"picked":"hermit:CursedWeapon","floor":12.0},{"not_picked":["hermit:RoundhouseKick","hermit:SprayPray"],"picked":"hermit:TakeAim","floor":14.0},{"not_picked":["hermit:FatalDesire","hermit:Magnum"],"picked":"hermit:BlackWind","floor":16.0},{"not_picked":["hermit:Horror","hermit:Glare","hermit:Headshot"],"picked":"SKIP","floor":18.0},{"not_picked":["hermit:HoleUp","hermit:TrackingShot+1"],"picked":"hermit:BigShot+1","floor":19.0},{"not_picked":["hermit:Coalescence+1","hermit:Glare"],"picked":"hermit:Scavenge+1","floor":21.0},{"not_picked":["hermit:Feint","hermit:Misfire"],"picked":"hermit:TakeCover","floor":24.0},{"not_picked":["hermit:Glare","hermit:BodyArmor"],"picked":"hermit:LowProfile+1","floor":27.0},{"not_picked":["hermit:NoHoldsBarred+1","hermit:Feint"],"picked":"hermit:Ricochet+1","floor":29.0},{"not_picked":["hermit:Deadeye","hermit:Manifest"],"picked":"hermit:EternalForm","floor":31.0},{"not_picked":["hermit:HoleUp","hermit:SprayPray"],"picked":"hermit:Virtue+1","floor":35.0},{"not_picked":["hermit:Feint","hermit:DeadMansHand"],"picked":"hermit:Manifest+1","floor":36.0},{"not_picked":["hermit:CalledShot","hermit:Dive+1","hermit:TakeCover"],"picked":"SKIP","floor":39.0},{"not_picked":["hermit:LoneWolf+1","hermit:Dive","hermit:Brawl"],"picked":"SKIP","floor":40},{"not_picked":["hermit:Headshot","hermit:TrackingShot+1"],"picked":"hermit:Gestalt","floor":46},{"not_picked":["hermit:Spite","hermit:PistolWhip","hermit:WideOpen"],"picked":"SKIP","floor":47},{"not_picked":["hermit:TakeAim","hermit:TrackingShot"],"picked":"hermit:Adapt","floor":48},{"not_picked":["hermit:HighCaliber+1","hermit:NoHoldsBarred"],"picked":"hermit:Determination","floor":54}],"player_experience":245137,"relics_obtained":[{"floor":7.0,"key":"Peace Pipe"},{"floor":9.0,"key":"Golden Egg"},{"floor":11.0,"key":"Ring of Hypnosis"},{"floor":11.0,"key":"Ring of Panic"},{"floor":14.0,"key":"Smiling Mask"},{"floor":26.0,"key":"Snack Pack"},{"floor":29.0,"key":"Pet Ghost"},{"floor":31.0,"key":"Blood Vial"},{"floor":37.0,"key":"Incense Burner"},{"floor":40,"key":"Girya"},{"floor":48,"key":"Vajra"},{"floor":54,"key":"Ginger"}],"event_choices":[{"damage_healed":0.0,"max_hp_gain":0.0,"max_hp_loss":0.0,"gold_gain":0.0,"event_name":"Big Fish","player_choice":"Box","floor":2.0,"gold_loss":0.0,"damage_taken":0.0,"relics_obtained":["hermit:RyeStalk"],"cards_obtained":["Regret"]},{"damage_healed":0.0,"max_hp_gain":0.0,"max_hp_loss":0.0,"gold_gain":0.0,"event_name":"Wheel of Change","player_choice":"Damaged","floor":3.0,"gold_loss":0.0,"damage_taken":7.0},{"damage_healed":0.0,"max_hp_gain":0.0,"max_hp_loss":0.0,"gold_gain":0.0,"event_name":"Accursed Blacksmith","player_choice":"Rummage","floor":25.0,"gold_loss":0.0,"damage_taken":0.0,"relics_obtained":["WarpedTongs"],"cards_obtained":["Pain"]},{"damage_healed":0.0,"max_hp_gain":0.0,"max_hp_loss":0.0,"gold_gain":0.0,"event_name":"MindBloom","player_choice":"Fight","floor":37.0,"gold_loss":0.0,"damage_taken":0.0},{"damage_healed":0.0,"max_hp_gain":0.0,"max_hp_loss":0.0,"gold_gain":0.0,"event_name":"Tomb of Lord Red Mask","player_choice":"Ignored","floor":38.0,"gold_loss":0.0,"damage_taken":0.0},{"damage_healed":0,"gold_gain":0,"player_choice":"Embrace Madness","damage_taken":9,"max_hp_gain":0,"max_hp_loss":0,"event_name":"Winding Halls","floor":45,"gold_loss":0,"cards_obtained":["Madness","Madness"]}],"is_beta":false,"boss_relics":[{"not_picked":["Sozu","ReplayTheSpireMod:DimensionalGlitch"],"picked":"Painkiller Herb"},{"not_picked":["Empty Cage","bronze:MakeshiftBattery"],"picked":"Kintsugi"}],"items_purged_floors":[42,53],"is_endless":false,"potions_floor_spawned":[8,12,14,19,24,27,29,33,35,37,40],"killed_by":"The Heart","ascension_level":0}}