{"host":"rzvepkyh9344fbo1","time":1611537602,"event":{"mods":["AchievementEnabler","Act Like it!","BaseMod","Colored Map","Colored Powertips","Curses Come First","Downfall","Hermit","Highlight Path","Minty Spire (QoL Compilation)","Replay The Spire","Shop Mod","StS++","StSLib","The Cursed","The Necromancer"],"gold_per_floor":[0,20,36,21,21,21,21,21,21,21],"floor_reached":8,"language":"ENG","playtime":655,"items_purged":[],"score":44,"play_id":"d9d31c9d-c66a-4ab9-8f4b-9d2ce1d6e7bc","local_time":"20210125122002","is_ascension_mode":false,"campfire_choices":[{"data":"Slimebound:Split","floor":1,"key":"SMITH"}],"circlet_count":0,"master_deck":["Slimebound:Strike_Slimebound","Slimebound:Strike_Slimebound","Slimebound:Strike_Slimebound","Slimebound:Tackle","Slimebound:Defend_Slimebound","Slimebound:Defend_Slimebound","Slimebound:Defend_Slimebound","Slimebound:Defend_Slimebound","Slimebound:Split+1","Slimebound:CorrosiveSpit","Slimebound:RejuvenatingLick","Slimebound:Gluttony","Slimebound:SpikyOuterGoop"],"relics":["Pocketwatch","m_BurningSludge","Pen Nib","Juzu Bracelet"],"acts_visited":["Exordium"],"potions_floor_usage":[],"damage_taken":[{"damage":1,"enemies":"Cultist","floor":2,"turns":3},{"damage":3,"enemies":"Small Slimes","floor":3,"turns":3},{"damage":3,"enemies":"downfall:FleeingMerchant","floor":4,"turns":4},{"damage":64,"enemies":"Gremlin Nob","floor":8,"turns":5}],"seed_played":"2666737515059394809","potions_obtained":[{"floor":2,"key":"Elixir"}],"is_trial":false,"path_per_floor":["R","M","M","$","?","?","T","E"],"character_chosen":"SLIMEBOUND","items_purchased":[],"campfire_rested":0,"item_purchase_floors":[],"current_hp_per_floor":[65,64,64,65,65,58,58,0,0,0],"gold":21,"neow_bonus":"ONE_RARE_RELIC","is_daily":false,"chose_seed":false,"campfire_upgraded":1,"win_rate":0.0,"timestamp":1611537602,"path_taken":["R","M","M","$","?","?","T","E"],"items_purchased_type":[],"build_version":"2020-12-22","purchased_purges":0,"victory":false,"max_hp_per_floor":[65,65,65,65,65,65,65,65,65,65],"card_choices":[{"not_picked":["Slimebound:DisruptingSlam","Slimebound:PressTheAttack"],"picked":"Slimebound:RejuvenatingLick","floor":2},{"not_picked":["Slimebound:LevelUp","Slimebound:RollThrough"],"picked":"Slimebound:Gluttony","floor":3},{"not_picked":["Slimebound:LivingWall","Slimebound:LeechEnergy"],"picked":"Slimebound:SpikyOuterGoop","floor":4}],"player_experience":242864,"relics_obtained":[{"floor":7,"key":"Juzu Bracelet"}],"event_choices":[{"damage_healed":0,"gold_gain":0,"player_choice":"Success","damage_taken":7,"relics_obtained":["Pen Nib"],"max_hp_gain":0,"max_hp_loss":0,"event_name":"Scrap Ooze","floor":6,"gold_loss":0}],"is_beta":false,"boss_relics":[],"items_purged_floors":[],"is_endless":false,"potions_floor_spawned":[2],"killed_by":"Gremlin Nob","ascension_level":0}}