{"host":"928gv66myv2vlnsd","time":1611593431,"event":{"mods":["BaseMod","Minty Spire (QoL Compilation)","StSLib"],"gold_per_floor":[119,143,159,159,6,34,34,47,47,47,64,80,111,131,131,207,257,177,195,30,55,105,105,105],"floor_reached":23,"language":"ENG","playtime":782,"items_purged":["Strike_R"],"score":437,"play_id":"9ab359ea-c728-488f-8841-9babb633feb7","local_time":"20210125115031","is_ascension_mode":true,"campfire_choices":[{"data":"Perfected Strike","floor":7,"key":"SMITH"},{"data":"Demon Form","floor":10,"key":"SMITH"},{"floor":15,"key":"REST"}],"circlet_count":0,"master_deck":["AscendersBane","Strike_R","Strike_R","Strike_R","Strike_R","Defend_R","Defend_R+1","Defend_R","Bash","Perfected Strike+1","Shrug It Off","Evolve","Shrug It Off","Demon Form+1","Flame Barrier","Feed","Barricade","Burning Pact","Iron Wave","Metallicize"],"relics":["Burning Blood","NeowsBlessing","Tiny Chest","Juzu Bracelet","Singing Bowl","CaptainsWheel","Tiny House","Medical Kit","Happy Flower"],"acts_visited":["Exordium","TheCity"],"potions_floor_usage":[11,14,16,16,23],"damage_taken":[{"damage":0,"enemies":"Cultist","floor":1,"turns":1},{"damage":0,"enemies":"2 Louse","floor":3,"turns":1},{"damage":0,"enemies":"3 Sentries","floor":6,"turns":2},{"damage":4,"enemies":"Jaw Worm","floor":8,"turns":2},{"damage":9,"enemies":"Exordium Thugs","floor":11,"turns":5},{"damage":12,"enemies":"2 Fungi Beasts","floor":12,"turns":4},{"damage":56,"enemies":"Gremlin Nob","floor":13,"turns":5},{"damage":4,"enemies":"Large Slime","floor":14,"turns":6},{"damage":36,"enemies":"Hexaghost","floor":16,"turns":11},{"damage":24,"enemies":"2 Thieves","floor":18,"turns":4},{"damage":23,"enemies":"Chosen","floor":19,"turns":8},{"damage":59,"enemies":"Slavers","floor":23,"turns":4}],"seed_played":"-2523693610110363189","potions_obtained":[{"floor":3,"key":"Explosive Potion"},{"floor":6,"key":"Block Potion"},{"floor":12,"key":"Energy Potion"},{"floor":14,"key":"DistilledChaos"},{"floor":17,"key":"HeartOfIron"},{"floor":19,"key":"Strength Potion"}],"is_trial":false,"path_per_floor":["M","T","M","?","$","E","R","M","T","R","M","M","E","M","R","B",null,"M","M","$","T","?","E"],"character_chosen":"IRONCLAD","items_purchased":["Evolve","Medical Kit"],"campfire_rested":1,"item_purchase_floors":[5,20],"current_hp_per_floor":[74,74,75,68,68,74,74,75,75,75,72,68,18,22,45,18,71,53,39,39,39,39,0,0],"gold":105,"neow_bonus":"THREE_ENEMY_KILL","is_daily":false,"chose_seed":false,"campfire_upgraded":2,"win_rate":0.0,"timestamp":1611593431,"path_taken":["M","?","?","?","?","E","R","M","T","R","M","M","E","M","R","BOSS","M","M","$","?","?","E"],"items_purchased_type":["Card","Relic"],"build_version":"2020-12-22","purchased_purges":1,"victory":false,"max_hp_per_floor":[75,75,75,75,75,75,75,75,75,75,75,77,77,79,79,82,87,87,90,90,90,90,90,90],"card_choices":[{"not_picked":["True Grit","Flex"],"picked":"Perfected Strike","floor":1},{"not_picked":["Clothesline","Burning Pact"],"picked":"Shrug It Off","floor":3},{"not_picked":["Intimidate","Bloodletting"],"picked":"Shrug It Off","floor":6},{"not_picked":["Twin Strike","Clash"],"picked":"Demon Form","floor":8},{"not_picked":["Rampage","Headbutt"],"picked":"Flame Barrier","floor":11},{"not_picked":["Cleave","Wild Strike","Thunderclap"],"picked":"Singing Bowl","floor":12},{"not_picked":["Havoc","Clash"],"picked":"Feed","floor":13},{"not_picked":["Iron Wave","Dark Embrace","Wild Strike"],"picked":"Singing Bowl","floor":14},{"not_picked":["Double Tap","Juggernaut"],"picked":"Barricade","floor":16},{"not_picked":["Warcry","Body Slam"],"picked":"Burning Pact","floor":17},{"not_picked":["Second Wind","Headbutt"],"picked":"Iron Wave","floor":18},{"not_picked":["Twin Strike","Cleave"],"picked":"Metallicize","floor":19}],"player_experience":1317451,"relics_obtained":[{"floor":2,"key":"Tiny Chest"},{"floor":6,"key":"Juzu Bracelet"},{"floor":9,"key":"Singing Bowl"},{"floor":13,"key":"CaptainsWheel"},{"floor":21,"key":"Happy Flower"}],"event_choices":[{"cards_removed":["Defend_R"],"damage_healed":0,"gold_gain":0,"player_choice":"Card Removal","damage_taken":7,"max_hp_gain":0,"max_hp_loss":0,"event_name":"Golden Wing","floor":4,"gold_loss":0},{"damage_healed":0,"gold_gain":50,"player_choice":"Stole From Cult","damage_taken":0,"max_hp_gain":0,"max_hp_loss":0,"event_name":"Nest","floor":22,"gold_loss":0}],"is_beta":false,"boss_relics":[{"not_picked":["Philosopher\u0027s Stone","SacredBark"],"picked":"Tiny House"}],"items_purged_floors":[5],"is_endless":false,"potions_floor_spawned":[3,6,12,14,19],"killed_by":"Slavers","ascension_level":19}}