{"host":"c97twqu0op5dg8i4","time":1611563351,"event":{"mods":["AchievementEnabler","BaseMod","Colored Map","Minty Spire (QoL Compilation)","Permanent Neow"],"gold_per_floor":[111,111,111,286,51,51,68,68,68,78,78,53,86,98,98,196,196,213,230,230,230,246,246,97,123,147,147,147,177,177,100,100,202,202,213,231,231,21,40,40,68,68,139,167,167,197,217,217,217,217],"floor_reached":51,"language":"ENG","playtime":1388,"items_purged":["Doubt"],"score":1102,"play_id":"2cb95480-7887-46c3-a900-ce54bf95945d","local_time":"20210125032911","is_ascension_mode":true,"campfire_choices":[{"data":"A Thousand Cuts","floor":6,"key":"SMITH"},{"data":"Cloak And Dagger","floor":11,"key":"SMITH"},{"floor":15,"key":"REST"},{"data":"Blade Dance","floor":23,"key":"SMITH"},{"floor":28,"key":"REST"},{"floor":30,"key":"REST"},{"data":"Accuracy","floor":32,"key":"SMITH"},{"floor":40,"key":"REST"},{"data":"Accuracy","floor":42,"key":"SMITH"},{"floor":45,"key":"REST"},{"data":"Cloak And Dagger","floor":49,"key":"SMITH"}],"circlet_count":0,"master_deck":["Strike_G","Strike_G","Strike_G","Defend_G","Defend_G","Defend_G","Defend_G","Defend_G","Survivor","Neutralize","CurseOfTheBell","Calculated Gamble","A Thousand Cuts+1","Cloak And Dagger+1","Cloak And Dagger+1","Blade Dance+1","Adrenaline","Dagger Spray+1","Deflect","Accuracy+1","Backflip","Accuracy+1","Adrenaline","Finisher","Panache","Cloak And Dagger"],"relics":["Calling Bell","Dream Catcher","Ninja Scroll","Gambling Chip","Blue Candle","Centennial Puzzle","Sozu","Vajra","Orrery","Juzu Bracelet","Akabeko","Singing Bowl","Busted Crown","Paper Crane","InkBottle","Strawberry","Shuriken"],"acts_visited":["Exordium","TheCity","TheBeyond"],"potions_floor_usage":[33,33],"damage_taken":[{"damage":4,"enemies":"Jaw Worm","floor":1,"turns":6},{"damage":0,"enemies":"Small Slimes","floor":7,"turns":2},{"damage":1,"enemies":"2 Louse","floor":10,"turns":3},{"damage":21,"enemies":"Gremlin Nob","floor":13,"turns":4},{"damage":7,"enemies":"Exordium Wildlife","floor":14,"turns":2},{"damage":11,"enemies":"Slime Boss","floor":16,"turns":7},{"damage":1,"enemies":"Chosen","floor":18,"turns":3},{"damage":1,"enemies":"3 Byrds","floor":19,"turns":1},{"damage":14,"enemies":"Centurion and Healer","floor":22,"turns":2},{"damage":16,"enemies":"Gremlin Leader","floor":25,"turns":4},{"damage":20,"enemies":"Book of Stabbing","floor":29,"turns":4},{"damage":17,"enemies":"Automaton","floor":33,"turns":5},{"damage":1,"enemies":"Orb Walker","floor":35,"turns":2},{"damage":4,"enemies":"3 Darklings","floor":36,"turns":3},{"damage":30,"enemies":"Spire Growth","floor":39,"turns":3},{"damage":22,"enemies":"Giant Head","floor":41,"turns":6},{"damage":21,"enemies":"Reptomancer","floor":44,"turns":3},{"damage":1,"enemies":"Giant Head","floor":46,"turns":3},{"damage":4,"enemies":"Sphere and 2 Shapes","floor":47,"turns":2},{"damage":39,"enemies":"Awakened One","floor":50,"turns":5}],"seed_played":"-344183138534308462","potions_obtained":[{"floor":7,"key":"Energy Potion"},{"floor":16,"key":"SneckoOil"}],"is_trial":false,"path_per_floor":["M","?","$","?","$","R","M","?","T","M","R","$","E","M","R","B",null,"M","M","?","T","M","R","$","E","T","?","R","E","R","$","R","B",null,"M","M","?","$","M","R","E","R","T","E","R","E","M","?","R","B",null],"character_chosen":"THE_SILENT","items_purchased":["A Thousand Cuts","Dagger Spray","Orrery","Accuracy","Finisher","Panache"],"campfire_rested":5,"item_purchase_floors":[5,12,24,31,38,38],"current_hp_per_floor":[59,52,52,52,52,52,52,57,57,56,56,56,35,28,50,39,66,65,64,64,64,50,50,50,34,34,34,56,38,63,63,63,46,71,72,70,70,70,42,69,49,49,49,37,68,67,65,65,65,26],"gold":217,"neow_bonus":"BOSS_RELIC","is_daily":false,"chose_seed":false,"campfire_upgraded":6,"win_rate":0.0,"timestamp":1611563351,"path_taken":["M","?","$","?","$","R","M","?","T","M","R","?","E","M","R","BOSS","M","M","?","?","M","R","$","E","T","?","R","E","R","$","R","BOSS","M","M","?","$","M","R","E","R","T","E","R","E","M","?","R","BOSS"],"items_purchased_type":["Card","Card","Relic","Card","Card","Card"],"build_version":"2020-12-22","purchased_purges":1,"victory":true,"max_hp_per_floor":[70,70,70,70,70,70,70,75,75,75,75,75,75,75,75,75,75,75,75,75,75,75,75,75,75,75,75,75,77,79,79,79,79,79,81,83,83,83,85,87,89,89,89,98,100,100,102,102,102,102],"card_choices":[{"not_picked":["Bouncing Flask","Setup"],"picked":"Calculated Gamble","floor":1},{"not_picked":["Deadly Poison","Backflip"],"picked":"Cloak And Dagger","floor":7},{"not_picked":["Riddle With Holes","Dagger Throw","Prepared"],"picked":"SKIP","floor":10},{"not_picked":["Night Terror","Acrobatics","Dagger Spray"],"picked":"SKIP","floor":13},{"not_picked":["Dagger Throw","Bouncing Flask"],"picked":"Cloak And Dagger","floor":14},{"not_picked":["Underhanded Strike","Dodge and Roll"],"picked":"Blade Dance","floor":15},{"not_picked":["Storm of Steel","Corpse Explosion"],"picked":"Adrenaline","floor":16},{"not_picked":["Prepared+1","Concentrate"],"picked":"Dagger Spray+1","floor":18},{"not_picked":["Crippling Poison","Prepared"],"picked":"Deflect","floor":19},{"not_picked":["Caltrops","Distraction","Deflect"],"picked":"SKIP","floor":22},{"not_picked":["Deflect","Underhanded Strike"],"picked":"Accuracy","floor":24},{"not_picked":["Deadly Poison","Dodge and Roll"],"picked":"Backflip","floor":24},{"not_picked":["Expertise+1","Glass Knife","Setup"],"picked":"SKIP","floor":25},{"not_picked":["Backstab","Reflex","Poisoned Stab"],"picked":"Singing Bowl","floor":29},{"not_picked":["Bouncing Flask","Deflect","Riddle With Holes"],"picked":"Singing Bowl","floor":30},{"not_picked":["Storm of Steel","Venomology"],"picked":"Adrenaline","floor":33},{"not_picked":["Skewer"],"picked":"Singing Bowl","floor":35},{"not_picked":["Bane+1"],"picked":"Singing Bowl","floor":36},{"not_picked":["Caltrops+1"],"picked":"Singing Bowl","floor":39},{"not_picked":["Outmaneuver+1"],"picked":"Singing Bowl","floor":40},{"not_picked":["Distraction+1"],"picked":"Singing Bowl","floor":41},{"not_picked":["Acrobatics"],"picked":"Singing Bowl","floor":44},{"not_picked":["Eviscerate+1"],"picked":"Singing Bowl","floor":45},{"not_picked":[],"picked":"Cloak And Dagger","floor":46},{"not_picked":["Choke"],"picked":"Singing Bowl","floor":47}],"player_experience":299991,"relics_obtained":[{"floor":0,"key":"Dream Catcher"},{"floor":0,"key":"Ninja Scroll"},{"floor":0,"key":"Gambling Chip"},{"floor":9,"key":"Blue Candle"},{"floor":13,"key":"Centennial Puzzle"},{"floor":21,"key":"Vajra"},{"floor":25,"key":"Juzu Bracelet"},{"floor":26,"key":"Akabeko"},{"floor":29,"key":"Singing Bowl"},{"floor":41,"key":"Paper Crane"},{"floor":43,"key":"InkBottle"},{"floor":44,"key":"Strawberry"},{"floor":46,"key":"Shuriken"}],"event_choices":[{"cards_removed":["Strike_G"],"damage_healed":0,"gold_gain":0,"player_choice":"Card Removal","damage_taken":7,"max_hp_gain":0,"max_hp_loss":0,"event_name":"Golden Wing","floor":2,"gold_loss":0},{"damage_healed":0,"gold_gain":175,"player_choice":"AGREE","damage_taken":0,"max_hp_gain":0,"max_hp_loss":0,"event_name":"Liars Game","floor":4,"gold_loss":0,"cards_obtained":["Doubt"]},{"damage_healed":0,"gold_gain":0,"player_choice":"Donut","damage_taken":0,"max_hp_gain":5,"max_hp_loss":0,"event_name":"Big Fish","floor":8,"gold_loss":0},{"cards_removed":["Strike_G"],"damage_healed":0,"gold_gain":0,"player_choice":"Elegance","damage_taken":0,"max_hp_gain":0,"max_hp_loss":0,"event_name":"Back to Basics","floor":20,"gold_loss":0},{"damage_healed":0,"gold_gain":0,"player_choice":"Ignored","damage_taken":0,"max_hp_gain":0,"max_hp_loss":0,"event_name":"Ghosts","floor":27,"gold_loss":0},{"damage_healed":0,"gold_gain":0,"player_choice":"Ignored","damage_taken":0,"max_hp_gain":0,"max_hp_loss":0,"event_name":"Tomb of Lord Red Mask","floor":37,"gold_loss":0},{"cards_removed":["Dagger Spray"],"damage_healed":0,"gold_gain":0,"player_choice":"Removed Attack","damage_taken":0,"max_hp_gain":0,"max_hp_loss":0,"event_name":"Falling","floor":48,"gold_loss":0}],"is_beta":false,"boss_relics":[{"not_picked":["Runic Dome","Velvet Choker"],"picked":"Sozu"},{"not_picked":["Snecko Eye","HoveringKite"],"picked":"Busted Crown"}],"items_purged_floors":[5],"is_endless":false,"potions_floor_spawned":[7,16,18,19,25,29,39,41,46],"ascension_level":7}}