{"host":"zk71suw73lg2r165","time":1611585396,"event":{"mods":["BaseMod","Colored Map","Minty Spire (QoL Compilation)","Permanent Neow","Relic Stats","StSLib"],"gold_per_floor":[16,16,16,36,51,51,89,89,114,114,114,132,132,168,168,261,261,237,237,237],"floor_reached":19,"language":"ENG","playtime":633,"items_purged":[],"score":350,"play_id":"87665b92-64ef-4c9f-81f9-9359fb7ab14a","local_time":"20210125093636","is_ascension_mode":true,"campfire_choices":[{"data":"Defragment","floor":6.0,"key":"SMITH"},{"data":"Hologram","floor":8.0,"key":"SMITH"},{"floor":13.0,"key":"REST"},{"floor":15.0,"key":"REST"}],"circlet_count":0,"master_deck":["AscendersBane","Strike_B","Strike_B","Defend_B","Defend_B","Defend_B","Defend_B","Zap","Dualcast","Doom and Gloom","Hologram+1","Buffer","Cold Snap","FTL","Defragment+1","Consume","Leap","Core Surge","Creative AI","Go for the Eyes"],"relics":["Cracked Core","Prayer Wheel","Golden Idol","Smiling Mask","DataDisk","PreservedInsect","MealTicket","SlaversCollar"],"acts_visited":["Exordium","TheCity"],"potions_floor_usage":[19],"damage_taken":[{"damage":1.0,"enemies":"2 Louse","floor":1.0,"turns":2.0},{"damage":2.0,"enemies":"Cultist","floor":4.0,"turns":4.0},{"damage":12.0,"enemies":"Small Slimes","floor":5.0,"turns":3.0},{"damage":1.0,"enemies":"Lagavulin","floor":7.0,"turns":6.0},{"damage":6.0,"enemies":"Looter","floor":12.0,"turns":3.0},{"damage":21.0,"enemies":"3 Sentries","floor":14.0,"turns":5.0},{"damage":22.0,"enemies":"Hexaghost","floor":16.0,"turns":13.0},{"damage":24,"enemies":"2 Thieves","floor":18,"turns":4},{"damage":39,"enemies":"Masked Bandits","floor":19,"turns":3}],"seed_played":"1812763500829466048","potions_obtained":[{"floor":1.0,"key":"Energy Potion"},{"floor":5.0,"key":"Dexterity Potion"},{"floor":16.0,"key":"EssenceOfSteel"}],"is_trial":false,"path_per_floor":["M","?","?","M","M","R","E","R","T","?","?","M","R","E","R","B",null,"M","?"],"character_chosen":"DEFECT","items_purchased":[],"campfire_rested":2,"item_purchase_floors":[],"current_hp_per_floor":[63,63,63,61,49,49,48,48,48,48,30,24,43,22,41,19,53,29,0,0],"gold":237,"neow_bonus":"ONE_RARE_RELIC","is_daily":false,"chose_seed":false,"campfire_upgraded":2,"win_rate":0.0,"timestamp":1611585396,"path_taken":["M","?","?","M","?","R","E","R","T","?","?","M","R","E","R","BOSS","M","?"],"items_purchased_type":[],"build_version":"2020-12-22","purchased_purges":0,"victory":false,"max_hp_per_floor":[71,64,64,64,64,64,64,64,64,64,64,64,64,64,64,64,64,64,64,64],"relic_stats":{"counters":[9,43],"Golden Idol":56,"Prayer Wheel":5,"MealTicket":0,"PreservedInsect":34,"Smiling Mask":0,"obtain_stats":[{"SlaversCollar":17,"DataDisk":9,"Golden Idol":2,"Prayer Wheel":0,"MealTicket":14,"PreservedInsect":11,"Cracked Core":0,"Smiling Mask":7},{"SlaversCollar":7,"DataDisk":4,"Golden Idol":1,"Prayer Wheel":0,"MealTicket":6,"PreservedInsect":4,"Cracked Core":0,"Smiling Mask":4},{"SlaversCollar":36,"DataDisk":15,"Golden Idol":2,"Prayer Wheel":0,"MealTicket":23,"PreservedInsect":15,"Cracked Core":0,"Smiling Mask":15}]},"card_choices":[{"not_picked":["Gash","Turbo"],"picked":"Doom and Gloom","floor":1.0},{"not_picked":["Redo","Steam Power"],"picked":"Hologram","floor":1.0},{"not_picked":["Rebound","Steam"],"picked":"Buffer","floor":4.0},{"not_picked":["Steam","Gash"],"picked":"Cold Snap","floor":4.0},{"not_picked":["Steam","Double Energy"],"picked":"FTL","floor":5.0},{"not_picked":["Tempest","Conserve Battery"],"picked":"Defragment","floor":5.0},{"not_picked":["Sunder","Barrage"],"picked":"Consume","floor":7.0},{"not_picked":["Rebound","Rainbow"],"picked":"Leap","floor":12.0},{"not_picked":["Streamline","Reprogram","Barrage"],"picked":"SKIP","floor":12.0},{"not_picked":["Cold Snap","Sweeping Beam","Thunder Strike"],"picked":"SKIP","floor":14.0},{"not_picked":["Reboot","Rainbow"],"picked":"Core Surge","floor":16.0},{"not_picked":["Steam","Blizzard"],"picked":"Creative AI","floor":18},{"not_picked":["Sweeping Beam","Darkness"],"picked":"Go for the Eyes","floor":18}],"player_experience":1365126,"relics_obtained":[{"floor":7.0,"key":"Smiling Mask"},{"floor":9.0,"key":"DataDisk"},{"floor":14.0,"key":"MealTicket"}],"event_choices":[{"damage_healed":0.0,"max_hp_gain":0.0,"max_hp_loss":7.0,"gold_gain":0.0,"event_name":"Golden Idol","player_choice":"Lose Max HP","floor":2.0,"gold_loss":0.0,"damage_taken":0.0,"relics_obtained":["Golden Idol"]},{"cards_removed":["Strike_B"],"damage_healed":0.0,"max_hp_gain":0.0,"max_hp_loss":0.0,"gold_gain":0.0,"event_name":"Wheel of Change","player_choice":"Card Removal","floor":3.0,"gold_loss":0.0,"damage_taken":0.0},{"cards_removed":["Strike_B"],"damage_healed":0.0,"max_hp_gain":0.0,"max_hp_loss":0.0,"gold_gain":0.0,"event_name":"Living Wall","player_choice":"Forget","floor":10.0,"gold_loss":0.0,"damage_taken":0.0},{"damage_healed":0.0,"max_hp_gain":0.0,"max_hp_loss":0.0,"gold_gain":0.0,"event_name":"Scrap Ooze","player_choice":"Success","floor":11.0,"gold_loss":0.0,"damage_taken":18.0,"relics_obtained":["PreservedInsect"]},{"damage_healed":0,"gold_gain":0,"player_choice":"Fought Bandits","damage_taken":0,"max_hp_gain":0,"max_hp_loss":0,"event_name":"Masked Bandits","floor":19,"gold_loss":0}],"is_beta":false,"boss_relics":[{"not_picked":["Fusion Hammer","Runic Dome"],"picked":"SlaversCollar"}],"items_purged_floors":[],"is_endless":false,"potions_floor_spawned":[1,5,7,16],"killed_by":"Masked Bandits","ascension_level":20}}