{"host":"r4aerl4ckfvw1dw3","time":1611611386,"event":{"mods":["BaseMod","BetterRewards","Minty Spire (QoL Compilation)","Quick Restart","StSLib"],"gold_per_floor":[216,216,216,227,142,176,176,186,256,267,280,280,260,286,286,386,386,403,423,423,48,48,79,79,112,136,167,212,229,229,240,240,345,345,360,360,360,44,61,88,105,105,105,132,132,150,150,183,183,183,183,183,8,8,8],"floor_reached":54,"language":"ENG","playtime":3569,"items_purged":["Writhe"],"score":858,"play_id":"e0931eca-2511-444c-9eb6-fc387ce80531","local_time":"20210125134946","is_ascension_mode":true,"campfire_choices":[{"floor":7.0,"key":"REST"},{"floor":12.0,"key":"RECALL"},{"floor":15.0,"key":"REST"},{"floor":24.0,"key":"REST"},{"data":"Limit Break","floor":30.0,"key":"SMITH"},{"floor":32.0,"key":"REST"},{"data":"Body Slam","floor":45.0,"key":"SMITH"},{"floor":49.0,"key":"REST"},{"data":"Whirlwind","floor":52.0,"key":"SMITH"}],"circlet_count":0,"master_deck":["Strike_R+1","Strike_R+1","Strike_R+1","Strike_R+1","Strike_R+1","Defend_R+1","Defend_R+1","Defend_R+1","Defend_R+1","Bash","Iron Wave","Metallicize","Feel No Pain","Warcry","Anger","Thunderclap","Body Slam+1","Metallicize+1","Whirlwind+1","Metallicize+1","Ghostly Armor","Armaments+1","Reaper+1","Fire Breathing+1","Barricade+1","Armaments","Thunderclap+1","Fire Breathing+1","Writhe","Purity","Wild Strike+1","Rage+1","Hemokinesis+1","Dropkick+1","Thunderclap+1","Shrug It Off"],"relics":["Burning Blood","Pen Nib","Frozen Egg 2","Molten Egg 2","Busted Crown","Sundial","Akabeko","Pocketwatch","Mummified Hand","Lantern","Gremlin Horn","SlaversCollar","Ice Cream","Kunai","InkBottle","Smiling Mask","Question Card","Bronze Scales"],"acts_visited":["Exordium","TheCity","TheBeyond","TheEnding"],"potions_floor_usage":[],"damage_taken":[{"damage":0.0,"enemies":"Small Slimes","floor":1.0,"turns":3.0},{"damage":10.0,"enemies":"Cultist","floor":4.0,"turns":4.0},{"damage":45.0,"enemies":"Gremlin Nob","floor":6.0,"turns":6.0},{"damage":11.0,"enemies":"Jaw Worm","floor":8.0,"turns":4.0},{"damage":0.0,"enemies":"2 Fungi Beasts","floor":10.0,"turns":3.0},{"damage":13.0,"enemies":"Blue Slaver","floor":11.0,"turns":4.0},{"damage":13.0,"enemies":"Exordium Thugs","floor":13.0,"turns":4.0},{"damage":23.0,"enemies":"3 Sentries","floor":14.0,"turns":6.0},{"damage":37.0,"enemies":"Slime Boss","floor":16.0,"turns":15.0},{"damage":11.0,"enemies":"Shell Parasite","floor":18.0,"turns":7.0},{"damage":30.0,"enemies":"2 Thieves","floor":19.0,"turns":5.0},{"damage":26.0,"enemies":"Book of Stabbing","floor":23.0,"turns":8.0},{"damage":33.0,"enemies":"Gremlin Leader","floor":25.0,"turns":8.0},{"damage":21.0,"enemies":"Slavers","floor":27.0,"turns":6.0},{"damage":6.0,"enemies":"Snake Plant","floor":29.0,"turns":5.0},{"damage":10.0,"enemies":"3 Cultists","floor":31.0,"turns":5.0},{"damage":37.0,"enemies":"Collector","floor":33.0,"turns":8.0},{"damage":13.0,"enemies":"3 Darklings","floor":35.0,"turns":4.0},{"damage":3.0,"enemies":"3 Shapes","floor":39.0,"turns":2.0},{"damage":29.0,"enemies":"Reptomancer","floor":40.0,"turns":7.0},{"damage":24.0,"enemies":"Maw","floor":41.0,"turns":11.0},{"damage":26.0,"enemies":"Nemesis","floor":44.0,"turns":5.0},{"damage":11.0,"enemies":"4 Shapes","floor":46.0,"turns":3.0},{"damage":27.0,"enemies":"Giant Head","floor":48.0,"turns":7.0},{"damage":95.0,"enemies":"Awakened One","floor":50.0,"turns":15.0},{"damage":98,"enemies":"Shield and Spear","floor":54,"turns":5}],"seed_played":"6938760342087802876","potions_obtained":[{"floor":3.0,"key":"Weak Potion"},{"floor":3.0,"key":"Fruit Juice"},{"floor":3.0,"key":"Strength Potion"},{"floor":4.0,"key":"PowerPotion"},{"floor":8.0,"key":"BlessingOfTheForge"},{"floor":19.0,"key":"SkillPotion"},{"floor":25.0,"key":"ColorlessPotion"},{"floor":31.0,"key":"Energy Potion"},{"floor":33.0,"key":"Swift Potion"},{"floor":39.0,"key":"Regen Potion"},{"floor":44.0,"key":"Swift Potion"},{"floor":46.0,"key":"AttackPotion"}],"is_trial":false,"path_per_floor":["M","$","?","M","$","E","R","M","T","M","M","R","M","E","R","B",null,"M","M","?","$","?","E","R","E","T","E","T","M","R","M","R","B",null,"M","?","?","$","M","E","M","?","T","E","R","M","?","E","R","B",null,"R","$","E"],"character_chosen":"IRONCLAD","items_purchased":["Feel No Pain","Warcry","Reaper+1","Fire Breathing+1","Akabeko","Wild Strike+1","Ice Cream","Bronze Scales","Shrug It Off"],"campfire_rested":5,"item_purchase_floors":[5,5,21,21,21,38,38,53,53],"current_hp_per_floor":[80,80,85,81,81,42,67,62,62,68,61,61,54,37,62,31,85,80,56,56,56,56,49,74,55,55,57,57,61,61,67,85,71,85,83,85,85,85,85,82,79,79,79,66,66,82,82,77,85,11,85,85,85,0,0],"gold":8,"neow_bonus":"HUNDRED_GOLD","is_daily":false,"chose_seed":false,"campfire_upgraded":3,"win_rate":0.0,"timestamp":1611611386,"path_taken":["M","$","?","M","$","E","R","M","T","M","?","R","?","E","R","BOSS","M","M","?","$","?","E","R","E","T","E","?","?","R","?","R","BOSS","M","?","?","$","M","E","?","?","T","E","R","M","?","E","R","BOSS","R","$","E"],"items_purchased_type":["Card","Card","Card","Card","Relic","Card","Relic","Relic","Card"],"build_version":"2020-12-22","purchased_purges":1,"victory":false,"max_hp_per_floor":[80,80,85,85,85,85,85,85,85,85,85,85,85,85,85,85,85,85,85,85,85,85,85,85,85,85,85,85,85,85,85,85,85,85,85,85,85,85,85,85,85,85,85,85,85,85,85,85,85,85,85,85,85,85,85],"card_choices":[{"not_picked":["Carnage","Havoc"],"picked":"Iron Wave","floor":1.0},{"not_picked":["Dropkick","Entrench"],"picked":"Metallicize","floor":4.0},{"not_picked":["Dark Embrace","Power Through"],"picked":"Anger","floor":6.0},{"not_picked":["Reckless Charge","Power Through"],"picked":"Thunderclap","floor":8.0},{"not_picked":["Clash","Pommel Strike"],"picked":"Body Slam","floor":10.0},{"not_picked":["Iron Wave","Anger"],"picked":"Metallicize+1","floor":11.0},{"not_picked":["Iron Wave","Cleave"],"picked":"Whirlwind","floor":13.0},{"not_picked":["Sentinel","Combust+1"],"picked":"Metallicize+1","floor":14.0},{"not_picked":["Bludgeon+1","Double Tap"],"picked":"Limit Break","floor":16.0},{"not_picked":[],"picked":"Ghostly Armor","floor":18.0},{"not_picked":[],"picked":"Armaments+1","floor":19.0},{"not_picked":["Anger+1"],"picked":"SKIP","floor":23.0},{"not_picked":[],"picked":"Barricade+1","floor":25.0},{"not_picked":[],"picked":"Armaments","floor":27.0},{"not_picked":[],"picked":"Thunderclap+1","floor":29.0},{"not_picked":["Pommel Strike+1"],"picked":"SKIP","floor":31.0},{"not_picked":[],"picked":"Fire Breathing+1","floor":35.0},{"not_picked":[],"picked":"Purity","floor":37.0},{"not_picked":["Armaments"],"picked":"SKIP","floor":39.0},{"not_picked":[],"picked":"Rage+1","floor":40.0},{"not_picked":[],"picked":"Hemokinesis+1","floor":41.0},{"not_picked":[],"picked":"Dropkick+1","floor":44.0},{"not_picked":[],"picked":"Thunderclap+1","floor":46.0},{"not_picked":["Anger+1"],"picked":"SKIP","floor":48.0}],"player_experience":400752,"relics_obtained":[{"floor":6.0,"key":"Pen Nib"},{"floor":9.0,"key":"Frozen Egg 2"},{"floor":14.0,"key":"Molten Egg 2"},{"floor":23.0,"key":"Pocketwatch"},{"floor":25.0,"key":"Mummified Hand"},{"floor":26.0,"key":"Lantern"},{"floor":27.0,"key":"Gremlin Horn"},{"floor":40.0,"key":"Kunai"},{"floor":43.0,"key":"InkBottle"},{"floor":44.0,"key":"Smiling Mask"},{"floor":48.0,"key":"Question Card"}],"event_choices":[{"damage_healed":0.0,"max_hp_gain":0.0,"max_hp_loss":0.0,"gold_gain":0.0,"event_name":"Lab","player_choice":"Got Potions","floor":3.0,"gold_loss":0.0,"damage_taken":0.0},{"damage_healed":0.0,"max_hp_gain":0.0,"max_hp_loss":0.0,"gold_gain":0.0,"event_name":"The Mausoleum","player_choice":"Opened","floor":20.0,"gold_loss":0.0,"damage_taken":0.0,"relics_obtained":["Sundial"],"cards_obtained":["Writhe"]},{"damage_healed":0.0,"max_hp_gain":0.0,"max_hp_loss":0.0,"gold_gain":0.0,"event_name":"Back to Basics","player_choice":"Simplicity","floor":22.0,"gold_loss":0.0,"damage_taken":0.0,"cards_upgraded":["Strike_R","Strike_R","Strike_R","Strike_R","Strike_R","Defend_R","Defend_R","Defend_R","Defend_R"]},{"damage_healed":21.0,"max_hp_gain":0.0,"max_hp_loss":0.0,"gold_gain":0.0,"event_name":"Winding Halls","player_choice":"Writhe","floor":36.0,"gold_loss":0.0,"damage_taken":0.0,"cards_obtained":["Writhe"]},{"damage_healed":0.0,"max_hp_gain":0.0,"max_hp_loss":0.0,"gold_gain":0.0,"event_name":"SensoryStone","player_choice":"Memory 1","floor":37.0,"gold_loss":0.0,"damage_taken":0.0},{"cards_removed":["Limit Break"],"damage_healed":0.0,"max_hp_gain":0.0,"max_hp_loss":0.0,"gold_gain":0.0,"event_name":"Falling","player_choice":"Removed Skill","floor":42.0,"gold_loss":0.0,"damage_taken":0.0},{"damage_healed":0.0,"max_hp_gain":0.0,"max_hp_loss":0.0,"gold_gain":0.0,"event_name":"Tomb of Lord Red Mask","player_choice":"Ignored","floor":47.0,"gold_loss":0.0,"damage_taken":0.0}],"is_beta":false,"boss_relics":[{"not_picked":["Runic Pyramid","Tiny House"],"picked":"Busted Crown"},{"not_picked":["Coffee Dripper","Runic Cube"],"picked":"SlaversCollar"}],"items_purged_floors":[21],"is_endless":false,"potions_floor_spawned":[4,8,13,19,25,31,33,39,44,46],"killed_by":"Shield and Spear","ascension_level":1}}