{"host":"zwuytn9vh5b8tdl7","time":1611603654,"event":{"mods":["AchievementEnabler","BaseMod","Colored Powertips","GifTheSpireLib","Minty Spire (QoL Compilation)","Rare Cards Sparkle","StSLib","The Animator"],"gold_per_floor":[125,139,169,134,134,166,116,116,116,116,145,145,155,167,167,263,263,273,273,304,45,84,84,84,84],"floor_reached":24,"language":"ENG","playtime":1213,"items_purged":[],"score":198,"play_id":"d150026a-0bc7-4427-8826-7f72caac21a2","local_time":"20210125144054","is_ascension_mode":false,"campfire_choices":[{"floor":8,"key":"REST"},{"floor":10,"key":"REST"},{"floor":15,"key":"REST"},{"floor":23,"key":"REST"}],"circlet_count":0,"master_deck":["animator:Strike_Konosuba","animator:Defend_Konosuba","animator:Strike","animator:Strike","animator:Strike","animator:Defend","animator:Defend","animator:Defend","animator:Kazuma","animator:Aqua","animator:Hans","animator:Konayuki","animator:AcuraTooru","animator:Mitsurugi","animator:YunYun","animator:Viivi","animator:Megumin+7","animator:MisaKurobane","animator:Kazuma","animator:Biyorigo","animator:CowGirl+1","animator:Vanir"],"relics":["animator:LivingPicture","animator:TheMissingPiece","Art of War","Orichalcum","TungstenRod","animator:HolyGrailRelic","Toxic Egg 2"],"acts_visited":["Exordium","TheCity"],"potions_floor_usage":[16,18,24],"damage_taken":[{"damage":0.0,"enemies":"Cultist","floor":1.0,"turns":5.0},{"damage":11.0,"enemies":"2 Louse","floor":2.0,"turns":3.0},{"damage":15,"enemies":"Small Slimes","floor":3,"turns":4},{"damage":41,"enemies":"Gremlin Nob","floor":6,"turns":6},{"damage":3,"enemies":"Exordium Thugs","floor":11,"turns":3},{"damage":7,"enemies":"Exordium Wildlife","floor":13,"turns":4},{"damage":0,"enemies":"Lots of Slimes","floor":14,"turns":1},{"damage":27,"enemies":"Slime Boss","floor":16,"turns":7},{"damage":25,"enemies":"2 Thieves","floor":18,"turns":4},{"damage":26,"enemies":"Shell Parasite","floor":20,"turns":7},{"damage":19,"enemies":"Sentry and Sphere","floor":22,"turns":5},{"damage":41,"enemies":"Gremlin Leader","floor":24,"turns":7}],"seed_played":"7568164812887637840","potions_obtained":[{"floor":2.0,"key":"SmokeBomb"},{"floor":6,"key":"Energy Potion"},{"floor":13,"key":"Strength Potion"},{"floor":14,"key":"animator:FalseLifePotion"}],"is_trial":false,"path_per_floor":["M","M","M","?","?","E","$","R","T","R","M","?","M","M","R","B",null,"M","?","M","$","M","R","E"],"character_chosen":"THE_ANIMATOR","items_purchased":["animator:Viivi","Toxic Egg 2"],"campfire_rested":4,"item_purchase_floors":[7,21],"current_hp_per_floor":[66,55,42,58,58,18,18,38,38,58,57,57,52,55,68,44,77,54,54,33,33,16,39,0,0],"gold":84,"neow_bonus":"ONE_RANDOM_RARE_CARD","is_daily":false,"chose_seed":false,"campfire_upgraded":0,"win_rate":0.0,"timestamp":1611603654,"path_taken":["M","?","M","?","?","E","$","R","T","R","?","?","M","?","R","BOSS","M","?","M","$","?","R","E"],"items_purchased_type":["Card","Relic"],"build_version":"2020-12-22","purchased_purges":0,"victory":false,"max_hp_per_floor":[66,66,66,66,66,67,67,67,67,67,67,67,67,68,68,69,77,77,77,77,77,77,77,77,77],"card_choices":[{"not_picked":["animator:Priestess","animator:Rider"],"picked":"animator:Konayuki","floor":1.0},{"not_picked":["animator:Archer","animator:Geryuganshoop"],"picked":"animator:AcuraTooru","floor":2.0},{"not_picked":["animator:Togame","animator:Assassin"],"picked":"animator:Mitsurugi","floor":3},{"not_picked":["animator:Kazuma","animator:Verdia"],"picked":"animator:YunYun","floor":6},{"not_picked":["animator:FielNirvalen","animator:MumenRider"],"picked":"animator:Megumin","floor":11},{"not_picked":["animator:ChaikaBohdan","animator:Aqua"],"picked":"animator:Kazuma","floor":13},{"not_picked":["animator:Layla","animator:Gillette"],"picked":"animator:Emonzaemon","floor":14},{"not_picked":["animator:Hans","animator:Wiz"],"picked":"animator:Eris","floor":16},{"not_picked":["animator:Chris","animator:YunYun"],"picked":"animator:Megumin","floor":18},{"not_picked":["animator:Azekura","animator:Priestess+1"],"picked":"animator:CowGirl+1","floor":20},{"not_picked":["animator:DolaStephanie+1","animator:HighElfArcher"],"picked":"animator:Vanir","floor":22}],"player_experience":326833,"relics_obtained":[{"floor":6,"key":"Orichalcum"},{"floor":9,"key":"TungstenRod"}],"event_choices":[{"damage_healed":16,"gold_gain":0,"player_choice":"Healed","damage_taken":0,"max_hp_gain":0,"max_hp_loss":0,"event_name":"The Cleric","floor":4,"gold_loss":35},{"damage_healed":0,"gold_gain":0,"player_choice":"Gave Potion","damage_taken":0,"relics_obtained":["Art of War"],"max_hp_gain":0,"max_hp_loss":0,"event_name":"WeMeetAgain","floor":5,"gold_loss":0},{"damage_healed":0,"gold_gain":0,"player_choice":"1 cards matched","damage_taken":0,"max_hp_gain":0,"max_hp_loss":0,"event_name":"Match and Keep!","floor":12,"gold_loss":0,"cards_obtained":["animator:MisaKurobane"]},{"damage_healed":0,"gold_gain":0,"cards_transformed":["animator:Emonzaemon"],"player_choice":"Transformed","damage_taken":0,"max_hp_gain":0,"max_hp_loss":0,"event_name":"Transmorgrifier","floor":19,"gold_loss":0,"cards_obtained":["animator:Biyorigo"]}],"is_beta":false,"boss_relics":[{"not_picked":["Runic Dome","Black Star"],"picked":"animator:HolyGrailRelic"}],"items_purged_floors":[],"is_endless":false,"potions_floor_spawned":[2,6,13,14],"killed_by":"Gremlin Leader","ascension_level":0}}