{"host":"56d873i5r3uhle0q","time":1611595911,"event":{"mods":["100% Spire Juice","Act Like it!","Aspiration","BaseMod","Block Reminder","Conspire","Dota2Spire","Downfall","Gensokyo","Hermit","Hubris","Infinite Spire","Jedi Mod","Lobotomy","LobotomyExtend","Marisa????????","Marked Mod","Minty Spire (QoL Compilation)","Reliquary","Replay The Spire","StSLib","The Animator","The Bug Knight","The Cursed","The Marked","The Servant 0.9.4","everything is the same but u backflip on backflip","??????REMEMod"],"gold_per_floor":[210,210,210,210,228,241,241,273,300,315,315,201,215,233,233,533,533,550,550,550,565,472,472,472,472,472,472,486,486,486],"floor_reached":29,"language":"ENG","playtime":1223,"items_purged":[],"score":223,"play_id":"8ca5b6f6-3509-4a69-9e2c-333204b07db2","local_time":"20210125103151","is_ascension_mode":false,"campfire_choices":[{"data":"Demon Form","floor":7.0,"key":"SMITH"},{"floor":15.0,"key":"REST"},{"floor":23.0,"key":"REST"},{"floor":25.0,"key":"REST"},{"data":"Feed","floor":27.0,"key":"SMITH"}],"circlet_count":0,"master_deck":["Strike_R","Strike_R","Strike_R","Strike_R","Strike_R","Defend_R","Defend_R","Defend_R","Defend_R","Bash","Demon Form+1","Fire Breathing","hubris:ReadiedAction","Feed+1","Anger","REME_TheoryOfElimination"],"relics":["Burning Blood","REME_ComplimentaryCards","Dota2Spire:HeartOfTarrasque","reliquary:JackalopeAntler","hubris:SlimyHat","hubris:Backtick","Unceasing Top","infinitespire:Lychee Nut","Dota2Spire:PowerTreads","Dota2Spire:BattleFury"],"acts_visited":["Gensokyo:Gensokyo","Gensokyo:Gensokyoer"],"potions_floor_usage":[29,29],"damage_taken":[{"damage":4.0,"enemies":"Gensokyo:3_Fairies","floor":1.0,"turns":5.0},{"damage":2.0,"enemies":"Gensokyo:Gryphon","floor":5.0,"turns":3.0},{"damage":10.0,"enemies":"Gensokyo:2_Kodama","floor":6.0,"turns":5.0},{"damage":14.0,"enemies":"Gensokyo:Cirno","floor":8.0,"turns":7.0},{"damage":7.0,"enemies":"Gensokyo:VengefulSpirit","floor":10.0,"turns":5.0},{"damage":31.0,"enemies":"Gensokyo:2_Rabbits","floor":13.0,"turns":7.0},{"damage":29.0,"enemies":"Gensokyo:3_Kodama","floor":14.0,"turns":7.0},{"damage":61.0,"enemies":"Gensokyo:Yukari","floor":16.0,"turns":18.0},{"damage":33.0,"enemies":"Gensokyo:2_Gloops","floor":18.0,"turns":6.0},{"damage":26.0,"enemies":"Gensokyo:3_Dogs","floor":21.0,"turns":5.0},{"damage":45.0,"enemies":"Gensokyo:Swordslinger","floor":28.0,"turns":4.0},{"damage":41,"enemies":"Gensokyo:Chomper_and_Gloop","floor":29,"turns":5}],"seed_played":"-504334800912402387","potions_obtained":[{"floor":6.0,"key":"EssenceOfSteel"},{"floor":10.0,"key":"Milkshake"},{"floor":14.0,"key":"sneckomod:MuddlingPotion"},{"floor":21.0,"key":"conspire:TimeTravelPotion"},{"floor":28.0,"key":"EssenceOfSteel"}],"is_trial":false,"path_per_floor":["M","T","?","$","M","M","R","E","T","M","?","COS","M","M","R","B",null,"M","?","?","M","$","R","AVR","R","T","R","M","M"],"character_chosen":"IRONCLAD","items_purchased":["REME_TheoryOfElimination"],"campfire_rested":3,"item_purchase_floors":[22],"current_hp_per_floor":[80,88,88,88,88,84,84,80,80,79,79,79,54,31,57,10,88,43,43,43,29,29,47,47,63,63,63,31,0,0],"gold":486,"neow_bonus":"HUNDRED_GOLD","is_daily":false,"chose_seed":false,"campfire_upgraded":2,"win_rate":0.0,"timestamp":1611595911,"path_taken":["M","?","?","$","?","M","R","E","T","M","?","COS","M","M","R","BOSS","M","?","?","M","$","R","AVR","R","T","R","M","M"],"items_purchased_type":["Card"],"build_version":"2020-12-22","purchased_purges":0,"victory":false,"max_hp_per_floor":[80,88,88,88,88,88,88,88,88,88,88,88,88,88,88,88,88,68,68,63,63,63,63,63,63,63,63,67,71,71],"card_choices":[{"not_picked":["Thunderclap","Feel No Pain","Clothesline"],"picked":"SKIP","floor":1.0},{"not_picked":["conspire:Charge","infinitespire:OneForAll","REME_FearOfPain"],"picked":"SKIP","floor":5.0},{"not_picked":["Ghostly Armor","jedi:fear"],"picked":"Fire Breathing","floor":6.0},{"not_picked":["Clothesline","Hemogenesis","Ghostly Armor"],"picked":"SKIP","floor":8.0},{"not_picked":["Body Slam","ReplayTheSpireMod:Stacked","Thunderclap"],"picked":"SKIP","floor":10.0},{"not_picked":["jedi:controlledanger","Shrug It Off"],"picked":"hubris:ReadiedAction","floor":11.0},{"not_picked":["Heavy Blade","jedi:collectorstrike","Hemokinesis"],"picked":"SKIP","floor":13.0},{"not_picked":["True Grit","Shrug It Off","Entrench"],"picked":"SKIP","floor":14.0},{"not_picked":["hubris:StunningStrike","Berserk"],"picked":"Feed","floor":16.0},{"not_picked":["infinitespire:OneForAll","Heavy Blade"],"picked":"Anger","floor":18.0},{"not_picked":["Hemokinesis","Heavy Blade","Defy Death"],"picked":"SKIP","floor":21.0},{"not_picked":["Pommel Strike","Warcry","Dual Wield"],"picked":"SKIP","floor":28.0}],"player_experience":598709,"relics_obtained":[{"floor":2.0,"key":"Dota2Spire:HeartOfTarrasque"},{"floor":8.0,"key":"reliquary:JackalopeAntler"},{"floor":9.0,"key":"hubris:SlimyHat"},{"floor":26.0,"key":"Dota2Spire:BattleFury"}],"event_choices":[],"is_beta":false,"boss_relics":[{"not_picked":["aspiration:SecretTechniqueScroll","hubris:HollowSoul"],"picked":"hubris:Backtick"}],"items_purged_floors":[],"is_endless":false,"potions_floor_spawned":[6,10,14,16,21,28],"killed_by":"Gensokyo:Chomper_and_Gloop","ascension_level":0}}