{"host":"clf2hd4adhiiw0zf","time":1611533985,"event":{"mods":["AchievementEnabler","BaseMod","Beaked The Cultist","Bestiary","Dark Map","Downfall","Gremlin Mod","Hermit","Jorbs\u0027s Wanderer Trilogy","Marisa????????","Minty Spire (QoL Compilation)","Shop Mod","StSLib","The Cursed","The Servant 0.9.4","UnlockEverythingMod","Wide Potions"],"gold_per_floor":[99,119,119,104,104,554,554,573,373,548,568,599,499,511,524,621,621,621,636,636,646,78,63,89,118,118,118,118,134,149,149,163,163,163],"floor_reached":33,"language":"ENG","playtime":1586,"items_purged":[],"score":290,"play_id":"3ed332dd-15cb-4196-b724-0ed5b4cc8344","local_time":"20210124171945","is_ascension_mode":false,"campfire_choices":[{"floor":1.0,"key":"RECALL"},{"data":"hermit:FlashPowder","floor":9.0,"key":"SMITH"},{"data":"hermit:Maintenance","floor":13.0,"key":"SMITH"},{"data":"hermit:GoldenBullet","floor":18,"key":"SMITH"},{"data":"expansioncontent:QuickStudy","floor":27,"key":"SMITH"}],"circlet_count":0,"master_deck":["hermit:Strike_Hermit","hermit:Strike_Hermit","hermit:Strike_Hermit","hermit:Defend_Hermit","hermit:Defend_Hermit","hermit:Defend_Hermit","hermit:Defend_Hermit","hermit:Snapshot","hermit:Covet","hermit:ItchyTrigger","hermit:Desperado","downfall:Icky","downfall:Icky","downfall:Icky","hermit:FlashPowder+1","Doubt","hermit:GoldenBullet+1","hermit:Maintenance+1","hermit:Showdown+1","hermit:Reprieve","hermit:HighCaliber+1","hermit:HeroicBravado","hermit:Virtue","hermit:ShadowCloak","expansioncontent:QuickStudy+1","hermit:TrackingShot+1","hermit:OverwhelmingPower","hermit:Snipe","hermit:Maintenance+1"],"relics":["hermit:Momento","hermit:CharredGlove","downfall:HeartBlessingRed","downfall:HeartBlessingBlue","Molten Egg 2","downfall:HeartBlessingGreen","bronze:MakeshiftBattery","Turnip","Blood Vial","Shuriken","Singing Bowl"],"acts_visited":["Exordium","TheCity"],"potions_floor_usage":[16,16,33,33],"damage_taken":[{"damage":9.0,"enemies":"Small Slimes","floor":2.0,"turns":3.0},{"damage":0.0,"enemies":"downfall:FleeingMerchant","floor":4.0,"turns":4.0},{"damage":11.0,"enemies":"Jaw Worm","floor":8.0,"turns":2.0},{"damage":0.0,"enemies":"2 Louse","floor":11.0,"turns":1.0},{"damage":36.0,"enemies":"Lagavulin","floor":12.0,"turns":8.0},{"damage":7.0,"enemies":"Large Slime","floor":14.0,"turns":6.0},{"damage":0.0,"enemies":"3 Louse","floor":15.0,"turns":3.0},{"damage":9,"enemies":"IC_STATUS_ARCHETYPE","floor":16,"turns":6},{"damage":43,"enemies":"Chosen","floor":19,"turns":7},{"damage":0,"enemies":"Spheric Guardian","floor":21,"turns":3},{"damage":3,"enemies":"downfall:FleeingMerchant","floor":22,"turns":4},{"damage":13,"enemies":"downfall:FleeingMerchant","floor":23,"turns":4},{"damage":44,"enemies":"Gremlin Leader","floor":25,"turns":8},{"damage":10,"enemies":"Snake Plant","floor":29,"turns":3},{"damage":38,"enemies":"Cultist and Chosen","floor":30,"turns":7},{"damage":38,"enemies":"Centurion and Healer","floor":32,"turns":5},{"damage":74,"enemies":"SI_MIRROR_ARCHETYPE","floor":33,"turns":12}],"seed_played":"-6850418443654174293","potions_obtained":[{"floor":2.0,"key":"Guardian:BlockOnCardUsePotion"},{"floor":14.0,"key":"PowerPotion"},{"floor":15.0,"key":"CultistPotion"},{"floor":19,"key":"hermit:Tonic"},{"floor":21,"key":"CultistPotion"},{"floor":25,"key":"Regen Potion"}],"is_trial":false,"path_per_floor":["R","M","?","$","?","?","T","M","R","?","M","E","R","M","M","B",null,"R","M","?","M","$","$","T","E","?","R","T","M","M","?","M","B"],"character_chosen":"HERMIT","items_purchased":["Turnip","hermit:ShadowCloak","expansioncontent:QuickStudy"],"campfire_rested":0,"item_purchase_floors":[22,22,22],"current_hp_per_floor":[82,73,73,73,61,61,61,50,60,60,60,24,24,17,17,20,92,92,49,102,102,99,94,94,58,58,58,58,50,24,58,40,0,0],"gold":163,"neow_bonus":"TEN_PERCENT_HP_BONUS","is_daily":false,"chose_seed":false,"campfire_upgraded":4,"win_rate":0.0,"timestamp":1611533985,"path_taken":["R","M","?","?","?","?","T","M","R","?","M","E","R","M","M","BOSS","R","M","?","M","?","$","T","E","?","R","?","M","?","?","M","BOSS"],"items_purchased_type":["Relic","Card","Card"],"build_version":"2020-12-22","purchased_purges":0,"victory":false,"max_hp_per_floor":[82,82,82,82,82,82,82,82,92,92,92,92,92,92,92,92,92,92,92,102,102,102,102,102,102,102,102,102,102,102,102,104,104,104],"card_choices":[{"not_picked":["hermit:Cheat","hermit:Dive"],"picked":"hermit:ItchyTrigger","floor":2.0},{"not_picked":["hermit:Horror","hermit:CalledShot"],"picked":"hermit:Desperado","floor":4.0},{"not_picked":["hermit:HoleUp","hermit:Dive"],"picked":"hermit:FlashPowder","floor":8.0},{"not_picked":["hermit:Enervate","hermit:Roulette"],"picked":"hermit:GoldenBullet","floor":11.0},{"not_picked":["hermit:Virtue","hermit:Headshot+1"],"picked":"hermit:Maintenance","floor":12.0},{"not_picked":["hermit:ItchyTrigger+1","hermit:Misfire+1"],"picked":"hermit:Showdown+1","floor":14.0},{"not_picked":["hermit:ItchyTrigger+1","hermit:Misfire+1"],"picked":"hermit:Reprieve","floor":15.0},{"not_picked":["hermit:EternalForm","hermit:HighNoon"],"picked":"hermit:FinalCanter+1","floor":16},{"not_picked":["hermit:Grudge+1","hermit:Quickdraw+1"],"picked":"hermit:HighCaliber+1","floor":19},{"not_picked":["hermit:Glare","hermit:Enervate+1"],"picked":"hermit:HeroicBravado","floor":21},{"not_picked":["hermit:GoldenBullet+1","hermit:Feint"],"picked":"hermit:Virtue","floor":22},{"not_picked":["hermit:SprayPray+1","hermit:HoleUp"],"picked":"hermit:TrackingShot+1","floor":23},{"not_picked":["hermit:LoneWolf","hermit:Dive"],"picked":"hermit:OverwhelmingPower","floor":25},{"not_picked":["hermit:LoneWolf","hermit:Headshot+1"],"picked":"hermit:Snipe","floor":29},{"not_picked":["hermit:Coalescence","hermit:Feint"],"picked":"hermit:Maintenance+1","floor":30},{"not_picked":["hermit:HighCaliber+1","hermit:Desperado+1","hermit:Vantage"],"picked":"Singing Bowl","floor":32}],"player_experience":111108,"relics_obtained":[{"floor":12.0,"key":"Molten Egg 2"},{"floor":24,"key":"Blood Vial"},{"floor":25,"key":"Shuriken"},{"floor":28,"key":"Singing Bowl"}],"event_choices":[{"damage_healed":0.0,"max_hp_gain":0.0,"max_hp_loss":0.0,"gold_gain":0.0,"event_name":"Scrap Ooze","player_choice":"Success","floor":5.0,"gold_loss":0.0,"damage_taken":12.0,"relics_obtained":["hermit:CharredGlove"]},{"cards_removed":["hermit:FinalCanter"],"damage_healed":43,"gold_gain":0,"player_choice":"Offered Rare","damage_taken":0,"max_hp_gain":10,"max_hp_loss":0,"event_name":"Bonfire Elementals","floor":20,"gold_loss":0},{"damage_healed":0,"gold_gain":0,"player_choice":"Ignored","damage_taken":0,"max_hp_gain":0,"max_hp_loss":0,"event_name":"Vampires","floor":26,"gold_loss":0},{"damage_healed":34,"gold_gain":0,"player_choice":"Heal","damage_taken":0,"max_hp_gain":0,"max_hp_loss":0,"event_name":"The Library","floor":31,"gold_loss":0}],"is_beta":false,"boss_relics":[{"not_picked":["hermit:DentedPlate","Runic Dome"],"picked":"bronze:MakeshiftBattery"}],"items_purged_floors":[],"is_endless":false,"potions_floor_spawned":[2,14,15,19,21,25,32],"killed_by":"SI_MIRROR_ARCHETYPE","ascension_level":0}}