{"host":"vyiqbz5w606ur92t","time":1611580539,"event":{"mods":["BaseMod","Downfall","Minty Spire (QoL Compilation)","StSLib"],"gold_per_floor":[99,116,116,116,26,45,45,74,74,101,111,124,109,120,139,243,243,143,161,68,68,85,98,98,98,124,201,213,13,26,36,50,155,155,155,175,195,212,224,224,271,271,324,209,209,243,243,261,281,281,281,316,36,36,36,36],"floor_reached":57,"language":"ENG","playtime":8796,"items_purged":["Pain","downfall:Aged","Pain"],"score":1218,"play_id":"c7d266e7-7ddf-42cd-8aa4-adcc8fda8499","local_time":"20210125131539","is_ascension_mode":false,"campfire_choices":[{"floor":1,"key":"RECALL"},{"data":"Guardian:BronzeOrb","floor":9,"key":"SMITH"},{"data":"Guardian:FastForward","floor":18,"key":"SMITH"},{"data":"Guardian:BodySlam","floor":25,"key":"SMITH"},{"data":"Guardian:Preprogram","floor":29,"key":"SMITH"},{"data":"Guardian:DonusPower","floor":35,"key":"SMITH"},{"data":"Guardian:BodySlam","floor":40,"key":"SMITH"},{"data":"Guardian:Suspension","floor":42,"key":"SMITH"},{"data":"Guardian:CurlUp","floor":47,"key":"SMITH"},{"data":"Guardian:SphericShield","floor":54,"key":"SMITH"}],"circlet_count":0,"master_deck":["Guardian:CurlUp+1","Guardian:TwinSlam","Guardian:BronzeOrb+1","Guardian:Reroute","Guardian:Preprogram+1","Guardian:Planning","Guardian:BodySlam+1","Guardian:Incinerate","Guardian:TemporalStrike","Guardian:Incinerate","Guardian:FastForward+1","Guardian:Repulse+1","Guardian:SpikerProtocol","Guardian:FloatingOrbs","Guardian:Reroute","Guardian:SpikerProtocol","Guardian:TemporalShield+1","Guardian:Clone+1","Guardian:VentSteam","Guardian:BodySlam+1","Guardian:DonusPower+1","Guardian:TimeSifter+1","Guardian:CrystalBeam","Guardian:SphericShield+1","Guardian:Suspension+1","Guardian:PolyBeam","Guardian:PrimingBeam","Guardian:Incinerate","Guardian:PolyBeam","Guardian:Recover+1","Guardian:PiercingHide+1","Guardian:DonusPower+1","Guardian:ConstructionForm+1","Guardian:SphericShield","Guardian:ShieldCharger"],"relics":["Guardian:ModeShifter","WarpedTongs","CaptainsWheel","Bronze Scales","Torii","Coffee Dripper","downfall:HeartBlessingRed","Frozen Egg 2","Bottled Lightning","downfall:HeartBlessingBlue","downfall:HeartBlessingGreen","Pandora\u0027s Box","Blood Vial","Ice Cream","Gremlin Horn","Dead Branch","Toolbox"],"acts_visited":["Exordium","TheCity","TheBeyond","TheEnding"],"potions_floor_usage":[28,33,52,52,52,52,56,56],"damage_taken":[{"damage":5,"enemies":"Small Slimes","floor":2,"turns":4},{"damage":4,"enemies":"downfall:FleeingMerchant","floor":5,"turns":4},{"damage":0,"enemies":"Jaw Worm","floor":6,"turns":3},{"damage":14,"enemies":"Gremlin Nob","floor":8,"turns":4},{"damage":8,"enemies":"3 Sentries","floor":10,"turns":8},{"damage":0,"enemies":"Cultist","floor":11,"turns":3},{"damage":1,"enemies":"2 Fungi Beasts","floor":12,"turns":3},{"damage":1,"enemies":"downfall:FleeingMerchant","floor":13,"turns":4},{"damage":0,"enemies":"Exordium Thugs","floor":14,"turns":3},{"damage":1,"enemies":"Exordium Wildlife","floor":15,"turns":3},{"damage":42,"enemies":"IC_STATUS_ARCHETYPE","floor":16,"turns":8},{"damage":0,"enemies":"3 Byrds","floor":19,"turns":4},{"damage":2,"enemies":"downfall:FleeingMerchant","floor":20,"turns":4},{"damage":2,"enemies":"Chosen","floor":22,"turns":4},{"damage":6,"enemies":"Snake Plant","floor":23,"turns":3},{"damage":7,"enemies":"Gremlin Leader","floor":26,"turns":5},{"damage":1,"enemies":"Sentry and Sphere","floor":28,"turns":5},{"damage":1,"enemies":"Cultist and Chosen","floor":30,"turns":3},{"damage":1,"enemies":"Centurion and Healer","floor":31,"turns":5},{"damage":1,"enemies":"Chosen and Byrds","floor":32,"turns":4},{"damage":21,"enemies":"SI_MIRROR_ARCHETYPE","floor":33,"turns":8},{"damage":43,"enemies":"3 Darklings","floor":36,"turns":3},{"damage":0,"enemies":"Orb Walker","floor":37,"turns":4},{"damage":8,"enemies":"Spire Growth","floor":38,"turns":4},{"damage":1,"enemies":"4 Shapes","floor":39,"turns":4},{"damage":0,"enemies":"2 Orb Walkers","floor":43,"turns":4},{"damage":0,"enemies":"downfall:FleeingMerchant","floor":44,"turns":4},{"damage":14,"enemies":"Nemesis","floor":46,"turns":7},{"damage":1,"enemies":"Sphere and 2 Shapes","floor":48,"turns":3},{"damage":0,"enemies":"3 Darklings","floor":49,"turns":3},{"damage":40,"enemies":"DF_ARCHETYPE_ORBS","floor":50,"turns":6},{"damage":6,"enemies":"downfall:CharBossMerchant","floor":52,"turns":8},{"damage":0,"enemies":"downfall:NeowBoss","floor":55,"turns":12},{"damage":51,"enemies":"downfall:NeowBossFinal","floor":56,"turns":9}],"seed_played":"4274683252541692778","potions_obtained":[{"floor":2,"key":"EntropicBrew"},{"floor":6,"key":"Regen Potion"},{"floor":8,"key":"Block Potion"},{"floor":23,"key":"Strength Potion"},{"floor":28,"key":"Fruit Juice"},{"floor":31,"key":"ColorlessPotion"},{"floor":33,"key":"Ancient Potion"},{"floor":52,"key":"Block Potion"}],"is_trial":false,"path_per_floor":["R","M","?","?","$","M","T","E","R","E","M","M","$","M","M","B",null,"R","M","$","?","M","M","T","R","E","T","M","R","M","M","M","B",null,"R","M","M","M","M","R","T","R","?","$","?","E","R","M","M","B",null,"E","$","R","B","B",null],"character_chosen":"GUARDIAN","items_purchased":["Guardian:FloatingOrbs","Toolbox"],"campfire_rested":0,"item_purchase_floors":[20,53],"current_hp_per_floor":[88,83,83,83,79,79,79,65,65,57,57,56,55,55,54,12,88,88,88,86,86,84,78,78,78,71,71,75,85,84,83,82,61,103,103,60,60,52,51,51,51,51,53,55,70,58,58,59,61,23,118,112,112,112,114,65],"gold":36,"neow_bonus":"TEN_PERCENT_HP_BONUS","is_daily":false,"chose_seed":false,"campfire_upgraded":9,"win_rate":0.0,"timestamp":1611580539,"path_taken":["R","M","?","?","$","M","T","E","R","E","M","M","$","M","M","BOSS","R","M","?","?","M","?","T","R","E","?","M","R","M","M","M","BOSS","R","M","M","M","M","R","T","R","?","$","?","E","R","M","M","BOSS","E","$","R","BOSS","BOSS"],"items_purchased_type":["Card","Relic"],"build_version":"2020-12-22","purchased_purges":3,"victory":true,"max_hp_per_floor":[88,88,88,88,88,88,88,88,88,88,88,88,88,88,88,88,88,88,88,88,88,88,88,88,88,88,88,93,103,103,103,103,103,103,103,103,103,103,103,103,103,103,103,103,118,118,118,118,118,118,118,118,118,118,118,118],"card_choices":[{"not_picked":["Guardian:Gem_Cyan","Guardian:RollAttack"],"picked":"Guardian:BronzeOrb","floor":2},{"not_picked":["Guardian:RollAttack","Guardian:Suspension"],"picked":"Guardian:Gem_White","floor":5},{"not_picked":["Guardian:Recover","Guardian:Gem_Red"],"picked":"Guardian:Reroute","floor":6},{"not_picked":["Guardian:ArmoredProtocol","Guardian:Gem_Purple"],"picked":"Guardian:Preprogram","floor":8},{"not_picked":["Guardian:SphericShield","Guardian:GuardianWhirl"],"picked":"Guardian:Planning","floor":10},{"not_picked":["Guardian:Gem_Lightblue","Guardian:DonusPower"],"picked":"Guardian:BodySlam","floor":11},{"not_picked":["Guardian:BronzeOrb","Guardian:ShieldCharger"],"picked":"Guardian:Gem_Crimson","floor":12},{"not_picked":["Guardian:VentSteam","Guardian:ShieldCharger"],"picked":"Guardian:Incinerate","floor":13},{"not_picked":["Guardian:Gem_Lightblue","Guardian:PrismaticBarrier"],"picked":"Guardian:TemporalStrike","floor":14},{"not_picked":["Guardian:Clone","Guardian:ShieldSpikes"],"picked":"Guardian:Incinerate","floor":15},{"not_picked":["Guardian:SphericShield","Guardian:ConstructionForm"],"picked":"Guardian:FastForward","floor":16},{"not_picked":["Guardian:Gem_Cyan","Guardian:CrystalBeam"],"picked":"Guardian:Repulse+1","floor":19},{"not_picked":["Guardian:Planning","Guardian:Reroute"],"picked":"Guardian:SpikerProtocol","floor":20},{"not_picked":["Guardian:TemporalStrike","Guardian:BronzeOrb"],"picked":"Guardian:TemporalShield+1","floor":22},{"not_picked":["Guardian:Gem_Green","Guardian:ExploitGems"],"picked":"Guardian:Gem_Cyan","floor":23},{"not_picked":["Guardian:MultiBeam","Guardian:WalkerClaw+1"],"picked":"Guardian:Clone+1","floor":26},{"not_picked":["Guardian:TimeBomb+1","Guardian:RollAttack"],"picked":"Guardian:Gem_Fragmented","floor":28},{"not_picked":["Guardian:Preprogram+1","Guardian:Incinerate"],"picked":"Guardian:VentSteam","floor":30},{"not_picked":["Guardian:Gem_Red","Guardian:Preprogram"],"picked":"Guardian:BodySlam","floor":31},{"not_picked":["Guardian:ShieldCharger","Guardian:VentSteam"],"picked":"Guardian:DonusPower","floor":32},{"not_picked":["Guardian:HyperBeam_Guardian","Guardian:FastForward"],"picked":"Guardian:TimeSifter+1","floor":33},{"not_picked":["Guardian:Gem_Green","Guardian:Suspension"],"picked":"Guardian:Gem_Purple","floor":36},{"not_picked":["Guardian:Harden+1","Guardian:Preprogram"],"picked":"Guardian:Recover+1","floor":37},{"not_picked":["Guardian:ArmoredProtocol+1","Guardian:ShieldCharger"],"picked":"Guardian:PiercingHide+1","floor":38},{"not_picked":["Guardian:Suspension","Guardian:TemporalShield+1"],"picked":"Guardian:DonusPower+1","floor":39},{"not_picked":["Guardian:Emergency+1","Guardian:TemporalShield"],"picked":"Guardian:ConstructionForm+1","floor":43},{"not_picked":["Guardian:Harden","Guardian:BodySlam"],"picked":"Guardian:Gem_Purple","floor":44},{"not_picked":["Guardian:PrismaticBarrier+1","Guardian:VentSteam+1"],"picked":"Guardian:SphericShield","floor":46},{"not_picked":["Guardian:PrimingBeam","Guardian:TimeBomb"],"picked":"Guardian:ShieldCharger","floor":48},{"not_picked":["Guardian:VentSteam+1","Guardian:WalkerClaw"],"picked":"Guardian:Gem_Fragmented","floor":49},{"not_picked":["Guardian:TemporalShield","Guardian:Gem_Cyan"],"picked":"Guardian:Gem_Lightblue","floor":52}],"player_experience":1034829,"relics_obtained":[{"floor":7,"key":"CaptainsWheel"},{"floor":8,"key":"Bronze Scales"},{"floor":10,"key":"Torii"},{"floor":26,"key":"Frozen Egg 2"},{"floor":27,"key":"Bottled Lightning"},{"floor":41,"key":"Blood Vial"},{"floor":43,"key":"Ice Cream"},{"floor":46,"key":"Gremlin Horn"},{"floor":52,"key":"Dead Branch"}],"event_choices":[{"damage_healed":0,"gold_gain":0,"player_choice":"Fight","damage_taken":0,"max_hp_gain":0,"max_hp_loss":0,"event_name":"Mysterious Sphere","floor":43,"gold_loss":0}],"is_beta":false,"boss_relics":[{"not_picked":["SacredBark","bronze:MakeshiftBattery"],"picked":"Coffee Dripper"},{"not_picked":["Fusion Hammer","Guardian:StasisSlotReductionRelic"],"picked":"Pandora\u0027s Box"}],"items_purged_floors":[5,44,53],"is_endless":false,"potions_floor_spawned":[2,6,8,11,14,16,23,28,31,32,33,38,43,46,48,52],"ascension_level":0}}