{"host":"q0qnzbgdx8oqogg9","time":1611544018,"event":{"mods":["BaseMod","Minty Spire (QoL Compilation)","StSLib"],"gold_per_floor":[109,209,220,230,70,103,103,123,123,123,123,9,21,21,21,124,124,134,118,130,143,155,155,175,175,175,175,202,220,231,251,251,251,251],"floor_reached":33,"language":"ENG","playtime":1620,"items_purged":[],"score":392,"play_id":"ef991ce9-3b46-410f-ad2a-481b67ac5c93","local_time":"20210124220658","is_ascension_mode":true,"campfire_choices":[{"data":"Glass Knife","floor":7.0,"key":"SMITH"},{"data":"Escape Plan","floor":10.0,"key":"SMITH"},{"floor":15.0,"key":"REST"},{"data":"Calculated Gamble","floor":23,"key":"SMITH"},{"floor":32,"key":"REST"}],"circlet_count":0,"master_deck":["AscendersBane","Strike_G+1","Strike_G+1","Defend_G+1","Defend_G+1","Defend_G+1","Defend_G+1","Defend_G+1","Survivor+1","Neutralize","Dagger Spray","Deflect","PiercingWail","Glass Knife+1","Slice","Escape Plan+1","Burst+1","Bullet Time","Wraith Form v2+1","Dagger Spray+1","Finisher+1","Skewer","Calculated Gamble+1","Blur+1","Slice+1","Unload","Blade Dance"],"relics":["Runic Pyramid","Bottled Flame","The Courier","Oddly Smooth Stone","Astrolabe","Snake Skull","Lantern"],"acts_visited":["Exordium","TheCity"],"potions_floor_usage":[29,33],"damage_taken":[{"damage":7.0,"enemies":"Small Slimes","floor":1.0,"turns":5.0},{"damage":3.0,"enemies":"Cultist","floor":3.0,"turns":5.0},{"damage":0.0,"enemies":"Jaw Worm","floor":4.0,"turns":4.0},{"damage":18.0,"enemies":"3 Sentries","floor":6.0,"turns":9.0},{"damage":0.0,"enemies":"2 Fungi Beasts","floor":8.0,"turns":3.0},{"damage":0.0,"enemies":"3 Louse","floor":13.0,"turns":3.0},{"damage":12.0,"enemies":"Slime Boss","floor":16.0,"turns":15.0},{"damage":0.0,"enemies":"3 Byrds","floor":18.0,"turns":6.0},{"damage":15,"enemies":"2 Thieves","floor":19,"turns":5},{"damage":2,"enemies":"Snecko","floor":20,"turns":4},{"damage":4,"enemies":"Centurion and Healer","floor":21,"turns":8},{"damage":12,"enemies":"Shelled Parasite and Fungi","floor":22,"turns":7},{"damage":1,"enemies":"Snecko","floor":24,"turns":8},{"damage":0,"enemies":"Snake Plant","floor":29,"turns":6},{"damage":2,"enemies":"Chosen and Byrds","floor":30,"turns":8},{"damage":0,"enemies":"Shelled Parasite and Fungi","floor":31,"turns":7},{"damage":72,"enemies":"Automaton","floor":33,"turns":12}],"seed_played":"-5412522132430249289","potions_obtained":[{"floor":1.0,"key":"GamblersBrew"},{"floor":8.0,"key":"Dexterity Potion"},{"floor":30,"key":"FearPotion"}],"is_trial":false,"path_per_floor":["M","?","M","M","$","E","R","M","T","R","?","$","M","?","R","B",null,"M","M","M","M","M","R","M","?","T","?","T","M","M","M","R","B"],"character_chosen":"THE_SILENT","items_purchased":["Glass Knife","Oddly Smooth Stone"],"campfire_rested":2,"item_purchase_floors":[5,12],"current_hp_per_floor":[56,56,53,53,53,35,35,35,35,35,21,21,21,21,42,30,60,60,45,43,39,27,27,26,13,13,13,13,13,11,11,33,0,0],"gold":251,"neow_bonus":"BOSS_RELIC","is_daily":false,"chose_seed":false,"campfire_upgraded":3,"win_rate":0.0,"timestamp":1611544018,"path_taken":["M","?","M","?","$","E","R","M","T","R","?","$","M","?","R","BOSS","M","M","M","M","M","R","M","?","T","?","?","?","M","M","R","BOSS"],"items_purchased_type":["Card","Relic"],"build_version":"2020-12-22","purchased_purges":0,"victory":false,"max_hp_per_floor":[70,70,70,70,70,70,70,70,70,70,70,70,70,70,70,70,70,70,70,70,70,70,70,70,75,75,75,75,75,75,75,75,75,75],"card_choices":[{"not_picked":["Dodge and Roll","Poisoned Stab"],"picked":"Dagger Spray","floor":1.0},{"not_picked":["Dodge and Roll","Dagger Spray"],"picked":"Deflect","floor":3.0},{"not_picked":["Distraction","Noxious Fumes"],"picked":"PiercingWail","floor":4.0},{"not_picked":["Deflect","Dagger Spray"],"picked":"Slice","floor":6.0},{"not_picked":["Cloak And Dagger","Slice"],"picked":"Escape Plan","floor":8.0},{"not_picked":["Outmaneuver","Backflip"],"picked":"Burst","floor":13.0},{"not_picked":["After Image","Wraith Form v2"],"picked":"Bullet Time","floor":16.0},{"not_picked":["PiercingWail+1","Underhanded Strike+1"],"picked":"Skewer","floor":18.0},{"not_picked":["Leg Sweep","Infinite Blades+1"],"picked":"Calculated Gamble","floor":19},{"not_picked":["Underhanded Strike","Prepared+1"],"picked":"Blur+1","floor":20},{"not_picked":["Setup","Dash","Quick Slash"],"picked":"SKIP","floor":21},{"not_picked":["Prepared","Blur"],"picked":"Slice+1","floor":22},{"not_picked":["Accuracy","Deadly Poison","Sucker Punch"],"picked":"SKIP","floor":24},{"not_picked":["Endless Agony","Dodge and Roll"],"picked":"Unload","floor":29},{"not_picked":["Outmaneuver","Poisoned Stab"],"picked":"Blade Dance","floor":30},{"not_picked":["Cloak And Dagger","Outmaneuver","Infinite Blades"],"picked":"SKIP","floor":31}],"player_experience":297493,"relics_obtained":[{"floor":6.0,"key":"Bottled Flame"},{"floor":9.0,"key":"The Courier"},{"floor":26,"key":"Snake Skull"},{"floor":28,"key":"Lantern"}],"event_choices":[{"damage_healed":0.0,"max_hp_gain":0.0,"max_hp_loss":0.0,"gold_gain":100.0,"event_name":"Golden Shrine","player_choice":"Pray","floor":2.0,"gold_loss":0.0,"damage_taken":0.0},{"damage_healed":0.0,"max_hp_gain":0.0,"max_hp_loss":0.0,"gold_gain":0.0,"event_name":"Shining Light","player_choice":"Entered Light","floor":11.0,"gold_loss":0.0,"damage_taken":14.0,"cards_upgraded":["Strike_G","Survivor"]},{"damage_healed":0.0,"max_hp_gain":0.0,"max_hp_loss":0.0,"gold_gain":0.0,"event_name":"Living Wall","player_choice":"Grow","floor":14.0,"gold_loss":0.0,"damage_taken":0.0,"cards_upgraded":["Burst"]},{"damage_healed":0,"gold_gain":0,"player_choice":"Shed Blood","damage_taken":18,"max_hp_gain":5,"max_hp_loss":0,"event_name":"Forgotten Altar","floor":25,"gold_loss":0},{"damage_healed":0,"gold_gain":0,"player_choice":"Simplicity","damage_taken":0,"max_hp_gain":0,"max_hp_loss":0,"event_name":"Back to Basics","floor":27,"gold_loss":0,"cards_upgraded":["Strike_G","Defend_G","Defend_G","Defend_G","Defend_G","Defend_G"]}],"is_beta":false,"boss_relics":[{"not_picked":["Ectoplasm","Philosopher\u0027s Stone"],"picked":"Astrolabe"}],"items_purged_floors":[],"is_endless":false,"potions_floor_spawned":[1,8,16,19,20,21,30],"killed_by":"Automaton","ascension_level":11}}