{"host":"1zwnl30z3cyaxn7y","time":1611567107,"event":{"mods":["BaseMod","Downfall","Minty Spire (QoL Compilation)","Replay The Spire","StSLib","The Bug Knight","The Servant 0.9.4","Warlord Emblem"],"gold_per_floor":[118,118,193,193,143,173,173,204,277,288,288,323,335,364,376,490,502,530,557,569,581,611,652,664,453,480,229,239,266,282,295,295,393,393,407,424,437,235,250,250,54,86,111,136,136,173,219,219,219,233],"floor_reached":51,"language":"ZHS","playtime":1829,"items_purged":["WarlordEmblem:RuneStrike","WarlordEmblem:Defend_DK","downfall:Bewildered","WarlordEmblem:Defend_DK"],"score":852,"play_id":"48d6329b-9d50-4295-80b0-3d3352c60de0","local_time":"20210125173147","is_ascension_mode":true,"campfire_choices":[{"data":"WarlordEmblem:Frostmourne","floor":7,"key":"SMITH"},{"data":"WarlordEmblem:BodyStrike","floor":11,"key":"SMITH"},{"floor":13,"key":"REST"},{"data":"WarlordEmblem:RuneDefend","floor":15,"key":"SMITH"},{"data":"WarlordEmblem:Defend_DK","floor":32,"key":"PURGE"},{"data":"ReplayTheSpireMod:Faulty Equipment","floor":40,"key":"SMITH"},{"data":"WarlordEmblem:FrozenTouch","floor":45,"key":"SMITH"},{"data":"WarlordEmblem:BlackCommand","floor":49,"key":"SMITH"}],"circlet_count":0,"master_deck":["WarlordEmblem:RuneStrike+1","WarlordEmblem:RuneStrike+1","WarlordEmblem:RuneStrike","WarlordEmblem:RuneDefend+1","WarlordEmblem:Frostmourne+1","WarlordEmblem:BodyStrike+1","WarlordEmblem:FrozenTouch","WarlordEmblem:Frostmourne+1","WarlordEmblem:FrozenTouch+1","downfall:Icky","WarlordEmblem:UndeadWill","WarlordEmblem:BlackCommand+1","WarlordEmblem:WrathOfSindragosa+1","WarlordEmblem:BlackCommand+1"],"relics":["WarlordEmblem:RuneSword","WarlordEmblem:DKHelm","NeowsBlessing","Blue Candle","WarlordEmblem:DK_Ghoul","Replay:Baseball","Toy Ornithopter","HollowMod:LifeEnderRelic","MawBank","Replay:Bronze Core","Art of War","DollysMirror","Centennial Puzzle","Happy Flower","Mirror","Replay:Ancient Bell","Smiling Mask","ReplayTheSpireMod:Ninjato","WarlordEmblem:QuestDK","Bag of Preparation","Boot","Bottled Lightning","Replay:Bandana","Gremlin Horn"],"acts_visited":["Exordium","TheCity","TheBeyond"],"potions_floor_usage":[16,33,33],"damage_taken":[{"damage":0,"enemies":"Jaw Worm","floor":1,"turns":1},{"damage":0,"enemies":"3 Sentries","floor":6,"turns":3},{"damage":0,"enemies":"Lagavulin","floor":8,"turns":1},{"damage":0,"enemies":"Small Slimes","floor":10,"turns":3},{"damage":9,"enemies":"3 Sentries","floor":12,"turns":4},{"damage":0,"enemies":"2 Louse","floor":14,"turns":2},{"damage":4,"enemies":"Fading Forest","floor":16,"turns":11},{"damage":0,"enemies":"Spheric Guardian","floor":18,"turns":3},{"damage":2,"enemies":"Chosen","floor":19,"turns":2},{"damage":0,"enemies":"Snake Plant","floor":22,"turns":3},{"damage":8,"enemies":"Slavers","floor":23,"turns":3},{"damage":0,"enemies":"Cultist and Chosen","floor":28,"turns":3},{"damage":0,"enemies":"Book of Stabbing","floor":29,"turns":4},{"damage":0,"enemies":"Chosen and Byrds","floor":30,"turns":2},{"damage":0,"enemies":"Shelled Parasite and Fungi","floor":31,"turns":2},{"damage":0,"enemies":"Automaton","floor":33,"turns":4},{"damage":2,"enemies":"Orb Walker","floor":35,"turns":3},{"damage":1,"enemies":"3 Darklings","floor":36,"turns":2},{"damage":1,"enemies":"Spire Growth","floor":37,"turns":3},{"damage":1,"enemies":"Transient","floor":39,"turns":5},{"damage":2,"enemies":"Giant Head","floor":42,"turns":5},{"damage":0,"enemies":"3 Darklings","floor":44,"turns":2},{"damage":1,"enemies":"Maw","floor":46,"turns":3},{"damage":1,"enemies":"Nemesis","floor":47,"turns":3},{"damage":12,"enemies":"Replay:Hell Engine","floor":50,"turns":4}],"seed_played":"4173633705466629995","potions_obtained":[{"floor":1,"key":"WarlordEmblem:ReserveRunePotion"},{"floor":6,"key":"Fire Potion"},{"floor":12,"key":"WarlordEmblem:ReserveRunePotion"},{"floor":22,"key":"Strength Potion"},{"floor":33,"key":"bronze:BurnAndBuffPotion"},{"floor":37,"key":"BlessingOfTheForge"}],"is_trial":false,"path_per_floor":["M","?","?","?","?","E","R","E","T","M","R","E","R","M","R","B",null,"M","M","?","?","M","E","?","$","T","$","M","E","M","M","R","B",null,"M","M","M","$","M","R","$","E","T","M","R","M","E","?","R","B",null],"character_chosen":"DeathKnight","items_purchased":["DollysMirror","Happy Flower","Bag of Preparation","Boot"],"campfire_rested":1,"item_purchase_floors":[25,27,38,41],"current_hp_per_floor":[80,75,64,48,48,48,48,48,48,48,48,39,63,63,63,80,80,80,78,78,78,78,70,70,70,70,70,70,70,70,70,70,80,80,78,77,76,76,80,80,80,79,79,80,80,80,80,80,80,69],"gold":233,"neow_bonus":"THREE_ENEMY_KILL","is_daily":false,"chose_seed":false,"campfire_upgraded":6,"win_rate":0.0,"timestamp":1611567107,"path_taken":["M","?","?","?","?","E","R","E","T","M","R","E","R","M","R","BOSS","M","M","?","?","M","E","?","$","T","$","M","E","M","M","R","BOSS","M","M","M","$","M","R","$","E","T","M","R","M","E","?","R","BOSS"],"items_purchased_type":["Relic","Relic","Relic","Relic"],"build_version":"2020-12-22","purchased_purges":4,"victory":true,"max_hp_per_floor":[80,80,80,80,80,80,80,80,80,80,80,80,80,80,80,80,80,80,80,80,80,80,80,80,80,80,80,80,80,80,80,80,80,80,80,80,80,80,80,80,80,80,80,80,80,80,80,80,80,80],"card_choices":[{"not_picked":["WarlordEmblem:LichBody","WarlordEmblem:Annihilation"],"picked":"WarlordEmblem:BodyStrike","floor":1},{"not_picked":["WarlordEmblem:DeathStrike","WarlordEmblem:WinterHorn","WarlordEmblem:SevereWinter"],"picked":"SKIP","floor":6},{"not_picked":["WarlordEmblem:EvilStrike","WarlordEmblem:RuneRegen","WarlordEmblem:ForceDeflexion"],"picked":"SKIP","floor":8},{"not_picked":["WarlordEmblem:SwordWave","WarlordEmblem:SevereWinter","WarlordEmblem:Infect"],"picked":"SKIP","floor":10},{"not_picked":["WarlordEmblem:DeathWither","WarlordEmblem:RuneFocus","WarlordEmblem:EvilWorm"],"picked":"SKIP","floor":12},{"not_picked":["WarlordEmblem:Execute","WarlordEmblem:FrostbiteStrike","WarlordEmblem:VoidStrike"],"picked":"SKIP","floor":14},{"not_picked":["WarlordEmblem:CondemnStrike","WarlordEmblem:HeartOfDeath"],"picked":"WarlordEmblem:FrozenTouch","floor":16},{"not_picked":["WarlordEmblem:Execute","WarlordEmblem:RuneBlade","WarlordEmblem:DeathContract+1"],"picked":"SKIP","floor":18},{"not_picked":["WarlordEmblem:VoidStrike+1","WarlordEmblem:RuneDiffer","WarlordEmblem:EvilWorm"],"picked":"SKIP","floor":19},{"not_picked":["WarlordEmblem:Infect","WarlordEmblem:LichBody","WarlordEmblem:Execute"],"picked":"SKIP","floor":22},{"not_picked":["WarlordEmblem:RuneRegen","WarlordEmblem:BoneShield+1","WarlordEmblem:WindStrike"],"picked":"SKIP","floor":23},{"not_picked":["WarlordEmblem:RuneRecast","WarlordEmblem:AntiMagicShield","WarlordEmblem:EvilSee"],"picked":"SKIP","floor":28},{"not_picked":["WarlordEmblem:RuneBlade","WarlordEmblem:HungeringCold","WarlordEmblem:DeathShake+1"],"picked":"SKIP","floor":29},{"not_picked":["WarlordEmblem:EvilWorm+1","WarlordEmblem:WinterHorn","WarlordEmblem:WindStrike+1"],"picked":"SKIP","floor":30},{"not_picked":["WarlordEmblem:Potential+1","WarlordEmblem:RuneFocus+1","WarlordEmblem:RuneRegen+1"],"picked":"SKIP","floor":31},{"not_picked":["WarlordEmblem:GhostStrike","WarlordEmblem:RealmRider"],"picked":"WarlordEmblem:FrozenTouch","floor":33},{"not_picked":["Doubt","ReplayTheSpireMod:Splinters"],"picked":"downfall:Icky","floor":34},{"not_picked":["Parasite","downfall:Malfunctioning"],"picked":"ReplayTheSpireMod:Faulty Equipment","floor":34},{"not_picked":["Replay:Hysterical Blindness","ReplayTheSpireMod:Doomed"],"picked":"downfall:Bewildered","floor":34},{"not_picked":["WarlordEmblem:FrostbiteStrike+1","WarlordEmblem:FrozenWill","WarlordEmblem:WillOfTheNecropolis"],"picked":"SKIP","floor":35},{"not_picked":["WarlordEmblem:VoidStrike+1","WarlordEmblem:EvilPower","WarlordEmblem:WrathOfSindragosa"],"picked":"SKIP","floor":36},{"not_picked":["WarlordEmblem:EvilPower","WarlordEmblem:DeathStrike+1"],"picked":"WarlordEmblem:UndeadWill","floor":37},{"not_picked":["WarlordEmblem:EvilEager","WarlordEmblem:WinterHorn","WarlordEmblem:HeartStrike+1"],"picked":"SKIP","floor":39},{"not_picked":["WarlordEmblem:BodyStrike","WarlordEmblem:BloodSacrifice+1"],"picked":"WarlordEmblem:BlackCommand+1","floor":42},{"not_picked":["WarlordEmblem:SwordWave","WarlordEmblem:EvilWorm+1"],"picked":"WarlordEmblem:WrathOfSindragosa+1","floor":44},{"not_picked":["WarlordEmblem:RuneRegen+1","WarlordEmblem:Withstand+1"],"picked":"WarlordEmblem:BlackCommand","floor":46},{"not_picked":["WarlordEmblem:Hanging","WarlordEmblem:HeartStrike+1","WarlordEmblem:Execute"],"picked":"SKIP","floor":47}],"player_experience":287954,"relics_obtained":[{"floor":6,"key":"Replay:Baseball"},{"floor":8,"key":"Toy Ornithopter"},{"floor":9,"key":"HollowMod:LifeEnderRelic"},{"floor":12,"key":"MawBank"},{"floor":23,"key":"Art of War"},{"floor":26,"key":"Centennial Puzzle"},{"floor":29,"key":"Mirror"},{"floor":42,"key":"Bottled Lightning"},{"floor":43,"key":"Replay:Bandana"},{"floor":47,"key":"Gremlin Horn"}],"event_choices":[{"damage_healed":0,"gold_gain":75,"player_choice":"Gather Gold","damage_taken":11,"max_hp_gain":0,"max_hp_loss":0,"event_name":"World of Goop","floor":3,"gold_loss":0},{"damage_healed":0,"gold_gain":0,"player_choice":"Entered Light","damage_taken":16,"max_hp_gain":0,"max_hp_loss":0,"event_name":"Shining Light","floor":4,"gold_loss":0,"cards_upgraded":["WarlordEmblem:RuneStrike","WarlordEmblem:RuneStrike"]},{"cards_removed":["WarlordEmblem:Defend_DK"],"damage_healed":0,"gold_gain":0,"player_choice":"Card Removal","damage_taken":0,"max_hp_gain":0,"max_hp_loss":0,"event_name":"The Cleric","floor":5,"gold_loss":50},{"damage_healed":0,"gold_gain":0,"player_choice":"Ignored","damage_taken":0,"max_hp_gain":0,"max_hp_loss":0,"event_name":"Ghosts","floor":21,"gold_loss":0},{"damage_healed":0,"gold_gain":0,"player_choice":"Memory 1","damage_taken":0,"max_hp_gain":0,"max_hp_loss":0,"event_name":"SensoryStone","floor":48,"gold_loss":0}],"is_beta":false,"boss_relics":[{"not_picked":["Honey Jar","Snecko Eye"],"picked":"Replay:Bronze Core"},{"not_picked":["Painkiller Herb","Kintsugi"],"picked":"Replay:Ancient Bell"},{"not_picked":["Strawberry","PreservedInsect"],"picked":"Smiling Mask"},{"not_picked":["Letter Opener","WarlordEmblem:ProtectBox"],"picked":"ReplayTheSpireMod:Ninjato"},{"not_picked":["Durian","WarlordEmblem:DeathArmy"],"picked":"WarlordEmblem:QuestDK"}],"items_purged_floors":[25,27,38,41],"is_endless":false,"potions_floor_spawned":[1,6,12,22,23,30,31,33,37,42,47],"ascension_level":1}}