{"host":"kywtqy4o43fs5yna","time":1611584935,"event":{"mods":["AchievementEnabler","Act Like it!","BaseMod","Better Note","BetterRewards","Colored Map","Minty Spire (QoL Compilation)","Quick Restart","Rare Cards Sparkle","StSLib","SuperFastMode"],"gold_per_floor":[119,194,214,233,233,233,244,244,244],"floor_reached":8,"language":"RUS","playtime":410,"items_purged":[],"score":50,"play_id":"157974ff-8690-41ac-9bd7-fbbce8b55d2a","local_time":"20210126002855","is_ascension_mode":true,"campfire_choices":[{"data":"White Noise","floor":6,"key":"SMITH"}],"circlet_count":0,"master_deck":["Strike_B","Strike_B","Strike_B","Strike_B","Defend_B","Defend_B","Defend_B","Defend_B","Zap","Dualcast","Capacitor","Self Repair","Fusion+1","Capacitor","Static Discharge","White Noise+1","Aggregate"],"relics":["Cracked Core","Runic Capacitor"],"acts_visited":["Exordium"],"potions_floor_usage":[8],"damage_taken":[{"damage":6,"enemies":"Cultist","floor":1,"turns":5},{"damage":10,"enemies":"2 Louse","floor":3,"turns":3},{"damage":6,"enemies":"Jaw Worm","floor":4,"turns":4},{"damage":19,"enemies":"3 Louse","floor":7,"turns":4},{"damage":26,"enemies":"Lagavulin","floor":8,"turns":5}],"seed_played":"-852150543542831831","potions_obtained":[{"floor":3,"key":"AttackPotion"}],"is_trial":false,"path_per_floor":["M","?","M","M","?","R","M","E"],"character_chosen":"DEFECT","items_purchased":["Runic Capacitor","Capacitor","Self Repair","Fusion","Capacitor"],"campfire_rested":0,"item_purchase_floors":[0,0,0,0,0],"current_hp_per_floor":[41,30,27,28,28,28,16,0,0],"gold":244,"neow_bonus":"","is_daily":false,"chose_seed":false,"campfire_upgraded":1,"win_rate":0.0,"timestamp":1611584935,"path_taken":["M","?","M","M","?","R","M","E"],"items_purchased_type":["Relic","Card","Card","Card","Card"],"build_version":"2020-12-22","purchased_purges":0,"victory":false,"max_hp_per_floor":[75,75,75,75,75,75,75,75,75],"card_choices":[{"not_picked":["Go for the Eyes","Barrage"],"picked":"Static Discharge","floor":1},{"not_picked":["Reprogram","Loop"],"picked":"White Noise","floor":3},{"not_picked":["Barrage","Darkness"],"picked":"Aggregate","floor":4},{"not_picked":["Gash","Turbo","Cold Snap"],"picked":"SKIP","floor":7}],"player_experience":170431,"relics_obtained":[],"event_choices":[{"damage_healed":0,"gold_gain":75,"player_choice":"Gather Gold","damage_taken":11,"max_hp_gain":0,"max_hp_loss":0,"event_name":"World of Goop","floor":2,"gold_loss":0},{"damage_healed":0,"gold_gain":0,"player_choice":"Grow","damage_taken":0,"max_hp_gain":0,"max_hp_loss":0,"event_name":"Living Wall","floor":5,"gold_loss":0,"cards_upgraded":["Fusion"]}],"is_beta":false,"boss_relics":[],"items_purged_floors":[],"is_endless":false,"potions_floor_spawned":[3],"killed_by":"Lagavulin","ascension_level":1}}