{"host":"clf2hd4adhiiw0zf","time":1611570762,"event":{"mods":["AchievementEnabler","BaseMod","Beaked The Cultist","Bestiary","Dark Map","Downfall","Gremlin Mod","Hermit","Jorbs\u0027s Wanderer Trilogy","Marisa????????","Minty Spire (QoL Compilation)","Shop Mod","StSLib","The Cursed","The Servant 0.9.4","UnlockEverythingMod","Wide Potions"],"gold_per_floor":[99,114,189,189,203,378,378,178,191,191,191,203,235,252,264,366,366,266,285,285,296,309,309,391,391,301,301,331,331,13,13,28,129,129,129,149,106,106,106,138,138,172,272,272,322,322,322,322,332,332,332,332],"floor_reached":50,"language":"ENG","playtime":2012,"items_purged":["downfall:Malfunctioning"],"score":615,"play_id":"11d34a77-223d-4b3c-8b46-ee6fa108d221","local_time":"20210125033242","is_ascension_mode":true,"campfire_choices":[{"floor":1.0,"key":"RECALL"},{"data":"Slimebound:RollThrough","floor":8.0,"key":"SMITH"},{"data":"Slimebound:HungryTackle","floor":10.0,"key":"SMITH"},{"data":"Slimebound:DouseInSlime","floor":18.0,"key":"SMITH"},{"data":"Slimebound:Grow","floor":27.0,"key":"SMITH"},{"data":"Slimebound:BestDefense","floor":35.0,"key":"SMITH"},{"floor":44,"key":"REST"},{"floor":46,"key":"DIG"}],"circlet_count":0,"master_deck":["Slimebound:Strike_Slimebound+1","Slimebound:Strike_Slimebound","Slimebound:Strike_Slimebound","Slimebound:Tackle","Slimebound:Defend_Slimebound","Slimebound:Defend_Slimebound","Slimebound:Defend_Slimebound+1","Slimebound:Defend_Slimebound","Slimebound:Split+1","Slimebound:CorrosiveSpit","Slimebound:HungryTackle+1","Slimebound:RollThrough+1","Slimebound:GoopTackle","Slimebound:SlimeSpikes","Slimebound:MegaLick","Slimebound:Prepare","Slimebound:FinishingTackle","Slimebound:Grow+1","Slimebound:LeechEnergy+1","Parasite","Slimebound:LeechLife","Slimebound:ViciousTackle","Slimebound:RollThrough","Slimebound:BestDefense+1","expansioncontent:AwakenDeath","Writhe","Slimebound:CheckThePlaybook","Slimebound:ComboTackle","Slimebound:BestDefense+1","expansioncontent:YouAreMine","Wraith","Writhe","Slimebound:ComboTackle+1","Slimebound:Darklings+1"],"relics":["Slimebound:AbsorbEndCombat","Bag of Preparation","downfall:HeartBlessingBlue","downfall:HeartBlessingRed","Potion Belt","Cursed Key","downfall:HeartBlessingGreen","Pantograph","Akabeko","Nilry\u0027s Codex","Juzu Bracelet","FossilizedHelix","Slimebound:TarBlob","Shovel","Toxic Egg 2","Mummified Hand","Nunchaku","Toy Ornithopter","Calipers","Darkstone Periapt"],"acts_visited":["Exordium","TheCity","TheBeyond"],"potions_floor_usage":[43,50],"damage_taken":[{"damage":4.0,"enemies":"Jaw Worm","floor":2.0,"turns":5.0},{"damage":12.0,"enemies":"Small Slimes","floor":5.0,"turns":4.0},{"damage":9.0,"enemies":"2 Louse","floor":9.0,"turns":3.0},{"damage":5.0,"enemies":"Large Slime","floor":12.0,"turns":4.0},{"damage":23.0,"enemies":"Gremlin Nob","floor":13.0,"turns":4.0},{"damage":5.0,"enemies":"Blue Slaver","floor":14.0,"turns":3.0},{"damage":9.0,"enemies":"2 Fungi Beasts","floor":15.0,"turns":2.0},{"damage":72.0,"enemies":"WA_ARCHETYPE_RETAIN","floor":16.0,"turns":10.0},{"damage":30.0,"enemies":"Shell Parasite","floor":19.0,"turns":3.0},{"damage":7.0,"enemies":"Chosen","floor":21.0,"turns":4.0},{"damage":17.0,"enemies":"Centurion and Healer","floor":22.0,"turns":4.0},{"damage":8.0,"enemies":"downfall:FleeingMerchant","floor":26.0,"turns":4.0},{"damage":10.0,"enemies":"Slavers","floor":28.0,"turns":4.0},{"damage":9.0,"enemies":"downfall:FleeingMerchant","floor":30.0,"turns":4.0},{"damage":21.0,"enemies":"3 Cultists","floor":32.0,"turns":5.0},{"damage":76.0,"enemies":"IC_MUSHROOM_ARCHETYPE","floor":33.0,"turns":7.0},{"damage":0.0,"enemies":"3 Darklings","floor":36.0,"turns":2.0},{"damage":0.0,"enemies":"downfall:FleeingMerchant","floor":37.0,"turns":1.0},{"damage":71.0,"enemies":"Reptomancer","floor":40.0,"turns":6.0},{"damage":80.0,"enemies":"Nemesis","floor":42.0,"turns":8.0},{"damage":17,"enemies":"downfall:LadyInBlue","floor":43,"turns":5},{"damage":0,"enemies":"downfall:LadyInBlue","floor":45,"turns":5},{"damage":5,"enemies":"Orb Walker","floor":49,"turns":3},{"damage":110,"enemies":"DF_ARCHETYPE_ORBS","floor":50,"turns":5}],"seed_played":"3549430438784959462","potions_obtained":[{"floor":5.0,"key":"SkillPotion"},{"floor":9.0,"key":"Weak Potion"},{"floor":15.0,"key":"Regen Potion"},{"floor":16.0,"key":"Fire Potion"},{"floor":20.0,"key":"sneckomod:MuddlingPotion"},{"floor":20.0,"key":"Slimebound:SpawnSlimePotion"},{"floor":20.0,"key":"SteroidPotion"},{"floor":22.0,"key":"Fire Potion"},{"floor":28.0,"key":"Slimebound:SlimedPotion"},{"floor":32.0,"key":"BlessingOfTheForge"},{"floor":33.0,"key":"Regen Potion"},{"floor":36.0,"key":"SteroidPotion"},{"floor":42.0,"key":"Weak Potion"},{"floor":43,"key":"Fruit Juice"},{"floor":43,"key":"SkillPotion"},{"floor":43,"key":"Ancient Potion"}],"is_trial":false,"path_per_floor":["R","M","?","?","M","?","T","R","M","R","?","M","E","M","M","B",null,"R","M","?","M","M","?","T","?","$","R","E","?","$","?","M","B",null,"R","M","$","?","?","E","T","E","?","R","?","R","?","?","M","B"],"character_chosen":"SLIMEBOUND","items_purchased":["Slimebound:BestDefense","Juzu Bracelet","expansioncontent:AwakenDeath","Shovel","DuplicationPotion"],"campfire_rested":1,"item_purchase_floors":[30,30,30,37,37],"current_hp_per_floor":[65,65,65,65,55,55,55,65,58,58,63,64,43,40,37,3,80,80,56,56,53,42,42,42,42,42,42,38,22,21,21,30,2,80,80,80,80,80,80,17,17,8,20,44,77,77,77,77,74,0,0,0],"gold":332,"neow_bonus":"RANDOM_COMMON_RELIC","is_daily":false,"chose_seed":false,"campfire_upgraded":5,"win_rate":0.0,"timestamp":1611570762,"path_taken":["R","M","?","?","M","?","T","R","M","R","?","M","E","?","M","BOSS","R","M","?","?","?","?","T","?","$","R","E","?","$","?","M","BOSS","R","M","$","?","?","E","T","E","?","R","?","R","?","?","M","BOSS"],"items_purchased_type":["Card","Relic","Card","Relic","Potion"],"build_version":"2020-12-22","purchased_purges":1,"victory":false,"max_hp_per_floor":[65,65,65,65,65,65,65,75,75,75,80,80,80,80,80,80,80,80,80,80,80,80,80,80,80,80,80,80,80,80,80,80,80,80,80,80,80,80,80,80,80,80,80,80,80,80,80,80,80,80,80,80],"card_choices":[{"not_picked":["Slimebound:SplitMire","Slimebound:FormOfPuddle"],"picked":"Slimebound:HungryTackle","floor":2.0},{"not_picked":["Slimebound:ItLooksTasty","Slimebound:SplitSpecialist"],"picked":"Slimebound:RollThrough","floor":5.0},{"not_picked":["Slimebound:Schlurp","Slimebound:TongueLash","Slimebound:SamplingLick"],"picked":"SKIP","floor":9.0},{"not_picked":["Slimebound:LeechEnergy","Slimebound:SplitAcid"],"picked":"Slimebound:GoopTackle","floor":12.0},{"not_picked":["Slimebound:Schlurp","Slimebound:LeadByExample"],"picked":"Slimebound:SlimeSpikes","floor":13.0},{"not_picked":["Slimebound:SlimeSpikes","Slimebound:WasteNot"],"picked":"Slimebound:MegaLick","floor":14.0},{"not_picked":["Slimebound:ItLooksTasty","Slimebound:SplitAcid"],"picked":"Slimebound:Prepare","floor":15.0},{"not_picked":["Slimebound:SlimeSlap","Slimebound:WasteNot"],"picked":"Slimebound:DouseInSlime","floor":16.0},{"not_picked":["Slimebound:SplitMire","Slimebound:ComboTackle"],"picked":"Slimebound:FinishingTackle","floor":19.0},{"not_picked":["Slimebound:ForwardTackle","Slimebound:SamplingLick"],"picked":"Slimebound:Grow","floor":21.0},{"not_picked":["Slimebound:SplitMire+1","Slimebound:SplitLeeching"],"picked":"Slimebound:LeechEnergy+1","floor":22.0},{"not_picked":["Slimebound:Schlurp","Slimebound:ItLooksTasty+1"],"picked":"Slimebound:LeechLife","floor":26.0},{"not_picked":["Slimebound:Prepare","Slimebound:SlimeBrawl+1"],"picked":"Slimebound:ViciousTackle","floor":28.0},{"not_picked":["Slimebound:SplitBruiser+1","Slimebound:GoopTackle"],"picked":"Slimebound:RollThrough","floor":30.0},{"not_picked":["Slimebound:GrowthPunch","Slimebound:FinishingTackle+1","Slimebound:HauntingLick"],"picked":"SKIP","floor":32.0},{"not_picked":["Slimebound:WasteNot","Slimebound:Recycling"],"picked":"Slimebound:CheckThePlaybook","floor":33.0},{"not_picked":["Slimebound:SplitAcid+1","Slimebound:HauntingLick"],"picked":"Slimebound:ComboTackle","floor":36.0},{"not_picked":["Slimebound:FormOfPuddle+1","Slimebound:SlimeBarrage+1"],"picked":"Slimebound:BestDefense+1","floor":37.0},{"not_picked":["expansioncontent:Chronoboost","expansioncontent:PolyBeam"],"picked":"expansioncontent:YouAreMine","floor":38.0},{"not_picked":["Slimebound:HauntingLick+1","Slimebound:Teamwork+1","Slimebound:Nibble"],"picked":"SKIP","floor":40.0},{"not_picked":["Slimebound:SplitBruiser+1","Slimebound:RainOfGoop+1"],"picked":"Slimebound:ComboTackle+1","floor":42.0},{"not_picked":["Slimebound:RollThrough","Slimebound:SlimeTap+1","Slimebound:Chomp+1"],"picked":"SKIP","floor":49}],"player_experience":117943,"relics_obtained":[{"floor":13.0,"key":"Potion Belt"},{"floor":24.0,"key":"Pantograph"},{"floor":28.0,"key":"Akabeko"},{"floor":29.0,"key":"Nilry\u0027s Codex"},{"floor":40.0,"key":"Toxic Egg 2"},{"floor":41.0,"key":"Mummified Hand"},{"floor":42.0,"key":"Nunchaku"},{"floor":43,"key":"Toy Ornithopter"},{"floor":45,"key":"Calipers"},{"floor":46,"key":"Darkstone Periapt"}],"event_choices":[{"damage_healed":0.0,"max_hp_gain":5.0,"max_hp_loss":0.0,"gold_gain":0.0,"event_name":"Big Fish","player_choice":"Donut","floor":11.0,"gold_loss":0.0,"damage_taken":0.0},{"damage_healed":0.0,"max_hp_gain":0.0,"max_hp_loss":0.0,"gold_gain":0.0,"event_name":"Lab","player_choice":"Got Potions","floor":20.0,"gold_loss":0.0,"damage_taken":0.0},{"damage_healed":0.0,"max_hp_gain":0.0,"max_hp_loss":0.0,"gold_gain":0.0,"event_name":"Vampires","player_choice":"Ignored","floor":23.0,"gold_loss":0.0,"damage_taken":0.0},{"damage_healed":0.0,"max_hp_gain":0.0,"max_hp_loss":0.0,"gold_gain":0.0,"event_name":"OrinTheCat","player_choice":"Ignored","floor":39.0,"gold_loss":0.0,"damage_taken":0.0}],"is_beta":false,"boss_relics":[{"not_picked":["Pandora\u0027s Box","beaked:SacredDeck"],"picked":"Cursed Key"},{"not_picked":["Astrolabe","Philosopher\u0027s Stone"],"picked":"Slimebound:TarBlob"}],"items_purged_floors":[26],"is_endless":false,"potions_floor_spawned":[5,9,15,16,22,28,32,33,36,40,42],"killed_by":"DF_ARCHETYPE_ORBS","ascension_level":1}}