{"host":"yfdtuf6ojcxn06xg","time":1611562856,"event":{"mods":["2.2 Compatiblity","AchievementEnabler","BaseMod","Colored Map","Colored Powertips","Curses Come First","Hermit","JesterMod","Jorbs\u0027s Wanderer Trilogy","Minty Spire (QoL Compilation)","Quick Restart","Rare Cards Sparkle","Relic Stats","Replay The Spire","StSLib","The Cursed","The Disciple","The Hierophant","The Jungle","The Marked","The Necromancer","The Servant 0.9.4"],"gold_per_floor":[117,292,11,11,27,54,54,83,83,83,96,109,109,5,5,107,107,122,136,37,51,51,51,51,70,70,70,70],"floor_reached":27,"language":"ENG","playtime":912,"items_purged":["Doubt"],"score":243,"play_id":"18c9ea2e-0ca1-46df-be48-7f904dc0832c","local_time":"20210125032056","is_ascension_mode":true,"campfire_choices":[{"data":"Rupture","floor":10,"key":"SMITH"},{"data":"Anger","floor":13,"key":"SMITH"},{"floor":15,"key":"REST"},{"floor":23,"key":"REST"}],"circlet_count":0,"master_deck":["Strike_R","Strike_R","Strike_R+1","Strike_R","Defend_R","Defend_R","Defend_R","Defend_R","Twin Strike","Heavy Blade+1","Flex","Replay:Undeath\u0027s Touch","Rupture+1","Replay:Undeath\u0027s Touch","Anger+1","Inflame","Battle Trance","Limit Break+1","Warcry+1","Replay:Undeath\u0027s Touch+1","Flex","Shrug It Off","Shrug It Off+1","Demon Form"],"relics":["Burning Blood","ClockworkSouvenir","Chameleon Ring","Matryoshka","Bronze Scales","Happy Flower","Replay:Fungal Core","Whetstone","White Beast Statue"],"acts_visited":["Exordium","TheCity"],"potions_floor_usage":[8,16,25,27],"damage_taken":[{"damage":6,"enemies":"Small Slimes","floor":1,"turns":4},{"damage":3,"enemies":"2 Louse","floor":5,"turns":2},{"damage":26,"enemies":"3 Sentries","floor":6,"turns":5},{"damage":14,"enemies":"Gremlin Nob","floor":8,"turns":3},{"damage":0,"enemies":"Cultist","floor":11,"turns":2},{"damage":11,"enemies":"Lots of Slimes","floor":12,"turns":3},{"damage":10,"enemies":"Fading Forest","floor":16,"turns":11},{"damage":25,"enemies":"Shell Parasite","floor":18,"turns":4},{"damage":20,"enemies":"3 Byrds","floor":19,"turns":3},{"damage":42,"enemies":"3 Cultists","floor":21,"turns":5},{"damage":17,"enemies":"Cultist and Chosen","floor":25,"turns":4},{"damage":28,"enemies":"Slavers","floor":27,"turns":2}],"seed_played":"3759438729907371877","potions_obtained":[{"floor":5,"key":"Fire Potion"},{"floor":12,"key":"FearPotion"},{"floor":19,"key":"Death Potion"},{"floor":25,"key":"Energy Potion"}],"is_trial":false,"path_per_floor":["M","?","$","?","M","E","?","E","T","R","M","M","R","$","R","B",null,"M","M","$","M","?","R","?","M","T","E"],"character_chosen":"IRONCLAD","items_purchased":["ClockworkSouvenir","Flex","Inflame","Battle Trance","Flex","Shrug It Off"],"campfire_rested":2,"item_purchase_floors":[3,3,14,14,20,20],"current_hp_per_floor":[80,80,80,80,80,60,60,52,52,52,58,53,53,53,77,80,80,61,47,47,11,11,35,35,24,24,0,0],"gold":70,"neow_bonus":"TRANSFORM_CARD","is_daily":false,"chose_seed":false,"campfire_upgraded":2,"win_rate":0.0,"timestamp":1611562856,"path_taken":["M","?","$","?","M","E","?","E","T","R","?","M","R","?","R","BOSS","M","M","$","M","?","R","?","M","T","E"],"items_purchased_type":["Relic","Card","Card","Card","Card","Card"],"build_version":"2020-12-22","purchased_purges":1,"victory":false,"max_hp_per_floor":[80,80,80,80,80,80,80,80,80,80,80,80,80,80,80,80,80,80,80,80,80,80,80,80,80,80,80,80],"relic_stats":{"Happy Flower":[11],"counters":[12,48],"Bronze Scales":[123],"Whetstone":["Strike_R","Replay:Undeath\u0027s Touch"],"obtain_stats":[{"Chameleon Ring":6,"Matryoshka":8,"Happy Flower":9,"Replay:Fungal Core":17,"Bronze Scales":9,"Whetstone":26,"Burning Blood":0,"White Beast Statue":26,"ClockworkSouvenir":3},{"Chameleon Ring":3,"Matryoshka":4,"Happy Flower":4,"Replay:Fungal Core":7,"Bronze Scales":4,"Whetstone":11,"Burning Blood":0,"White Beast Statue":11,"ClockworkSouvenir":1},{"Chameleon Ring":11,"Matryoshka":14,"Happy Flower":14,"Replay:Fungal Core":30,"Bronze Scales":14,"Whetstone":46,"Burning Blood":0,"White Beast Statue":46,"ClockworkSouvenir":4}],"Burning Blood":60},"card_choices":[{"not_picked":["Clothesline","Evolve"],"picked":"Heavy Blade","floor":1},{"not_picked":["Iron Wave","Armaments"],"picked":"Replay:Undeath\u0027s Touch","floor":5},{"not_picked":["Body Slam","Headbutt"],"picked":"Rupture","floor":6},{"not_picked":["Clash","Abandon"],"picked":"Replay:Undeath\u0027s Touch","floor":8},{"not_picked":["Defy Death","Wild Strike","Flame Barrier"],"picked":"SKIP","floor":11},{"not_picked":["Immolate","Pommel Strike"],"picked":"Anger","floor":12},{"not_picked":["Fiend Fire","Impervious"],"picked":"Limit Break","floor":16},{"not_picked":["Carnage","Armaments"],"picked":"Warcry+1","floor":18},{"not_picked":["Perfected Strike+1","ReplayTheSpireMod:Limb From Limb"],"picked":"Replay:Undeath\u0027s Touch","floor":19},{"not_picked":["Wild Strike","ReplayTheSpireMod:Stacked"],"picked":"Shrug It Off+1","floor":21},{"not_picked":["True Grit+1","Carnage+1"],"picked":"Demon Form","floor":25}],"player_experience":226505,"relics_obtained":[{"floor":6,"key":"Chameleon Ring"},{"floor":8,"key":"Matryoshka"},{"floor":9,"key":"Bronze Scales"},{"floor":9,"key":"Happy Flower"},{"floor":26,"key":"Whetstone"},{"floor":26,"key":"White Beast Statue"}],"event_choices":[{"damage_healed":0,"gold_gain":175,"player_choice":"AGREE","damage_taken":0,"max_hp_gain":0,"max_hp_loss":0,"event_name":"Liars Game","floor":2,"gold_loss":0,"cards_obtained":["Doubt"]},{"damage_healed":0,"gold_gain":0,"player_choice":"Grow","damage_taken":0,"max_hp_gain":0,"max_hp_loss":0,"event_name":"Living Wall","floor":4,"gold_loss":0,"cards_upgraded":["Heavy Blade"]},{"cards_removed":["Strike_R"],"damage_healed":0,"gold_gain":0,"player_choice":"Offered Basic","damage_taken":0,"max_hp_gain":0,"max_hp_loss":0,"event_name":"Bonfire Elementals","floor":7,"gold_loss":0},{"damage_healed":0,"gold_gain":0,"player_choice":"Forge","damage_taken":0,"max_hp_gain":0,"max_hp_loss":0,"event_name":"Accursed Blacksmith","floor":24,"gold_loss":0,"cards_upgraded":["Limit Break"]}],"is_beta":false,"boss_relics":[{"not_picked":["Kintsugi","Tiny House"],"picked":"Replay:Fungal Core"}],"items_purged_floors":[3],"is_endless":false,"potions_floor_spawned":[5,12,19,25],"killed_by":"Slavers","ascension_level":2}}