{"host":"1zjc08c6hob33401","time":1611596224,"event":{"mods":["AchievementEnabler","Act Like it!","Aspiration","BaseMod","Downfall","Elementarium","Energized Spire","Evolution","Friendly Minions","Gensokyo","GifTheSpireLib","Hubris","Infinite Spire","Jedi Mod","Menagerie","Minty Spire (QoL Compilation)","Pale of the Ancients","Quick Restart","Reliquary","Replay The Spire","Retaliation","Shop Mod","Spire Arcade","StS++","StSLib","Stuff the Spire","The Blue Laboratory","Wandering Minibosses","??????REMEMod"],"gold_per_floor":[111,129,129,129,129,129,145,164,164,164,10,10,22,42,42,115,115,126,38,52,52,52,52],"floor_reached":22,"language":"RUS","playtime":1233,"items_purged":["Defend_B"],"score":351,"play_id":"e7593c25-ede5-4186-8e97-ce1268dbe068","local_time":"20210125193704","is_ascension_mode":true,"campfire_choices":[{"floor":6.0,"key":"REST"},{"data":"StSpp:Channeliser","floor":10.0,"key":"SMITH"},{"floor":12.0,"key":"REST"},{"data":"ReplayTheSpireMod:Fabricate Wheel","floor":15.0,"key":"SMITH"}],"circlet_count":0,"master_deck":["AscendersBane","Sweeping Beam","Sweeping Beam","Sweeping Beam+1","Sweeping Beam","Defend_B","Defend_B","Defend_B+1","Zap","Dualcast","champ:StrikeOfGenius+1","Sweeping Beam","StuffTheSpire:Synthwave","StSpp:Channeliser+1","Leap","Sweeping Beam","hubris:PowerSurge","jedi:hex","Thunder Strike","jedi:meditation","REME_BodyOfCthun","Impatience","hubris:PowerSurge","Secret Weapon","ReplayTheSpireMod:Private Reserves","infinitespire:SevenWalls"],"relics":["Cracked Core","EVO:Axolotl","REME_ComplimentaryCards","StuffTheSpire:SapphireSignet","Prayer Wheel","REME_LowDesire","reliquary:SilkGlove","Happy Flower"],"acts_visited":["Exordium","TheCity"],"potions_floor_usage":[22],"damage_taken":[{"damage":7.0,"enemies":"Small Slimes","floor":1.0,"turns":2.0},{"damage":7.0,"enemies":"Jaw Worm","floor":2.0,"turns":2.0},{"damage":13.0,"enemies":"2 Louse","floor":7.0,"turns":2.0},{"damage":13.0,"enemies":"Blue Slaver","floor":8.0,"turns":3.0},{"damage":0.0,"enemies":"Gremlin Gang","floor":13.0,"turns":1.0},{"damage":0.0,"enemies":"Lots of Slimes","floor":14.0,"turns":1.0},{"damage":26.0,"enemies":"Slime Boss","floor":16.0,"turns":7.0},{"damage":16.0,"enemies":"Chosen","floor":18.0,"turns":6.0},{"damage":25.0,"enemies":"2 Thieves","floor":20.0,"turns":4.0},{"damage":30,"enemies":"Shelled Parasite and Fungi","floor":22,"turns":2}],"seed_played":"-7834214686692669426","potions_obtained":[{"floor":1.0,"key":"blueLaboratory:NullPotion"},{"floor":8.0,"key":"Slimebound:ThreeZeroPotion"},{"floor":16.0,"key":"Strength Potion"},{"floor":18.0,"key":"Fire Potion"}],"is_trial":false,"path_per_floor":["M","M","?","?","?","R","M","M","T","R","$","R","M","M","R","B",null,"M","$","M","AVR","M"],"character_chosen":"DEFECT","items_purchased":["hubris:PowerSurge","hubris:PowerSurge"],"campfire_rested":2,"item_purchase_floors":[11,19],"current_hp_per_floor":[57,50,29,29,29,50,37,24,24,24,24,45,45,45,45,25,60,44,44,19,19,0,0],"gold":52,"neow_bonus":"THREE_CARDS","is_daily":false,"chose_seed":false,"campfire_upgraded":2,"win_rate":0.0,"timestamp":1611596224,"path_taken":["M","M","?","?","?","R","?","?","T","R","$","R","M","M","R","BOSS","M","?","M","AVR","M"],"items_purchased_type":["Card","Card"],"build_version":"2020-12-22","purchased_purges":1,"victory":false,"max_hp_per_floor":[71,71,71,71,71,71,71,71,71,71,71,71,71,71,71,71,71,71,71,71,71,71,71],"card_choices":[{"not_picked":["Auto Shields","Crystallizer"],"picked":"Sweeping Beam","floor":0.0},{"not_picked":["jedi:BurstLightning","Beam Cell"],"picked":"StuffTheSpire:Synthwave","floor":1.0},{"not_picked":["Static Discharge","Ball Lightning"],"picked":"StSpp:Channeliser","floor":2.0},{"not_picked":["StuffTheSpire:Plugnplay","aspiration:Polymerization"],"picked":"Leap","floor":7.0},{"not_picked":["Sunder","StuffTheSpire:Plugnplay"],"picked":"Sweeping Beam","floor":8.0},{"not_picked":["StuffTheSpire:GlassShard","Compile Driver"],"picked":"ReplayTheSpireMod:Fabricate Wheel","floor":13.0},{"not_picked":["jedi:BurstLightning","jedi:BurstFrost"],"picked":"jedi:hex","floor":14.0},{"not_picked":["Creative AI","jedi:gatheringstorm"],"picked":"jedi:meditation","floor":16.0},{"not_picked":["jedi:reiji","Panic Button","Ball Lightning"],"picked":"REME_BodyOfCthun","floor":18.0},{"not_picked":["Barrage","Blizzard","Lockon"],"picked":"Impatience","floor":18.0},{"not_picked":["Redo","Conserve Battery+1","Sweeping Beam"],"picked":"Secret Weapon","floor":20.0},{"not_picked":["Ball Lightning","Beam Cell","StSpp:Channeliser"],"picked":"ReplayTheSpireMod:Private Reserves","floor":20.0}],"player_experience":700722,"relics_obtained":[{"floor":9.0,"key":"StuffTheSpire:SapphireSignet"},{"floor":17.0,"key":"reliquary:SilkGlove"},{"floor":17.0,"key":"Happy Flower"}],"event_choices":[{"damage_healed":0.0,"max_hp_gain":0.0,"max_hp_loss":0.0,"gold_gain":0.0,"event_name":"Shining Light","player_choice":"Entered Light","floor":3.0,"gold_loss":0.0,"damage_taken":21.0,"cards_upgraded":["Defend_B","Sweeping Beam"]},{"damage_healed":0.0,"max_hp_gain":0.0,"max_hp_loss":0.0,"gold_gain":0.0,"event_name":"Living Wall","player_choice":"Grow","floor":5.0,"gold_loss":0.0,"damage_taken":0.0,"cards_upgraded":["champ:StrikeOfGenius"]}],"is_beta":false,"boss_relics":[{"not_picked":["StuffTheSpire:RunicConfusion","Ring of Chaos"],"picked":"REME_LowDesire"}],"items_purged_floors":[11],"is_endless":false,"potions_floor_spawned":[1,8,16,18],"killed_by":"Shelled Parasite and Fungi","ascension_level":17}}