{"host":"1tl36azeqm6yhdgj","time":1611602199,"event":{"mods":["AchievementEnabler","BaseMod","Minty Spire (QoL Compilation)","StSLib","The IronCluck","everything is the same but u backflip on backflip"],"gold_per_floor":[18,30,49,49,49,78,78,90,113,113,132,132,151,22,22,93,93,69,69,69,69,69],"floor_reached":21,"language":"ENG","playtime":446,"items_purged":["Regret"],"score":358,"play_id":"3779d7d3-6d71-424f-bb1d-70eae74602c4","local_time":"20210125141639","is_ascension_mode":true,"campfire_choices":[{"floor":7.0,"key":"REST"},{"data":"Whirlwind","floor":10.0,"key":"SMITH"},{"floor":15.0,"key":"REST"}],"circlet_count":0,"master_deck":["AscendersBane","Strike_R","Strike_R","Strike_R","Strike_R","Defend_R+1","Defend_R","Defend_R","Defend_R","Bash","Infernal Blade+1","Clash","Flex","Fire Breathing","Whirlwind+1","Inflame","Thunderclap","Rage","Barricade","Flame Barrier"],"relics":["Burning Blood","Ice Cream","PreservedInsect","Happy Flower","Tiny Chest","SacredBark"],"acts_visited":["Exordium","TheCity"],"potions_floor_usage":[16,16],"damage_taken":[{"damage":7.0,"enemies":"Cultist","floor":1.0,"turns":4.0},{"damage":14.0,"enemies":"Jaw Worm","floor":2.0,"turns":4.0},{"damage":8.0,"enemies":"2 Louse","floor":3.0,"turns":3.0},{"damage":22.0,"enemies":"3 Sentries","floor":6.0,"turns":6.0},{"damage":2.0,"enemies":"Lots of Slimes","floor":8.0,"turns":2.0},{"damage":6.0,"enemies":"Looter","floor":11.0,"turns":2.0},{"damage":19.0,"enemies":"Exordium Wildlife","floor":13.0,"turns":3.0},{"damage":40,"enemies":"The Guardian","floor":16,"turns":8},{"damage":23,"enemies":"2 Thieves","floor":18,"turns":4},{"damage":34,"enemies":"Shell Parasite","floor":21,"turns":4}],"seed_played":"-6847044821500150641","potions_obtained":[{"floor":1.0,"key":"SkillPotion"},{"floor":3.0,"key":"ElixirPotion"},{"floor":13.0,"key":"CultistPotion"}],"is_trial":false,"path_per_floor":["M","M","M","?","?","E","R","M","T","R","M","?","M","$","R","B",null,"M","?","?","M"],"character_chosen":"IRONCLAD","items_purchased":["Weak Potion"],"campfire_rested":2,"item_purchase_floors":[14],"current_hp_per_floor":[67,59,57,34,34,18,40,44,44,44,44,44,31,31,53,19,61,44,44,33,0,0],"gold":69,"neow_bonus":"ONE_RARE_RELIC","is_daily":false,"chose_seed":false,"campfire_upgraded":1,"win_rate":0.0,"timestamp":1611602199,"path_taken":["M","?","M","?","?","E","R","?","T","R","M","?","M","$","R","BOSS","M","?","?","?"],"items_purchased_type":["Potion"],"build_version":"2020-12-22","purchased_purges":1,"victory":false,"max_hp_per_floor":[75,75,75,75,75,75,75,75,75,75,75,75,75,75,75,75,75,75,75,75,75,75],"card_choices":[{"not_picked":["Dark Embrace","Warcry"],"picked":"Infernal Blade","floor":1.0},{"not_picked":["Iron Wave","Combust"],"picked":"Clash","floor":2.0},{"not_picked":["Anger","Searing Blow"],"picked":"Flex","floor":3.0},{"not_picked":["Iron Wave","Clothesline"],"picked":"Whirlwind","floor":6.0},{"not_picked":["Twin Strike","Evolve"],"picked":"Inflame","floor":8.0},{"not_picked":["Clothesline","Armaments"],"picked":"Thunderclap","floor":11.0},{"not_picked":["Thunderclap","Fiend Fire"],"picked":"Rage","floor":13.0},{"not_picked":["Impervious","Exhume"],"picked":"Barricade","floor":16},{"not_picked":["Clothesline","Evolve"],"picked":"Flame Barrier","floor":18}],"player_experience":2054109,"relics_obtained":[{"floor":6.0,"key":"PreservedInsect"},{"floor":9.0,"key":"Happy Flower"}],"event_choices":[{"damage_healed":0.0,"max_hp_gain":0.0,"max_hp_loss":0.0,"gold_gain":0.0,"event_name":"Shining Light","player_choice":"Entered Light","floor":4.0,"gold_loss":0.0,"damage_taken":23.0,"cards_upgraded":["Defend_R","Infernal Blade"]},{"damage_healed":0.0,"max_hp_gain":0.0,"max_hp_loss":0.0,"gold_gain":0.0,"cards_transformed":["Strike_R"],"event_name":"Transmorgrifier","player_choice":"Transformed","floor":5.0,"gold_loss":0.0,"damage_taken":0.0,"cards_obtained":["Fire Breathing"]},{"damage_healed":0.0,"max_hp_gain":0.0,"max_hp_loss":0.0,"gold_gain":0.0,"event_name":"Big Fish","player_choice":"Box","floor":12.0,"gold_loss":0.0,"damage_taken":0.0,"relics_obtained":["Tiny Chest"],"cards_obtained":["Regret"]},{"damage_healed":0,"gold_gain":0,"player_choice":"Ignored","damage_taken":0,"max_hp_gain":0,"max_hp_loss":0,"event_name":"Ghosts","floor":19,"gold_loss":0},{"damage_healed":0,"gold_gain":0,"player_choice":"Damaged","damage_taken":11,"max_hp_gain":0,"max_hp_loss":0,"event_name":"Wheel of Change","floor":20,"gold_loss":0}],"is_beta":false,"boss_relics":[{"not_picked":["Snecko Eye","Busted Crown"],"picked":"SacredBark"}],"items_purged_floors":[14],"is_endless":false,"potions_floor_spawned":[1,3,13],"killed_by":"Shell Parasite","ascension_level":20}}