{"host":"qeogwbudlaqzb6hy","time":1611550386,"event":{"mods":["BaseMod","Downfall","Minty Spire (QoL Compilation)","StSLib"],"gold_per_floor":[99,117,129,144,159,159,183,218,218,234,234,245,263,275,291,291,291,291],"floor_reached":16,"language":"ENG","playtime":758,"items_purged":[],"score":108,"play_id":"4227fe11-a94b-4975-be31-115a140c8c57","local_time":"20210125145306","is_ascension_mode":false,"campfire_choices":[{"data":"bronze:Assembly","floor":1,"key":"SMITH"},{"data":"bronze:DigitalCarnage","floor":6,"key":"SMITH"},{"floor":11,"key":"REST"}],"circlet_count":0,"master_deck":["bronze:Strike","bronze:Strike","bronze:Strike","bronze:Defend","bronze:Defend","bronze:Defend","bronze:Defend","bronze:Replicate","bronze:Goto","bronze:Assembly+1","bronze:DelayedSlice","bronze:WhirlingStrike","bronze:Constructor","bronze:DigitalCarnage+1","bronze:DelayedSlice","bronze:DelayedGuard","bronze:ClassDefault","bronze:Iterate","bronze:Frontload","bronze:Terminator"],"relics":["bronze:BronzeCore","Orichalcum","Smiling Mask"],"acts_visited":["Exordium"],"potions_floor_usage":[16,16,16,16,16],"damage_taken":[{"damage":5,"enemies":"Small Slimes","floor":2,"turns":3},{"damage":5,"enemies":"Cultist","floor":3,"turns":4},{"damage":6,"enemies":"Jaw Worm","floor":4,"turns":2},{"damage":6,"enemies":"Large Slime","floor":5,"turns":9},{"damage":20,"enemies":"Lagavulin","floor":8,"turns":6},{"damage":0,"enemies":"Exordium Wildlife","floor":10,"turns":3},{"damage":0,"enemies":"Exordium Thugs","floor":12,"turns":3},{"damage":8,"enemies":"3 Louse","floor":13,"turns":2},{"damage":4,"enemies":"2 Fungi Beasts","floor":14,"turns":2},{"damage":0,"enemies":"Large Slime","floor":15,"turns":4},{"damage":74,"enemies":"DF_ARCHETYPE_STREAMLINE","floor":16,"turns":14}],"seed_played":"7244755471334573318","potions_obtained":[{"floor":5,"key":"Block Potion"},{"floor":8,"key":"SpeedPotion"},{"floor":13,"key":"EntropicBrew"}],"is_trial":false,"path_per_floor":["R","M","M","M","M","R","T","E","?","M","R","M","M","M","M","B"],"character_chosen":"THE_AUTOMATON","items_purchased":[],"campfire_rested":1,"item_purchase_floors":[],"current_hp_per_floor":[63,58,53,47,41,41,41,21,21,21,39,39,31,27,27,0,0,0],"gold":291,"neow_bonus":"THREE_RARE_CARDS","is_daily":false,"chose_seed":false,"campfire_upgraded":2,"win_rate":0.0,"timestamp":1611550386,"path_taken":["R","M","M","M","M","R","T","E","?","M","R","M","?","M","M","BOSS"],"items_purchased_type":[],"build_version":"2020-12-22","purchased_purges":0,"victory":false,"max_hp_per_floor":[63,63,63,63,63,63,63,63,63,63,63,63,63,63,63,63,63,63],"card_choices":[{"not_picked":["bronze:HyperBeam","bronze:BurnOut"],"picked":"bronze:Assembly","floor":0},{"not_picked":["bronze:Deprecate","bronze:CutThrough"],"picked":"bronze:DelayedSlice","floor":2},{"not_picked":["bronze:Overheat","bronze:DigitalCarnage"],"picked":"bronze:WhirlingStrike","floor":3},{"not_picked":["bronze:ForLoop","bronze:Invalidate"],"picked":"bronze:Constructor","floor":4},{"not_picked":["bronze:Constructor","bronze:DelayedGuard"],"picked":"bronze:DigitalCarnage","floor":5},{"not_picked":["bronze:MaxOutput","bronze:Mutator"],"picked":"bronze:DelayedSlice","floor":8},{"not_picked":["bronze:Return","bronze:Frontload"],"picked":"bronze:ClassDefault","floor":10},{"not_picked":["bronze:DarkDash","bronze:WildBeam"],"picked":"bronze:Iterate","floor":12},{"not_picked":["bronze:Overheat","bronze:FineTuning"],"picked":"bronze:Frontload","floor":13},{"not_picked":["bronze:BuggyMess","bronze:Overheat","bronze:DarkDash"],"picked":"SKIP","floor":14},{"not_picked":["bronze:WildBeam","bronze:Shield"],"picked":"bronze:Terminator","floor":15}],"player_experience":317284,"relics_obtained":[{"floor":7,"key":"Orichalcum"},{"floor":8,"key":"Smiling Mask"}],"event_choices":[],"is_beta":false,"boss_relics":[],"items_purged_floors":[],"is_endless":false,"potions_floor_spawned":[5,8,13,15],"killed_by":"DF_ARCHETYPE_STREAMLINE","ascension_level":0}}