{"host":"q93rjlrw0j2mc0ku","time":1611554669,"event":{"mods":["A Penny For Your Troubles","BaseMod","Better Altar","Better Match","Better Note","Better Sensory Stone","Better Skull","Better Third Choice","Better Vampires","BetterRewards","Card Forge","Colored Map","Conspire","Downfall","Evolution","Grow up Mod","Hubris","Infinite Spire","Minty Spire (QoL Compilation)","Permanent Neow","Poor People Problems","Relic Stats","Replay The Spire","Shop Mod","StSLib","The Alterego","Uncapped","Waifu the Spire"],"gold_per_floor":[110,228,260,277,277,304,304,321,345,370,381,392,392,425,425,528,528,543,556,556,569,569,598,598,623,623,584,616,630,659,134,134,237,237,257,257,277,293,293,321,331,358,383,457,457,492,24,42,42,42,42,45,45,45,0,31,31],"floor_reached":58,"language":"ENG","playtime":5868,"items_purged":["alterego_mod:ClassAdvantage+1","alterego_mod:Birthday+1"],"score":2076,"play_id":"85edbeaa-95bf-4977-8dd8-f5cc8d24a723","local_time":"20210124220429","is_ascension_mode":true,"campfire_choices":[{"floor":7,"key":"RECALL"},{"floor":13,"key":"REST"},{"floor":15,"key":"DIG"},{"floor":24,"key":"REST"},{"floor":32,"key":"REST"},{"data":"alterego_mod:Rip","floor":45,"key":"SMITH"},{"data":"alterego_mod:BusterCard","floor":51,"key":"SMITH"},{"data":"alterego_mod:Birthday","floor":54,"key":"SMITH"}],"circlet_count":0,"master_deck":["alterego_mod:BusterCard+1","alterego_mod:ClassAdvantage+1","alterego_mod:Clap+1","alterego_mod:Rip+1","alterego_mod:BusterCard+1"],"relics":["alterego_mod:MasochisticConstitution","Hammer of Thor","Seething Fire","Anvil of the Gods","EVO:Axolotl","hubris:Spice","MerchantsRug","infinitespire:ShieldingShard","alterego_mod:FleetingLove","Lantern"],"acts_visited":["Exordium","TheCity","TheBeyond","TheEnding"],"potions_floor_usage":[27],"damage_taken":[{"damage":0,"enemies":"Jaw Worm","floor":1,"turns":1},{"damage":0,"enemies":"conspire:MimicChest","floor":3,"turns":1},{"damage":0,"enemies":"2 Louse","floor":4,"turns":1},{"damage":0,"enemies":"Replay:BlueRogue","floor":6,"turns":1},{"damage":0,"enemies":"Cultist","floor":8,"turns":1},{"damage":0,"enemies":"Gremlin Nob","floor":10,"turns":1},{"damage":5,"enemies":"conspire:2 RoseBushes","floor":11,"turns":1},{"damage":0,"enemies":"Exordium Wildlife","floor":12,"turns":1},{"damage":0,"enemies":"Lagavulin","floor":14,"turns":3},{"damage":0,"enemies":"Fading Forest","floor":16,"turns":3},{"damage":0,"enemies":"Chosen","floor":18,"turns":2},{"damage":0,"enemies":"conspire:FuzzyDice","floor":19,"turns":2},{"damage":0,"enemies":"Snecko","floor":21,"turns":2},{"damage":3,"enemies":"Replay:Snechameleon","floor":23,"turns":2},{"damage":0,"enemies":"conspire:SneckoGhost","floor":25,"turns":2},{"damage":3,"enemies":"Replay:Snechameleon","floor":28,"turns":2},{"damage":0,"enemies":"Centurion and Healer","floor":29,"turns":2},{"damage":6,"enemies":"conspire:SneckoGhost","floor":30,"turns":2},{"damage":0,"enemies":"conspire:MysteriousRune","floor":33,"turns":2},{"damage":0,"enemies":"3 Shapes","floor":35,"turns":2},{"damage":0,"enemies":"Orb Walker","floor":37,"turns":1},{"damage":2,"enemies":"4 Shapes","floor":38,"turns":2},{"damage":0,"enemies":"R_Hoarder","floor":40,"turns":1},{"damage":0,"enemies":"Maw","floor":41,"turns":2},{"damage":0,"enemies":"Reptomancer","floor":42,"turns":1},{"damage":1,"enemies":"Nemesis","floor":46,"turns":3},{"damage":0,"enemies":"Sphere and 2 Shapes","floor":48,"turns":1},{"damage":0,"enemies":"conspire:OrnateMirror","floor":52,"turns":1},{"damage":0,"enemies":"Shield and Spear","floor":56,"turns":2},{"damage":97,"enemies":"The Heart","floor":57,"turns":4}],"seed_played":"-8981001286826681419","potions_obtained":[{"floor":3,"key":"PowerPotion"},{"floor":5,"key":"CultistPotion"},{"floor":28,"key":"SpeedPotion"},{"floor":38,"key":"Elixir"},{"floor":40,"key":"ColorlessPotion"},{"floor":41,"key":"Adrenaline Potion"}],"is_trial":false,"path_per_floor":["M","$","?","M","?","E","R","M","T","E","M","M","R","E","R_BF","B",null,"M","M","AVR","M","?","E","R","E","T","$","E","M","E","$","R","B",null,"M","?","M","M","AVR","E","M","E","T","T","R","E","$","M","R_BF","PTL","R","B",null,"R","$","E","B",null],"character_chosen":"The_Alterego","items_purchased":["conspire:InfiniteJournal","hubris:Spice","Guide Book","MerchantsRug","Oddly Smooth Stone","hubris:Spice","alterego_mod:SistersRibbon","hubris:Spice","EntropicBrew","Lee\u0027s Waffle","hubris:Spice","hubris:Spice","Vajra","hubris:Spice","hubris:Spice","hubris:Spice","hubris:Spice","hubris:Spice","Gremlin Horn","hubris:Spice","hubris:Spice","alterego_mod:BusterCard","hubris:Spice","Lantern"],"campfire_rested":3,"item_purchase_floors":[0,0,0,0,0,0,0,0,0,0,0,0,0,0,0,0,27,31,31,47,47,47,55,55],"current_hp_per_floor":[38,48,50,60,70,64,74,76,86,96,102,109,119,113,123,133,135,145,155,157,167,177,172,182,192,202,204,207,219,226,234,244,256,258,260,270,280,291,295,307,309,303,313,315,325,328,322,334,344,354,364,374,384,394,396,398,312],"gold":31,"neow_bonus":"","is_daily":false,"chose_seed":false,"campfire_upgraded":3,"win_rate":0.0,"timestamp":1611554669,"path_taken":["M","$","?","M","?","E","R","M","T","E","M","M","R","E","R_BF","BOSS","M","M","AVR","M","?","E","R","E","T","$","E","M","E","$","R","BOSS","M","?","M","M","AVR","E","M","E","T","?","R","E","?","M","R_BF","PTL","R","BOSS","R","$","E","BOSS"],"items_purchased_type":["Relic","Relic","Relic","Relic","Relic","Relic","Relic","Relic","Potion","Relic","Relic","Relic","Relic","Relic","Relic","Relic","Relic","Relic","Relic","Relic","Relic","Card","Relic","Relic"],"build_version":"2020-12-22","purchased_purges":2,"victory":true,"max_hp_per_floor":[38,48,50,60,70,64,74,76,86,96,107,109,119,113,123,133,135,145,155,157,167,177,172,182,192,202,204,207,219,232,234,244,256,258,260,270,280,293,295,307,309,303,313,315,325,328,322,334,344,354,364,374,384,394,396,398,409],"relic_stats":{"counters":[218,663],"obtain_stats":[{"vexMod:MemoryStick":95,"infinitespire:Cubic Diamond":112,"Whetstone":23,"Ginger":36,"Bottled Tornado":43,"hubris:MysteriousPyramids":13,"Boot":111,"Sling":107,"Replay:Wanted Poster":119,"Blood Vial":150,"vexMod:InvisibilityCloak":152,"conspire:GlowingRock":48,"infinitespire:ShieldingShard":10,"Sundial":89,"hubris:DeckOfHolding":124,"vexMod:DeviousBotling":54,"Necronomicon":71,"Kunai":57,"Replay:Wax Seal":77,"Replay:Bottled Steam":100,"MerchantsRug":5,"hubris:MobiusCoin":80,"alterego_mod:MasochisticConstitution":0,"conspire:TreasureMap":150,"Pear":65,"Blue Candle":36,"hubris:SphereOfDissonance":133,"Eternal Feather":65,"Pen Nib":156,"Replay:Ancient Bell":36,"infinitespire:Magic Flask":78,"vexMod:GhostlyGear":44,"infinitespire:EvilPickle":84,"SlaversCollar":104,"hubris:BottledHeart":121,"CultistMask":114,"hubris:TenFootPole":123,"vexMod:ImprovementManual":0,"infinitespire:PuzzleCube":95,"Unceasing Top":133,"conspire:Flyswatter":93,"Regal Pillow":127,"Lantern":131,"Singing Bowl":61,"Blue Doll":49,"Bag of Preparation":125,"Replay:Multitool":0,"Smiling Mask":79,"Ancient Tea Set":79,"Cursed Key":138,"Replay:Rubber Ducky":68,"conspire:InfiniteJournal":147,"Shovel":0,"infinitespire:Bottled Soul":48,"vexMod:RedPlottingStone":37,"hubris:ScarierMask":172,"hubris:CuriousFeather":85,"hubris:FunFungus":100,"Chemical X":28,"hubris:GlazedTorus":161,"Potion Belt":44,"vexMod:GildedClover":176,"Lee\u0027s Waffle":0,"Golden Idol":62,"Circlet":0,"conspire:RunicOctahedron":102,"vexMod:BerryBomb":114,"Thread and Needle":116,"The Courier":9,"infinitespire:Joker Card":167,"PreservedInsect":180,"Omamori":72,"Seething Fire":0,"infinitespire:CheckeredPen":65,"infinitespire:Lucky Rock":80,"hubris:Towel":38,"MawBank":91,"sneckomod:BabySnecko":75,"Busted Crown":121,"Ornamental Fan":178,"hubris:Spice":0,"Garlic":106,"Art of War":26,"ReplayTheSpireMod:Onyx Gauntlets":85,"conspire:DeflatedDodgeball":196,"ReplayTheSpireMod:Lightbulb":143,"Toy Ornithopter":62,"infinitespire:Midas Blood":26,"Ice Cream":127,"hubris:CrystalStatue":125,"conspire:RoyalGoblet":17,"Gremlin Horn":145,"Vajra":204,"Hammer of Thor":0,"EVO:Axolotl":0,"hubris:TerracottaHorce":206,"alterego_mod:FleetingLove":20,"Centennial Puzzle":144,"HornCleat":112,"DollysMirror":106,"Philosopher\u0027s Stone":51,"Prayer Wheel":117,"Iron Hammer":89,"alterego_mod:SistersRibbon":0,"conspire:Dentures":68,"hubris:Teleporter":181,"Happy Flower":136,"ReplayTheSpireMod:CursedCoin":19,"Replay:Grab Bag":138,"Oddly Smooth Stone":97,"vexMod:TimeEaterHat":0,"infinitespire:Beetle Shell":24,"conspire:SlowCooker":189,"vexMod:PaidLearning":127,"conspire:Boomerang":129,"Replay:Kaleidoscope":47,"War Paint":8,"hubris:Zylophone":0,"Replay:Baseball":128,"vexMod:Cooldron":0,"ReplayTheSpireMod:Shallot":113,"Anvil of the Gods":0,"Shuriken":209,"Bronze Scales":19,"Simple Rune":75,"ReplayTheSpireMod:TigerMarble":29,"Black Star":34,"infinitespire:EmpoweringShard":44,"hubris:ToyBattleship":91,"Mirror":42,"Meat on the Bone":150,"ReplayFunnel":57,"Darkstone Periapt":102,"Replay:PocketPolymizer":136,"SacredBark":176,"conspire:SpecialSausage":155,"Juzu Bracelet":19,"hubris:SlimyHat":40,"PrismaticShard":123,"conspire:TopHat":106,"Replay:Bandana":75,"Nunchaku":79,"Dream Catcher":94,"hubris:Icosahedron":55,"TheAbacus":89,"Mummified Hand":15,"Gambling Chip":0,"Tiny Chest":108,"Red Mask":76,"Runic Pyramid":138,"Gremlin Food":135,"BargainBundle":57,"ReplayTheSpireMod:Ninjato":179,"Replay:Towering Pillar of Hats":89,"infinitespire:CursedDice":0,"Quantum Egg":130,"Guide Book":0,"hubris:MedicalManual":0,"Replay:WaspNest":113,"vexMod:FocusSash":117,"Odd Mushroom":14,"Orichalcum":64,"vexMod:Dragonfruit":40,"Calling Bell":68,"Peace Pipe":143,"Cauldron":2,"Anchor":51,"CaptainsWheel":96,"Pondfish Scales":0,"vexMod:BarristanHead":14,"infinitespire:Satchel":48,"hubris:BundleOfHerbs":68,"Bag of Marbles":114,"Snack Pack":146,"vexMod:CursedCompass":153,"hubris:OldNail":60,"TungstenRod":12,"hubris:Potato":162,"FossilizedHelix":198},{"vexMod:MemoryStick":129,"infinitespire:Cubic Diamond":56,"Whetstone":15,"Ginger":93,"Bottled Tornado":25,"hubris:MysteriousPyramids":84,"Boot":56,"Sling":135,"Replay:Wanted Poster":60,"Blood Vial":75,"vexMod:InvisibilityCloak":161,"conspire:GlowingRock":26,"infinitespire:ShieldingShard":194,"Sundial":46,"hubris:DeckOfHolding":143,"vexMod:DeviousBotling":29,"Necronomicon":36,"Kunai":31,"Replay:Wax Seal":39,"Replay:Bottled Steam":50,"MerchantsRug":7,"hubris:MobiusCoin":40,"alterego_mod:MasochisticConstitution":0,"conspire:TreasureMap":160,"Pear":34,"Blue Candle":93,"hubris:SphereOfDissonance":68,"Eternal Feather":111,"Pen Nib":77,"Replay:Ancient Bell":93,"infinitespire:Magic Flask":120,"vexMod:GhostlyGear":25,"infinitespire:EvilPickle":43,"SlaversCollar":133,"hubris:BottledHeart":61,"CultistMask":138,"hubris:TenFootPole":61,"vexMod:ImprovementManual":0,"infinitespire:PuzzleCube":48,"Unceasing Top":68,"conspire:Flyswatter":128,"Regal Pillow":63,"Lantern":66,"Singing Bowl":110,"Blue Doll":103,"Bag of Preparation":63,"Replay:Multitool":78,"Smiling Mask":39,"Ancient Tea Set":39,"Cursed Key":152,"Replay:Rubber Ducky":35,"conspire:InfiniteJournal":74,"Shovel":78,"infinitespire:Bottled Soul":102,"vexMod:RedPlottingStone":22,"hubris:ScarierMask":172,"hubris:CuriousFeather":123,"hubris:FunFungus":131,"Chemical X":18,"hubris:GlazedTorus":166,"Potion Belt":25,"vexMod:GildedClover":173,"Lee\u0027s Waffle":188,"Golden Idol":32,"Circlet":0,"conspire:RunicOctahedron":51,"vexMod:BerryBomb":57,"Thread and Needle":139,"The Courier":8,"infinitespire:Joker Card":170,"PreservedInsect":174,"Omamori":36,"Seething Fire":0,"infinitespire:CheckeredPen":34,"infinitespire:Lucky Rock":40,"hubris:Towel":22,"MawBank":48,"sneckomod:BabySnecko":117,"Busted Crown":142,"Ornamental Fan":173,"hubris:Spice":188,"Garlic":53,"Art of War":90,"ReplayTheSpireMod:Onyx Gauntlets":43,"conspire:DeflatedDodgeball":181,"ReplayTheSpireMod:Lightbulb":72,"Toy Ornithopter":110,"infinitespire:Midas Blood":203,"Ice Cream":146,"hubris:CrystalStatue":63,"conspire:RoyalGoblet":11,"Gremlin Horn":73,"Vajra":185,"Hammer of Thor":0,"EVO:Axolotl":0,"hubris:TerracottaHorce":186,"alterego_mod:FleetingLove":12,"Centennial Puzzle":157,"HornCleat":138,"DollysMirror":53,"Philosopher\u0027s Stone":27,"Prayer Wheel":140,"Iron Hammer":46,"alterego_mod:SistersRibbon":78,"conspire:Dentures":35,"hubris:Teleporter":174,"Happy Flower":69,"ReplayTheSpireMod:CursedCoin":12,"Replay:Grab Bag":152,"Oddly Smooth Stone":48,"vexMod:TimeEaterHat":78,"infinitespire:Beetle Shell":90,"conspire:SlowCooker":177,"vexMod:PaidLearning":63,"conspire:Boomerang":148,"Replay:Kaleidoscope":102,"War Paint":82,"hubris:Zylophone":188,"Replay:Baseball":63,"vexMod:Cooldron":78,"ReplayTheSpireMod:Shallot":56,"Anvil of the Gods":0,"Shuriken":187,"Bronze Scales":12,"Simple Rune":38,"ReplayTheSpireMod:TigerMarble":19,"Black Star":20,"infinitespire:EmpoweringShard":25,"hubris:ToyBattleship":48,"Mirror":97,"Meat on the Bone":160,"ReplayFunnel":31,"Darkstone Periapt":132,"Replay:PocketPolymizer":69,"SacredBark":173,"conspire:SpecialSausage":162,"Juzu Bracelet":12,"hubris:SlimyHat":24,"PrismaticShard":143,"conspire:TopHat":53,"Replay:Bandana":38,"Nunchaku":39,"Dream Catcher":48,"hubris:Icosahedron":29,"TheAbacus":46,"Mummified Hand":197,"Gambling Chip":78,"Tiny Chest":54,"Red Mask":39,"Runic Pyramid":152,"Gremlin Food":151,"BargainBundle":107,"ReplayTheSpireMod:Ninjato":174,"Replay:Towering Pillar of Hats":46,"infinitespire:CursedDice":78,"Quantum Egg":148,"Guide Book":188,"hubris:MedicalManual":78,"Replay:WaspNest":138,"vexMod:FocusSash":140,"Odd Mushroom":85,"Orichalcum":110,"vexMod:Dragonfruit":24,"Calling Bell":35,"Peace Pipe":72,"Cauldron":79,"Anchor":104,"CaptainsWheel":129,"Pondfish Scales":188,"vexMod:BarristanHead":10,"infinitespire:Satchel":26,"hubris:BundleOfHerbs":35,"Bag of Marbles":57,"Snack Pack":74,"vexMod:CursedCompass":76,"hubris:OldNail":32,"TungstenRod":84,"hubris:Potato":167,"FossilizedHelix":182},{"vexMod:MemoryStick":460,"infinitespire:Cubic Diamond":224,"Whetstone":77,"Ginger":328,"Bottled Tornado":135,"hubris:MysteriousPyramids":294,"Boot":224,"Sling":475,"Replay:Wanted Poster":231,"Blood Vial":260,"vexMod:InvisibilityCloak":537,"conspire:GlowingRock":140,"infinitespire:ShieldingShard":617,"Sundial":204,"hubris:DeckOfHolding":491,"vexMod:DeviousBotling":150,"Necronomicon":170,"Kunai":154,"Replay:Wax Seal":182,"Replay:Bottled Steam":213,"MerchantsRug":30,"hubris:MobiusCoin":184,"alterego_mod:MasochisticConstitution":0,"conspire:TreasureMap":534,"Pear":162,"Blue Candle":328,"hubris:SphereOfDissonance":243,"Eternal Feather":402,"Pen Nib":269,"Replay:Ancient Bell":328,"infinitespire:Magic Flask":428,"vexMod:GhostlyGear":135,"infinitespire:EvilPickle":193,"SlaversCollar":472,"hubris:BottledHeart":232,"CultistMask":480,"hubris:TenFootPole":232,"vexMod:ImprovementManual":0,"infinitespire:PuzzleCube":209,"Unceasing Top":243,"conspire:Flyswatter":456,"Regal Pillow":237,"Lantern":241,"Singing Bowl":398,"Blue Doll":373,"Bag of Preparation":237,"Replay:Multitool":274,"Smiling Mask":182,"Ancient Tea Set":182,"Cursed Key":515,"Replay:Rubber Ducky":167,"conspire:InfiniteJournal":259,"Shovel":274,"infinitespire:Bottled Soul":368,"vexMod:RedPlottingStone":119,"hubris:ScarierMask":561,"hubris:CuriousFeather":436,"hubris:FunFungus":465,"Chemical X":94,"hubris:GlazedTorus":548,"Potion Belt":135,"vexMod:GildedClover":562,"Lee\u0027s Waffle":611,"Golden Idol":156,"Circlet":0,"conspire:RunicOctahedron":216,"vexMod:BerryBomb":227,"Thread and Needle":482,"The Courier":36,"infinitespire:Joker Card":553,"PreservedInsect":564,"Omamori":170,"Seething Fire":0,"infinitespire:CheckeredPen":162,"infinitespire:Lucky Rock":184,"hubris:Towel":119,"MawBank":209,"sneckomod:BabySnecko":420,"Busted Crown":489,"Ornamental Fan":562,"hubris:Spice":611,"Garlic":219,"Art of War":314,"ReplayTheSpireMod:Onyx Gauntlets":193,"conspire:DeflatedDodgeball":586,"ReplayTheSpireMod:Lightbulb":256,"Toy Ornithopter":398,"infinitespire:Midas Blood":635,"Ice Cream":499,"hubris:CrystalStatue":237,"conspire:RoyalGoblet":54,"Gremlin Horn":258,"Vajra":597,"Hammer of Thor":0,"EVO:Axolotl":0,"hubris:TerracottaHorce":603,"alterego_mod:FleetingLove":61,"Centennial Puzzle":526,"HornCleat":480,"DollysMirror":219,"Philosopher\u0027s Stone":146,"Prayer Wheel":484,"Iron Hammer":204,"alterego_mod:SistersRibbon":274,"conspire:Dentures":167,"hubris:Teleporter":564,"Happy Flower":250,"ReplayTheSpireMod:CursedCoin":61,"Replay:Grab Bag":515,"Oddly Smooth Stone":209,"vexMod:TimeEaterHat":274,"infinitespire:Beetle Shell":314,"conspire:SlowCooker":575,"vexMod:PaidLearning":237,"conspire:Boomerang":504,"Replay:Kaleidoscope":368,"War Paint":288,"hubris:Zylophone":611,"Replay:Baseball":237,"vexMod:Cooldron":274,"ReplayTheSpireMod:Shallot":224,"Anvil of the Gods":0,"Shuriken":604,"Bronze Scales":61,"Simple Rune":180,"ReplayTheSpireMod:TigerMarble":101,"Black Star":109,"infinitespire:EmpoweringShard":135,"hubris:ToyBattleship":209,"Mirror":341,"Meat on the Bone":534,"ReplayFunnel":154,"Darkstone Periapt":468,"Replay:PocketPolymizer":250,"SacredBark":562,"conspire:SpecialSausage":544,"Juzu Bracelet":61,"hubris:SlimyHat":131,"PrismaticShard":491,"conspire:TopHat":219,"Replay:Bandana":180,"Nunchaku":182,"Dream Catcher":209,"hubris:Icosahedron":150,"TheAbacus":204,"Mummified Hand":622,"Gambling Chip":274,"Tiny Chest":220,"Red Mask":182,"Runic Pyramid":515,"Gremlin Food":510,"BargainBundle":390,"ReplayTheSpireMod:Ninjato":564,"Replay:Towering Pillar of Hats":204,"infinitespire:CursedDice":274,"Quantum Egg":504,"Guide Book":611,"hubris:MedicalManual":274,"Replay:WaspNest":480,"vexMod:FocusSash":484,"Odd Mushroom":297,"Orichalcum":398,"vexMod:Dragonfruit":131,"Calling Bell":167,"Peace Pipe":256,"Cauldron":277,"Anchor":378,"CaptainsWheel":460,"Pondfish Scales":611,"vexMod:BarristanHead":46,"infinitespire:Satchel":140,"hubris:BundleOfHerbs":167,"Bag of Marbles":227,"Snack Pack":259,"vexMod:CursedCompass":267,"hubris:OldNail":156,"TungstenRod":294,"hubris:Potato":550,"FossilizedHelix":588}]},"card_choices":[{"not_picked":["hubris:SpiceAddiction","alterego_mod:Rip"],"picked":"hubris:SpiceAddiction","floor":1},{"not_picked":["alterego_mod:DiscoLights","alterego_mod:PerceptionDisorder","alterego_mod:HighServant"],"picked":"SKIP","floor":4},{"not_picked":["alterego_mod:PerceptionDisorder","alterego_mod:Punishment"],"picked":"hubris:SpiceAddiction","floor":6},{"not_picked":["alterego_mod:Santa","hubris:SpiceAddiction"],"picked":"hubris:SpiceAddiction","floor":8},{"not_picked":["alterego_mod:Nekomimi","alterego_mod:HighServant","alterego_mod:Complex"],"picked":"SKIP","floor":10},{"not_picked":["alterego_mod:BiFurious","alterego_mod:Skirt","alterego_mod:Maid"],"picked":"SKIP","floor":11},{"not_picked":["alterego_mod:1TonWallop","alterego_mod:Birthday"],"picked":"hubris:SpiceAddiction","floor":12},{"not_picked":["alterego_mod:Exercise","alterego_mod:IndependentAction"],"picked":"hubris:SpiceAddiction","floor":14},{"not_picked":["alterego_mod:SuperDuperMasochism","alterego_mod:Santa","alterego_mod:Skirt"],"picked":"SKIP","floor":18},{"not_picked":["alterego_mod:BiFurious+1","alterego_mod:DiscoLights","alterego_mod:BustOut+1"],"picked":"SKIP","floor":19},{"not_picked":["alterego_mod:GoddessCore","alterego_mod:DeftHands","alterego_mod:Collar+1"],"picked":"SKIP","floor":21},{"not_picked":["alterego_mod:Jiggle","alterego_mod:Crossover"],"picked":"hubris:SpiceAddiction","floor":23},{"not_picked":["alterego_mod:Support","alterego_mod:Maid+1","alterego_mod:DeftHands"],"picked":"SKIP","floor":25},{"not_picked":["alterego_mod:Lift","alterego_mod:PresenceConcealment+1"],"picked":"hubris:SpiceAddiction","floor":28},{"not_picked":["alterego_mod:Complex+1","alterego_mod:Maid","alterego_mod:Bloomers+1"],"picked":"Singing Bowl","floor":29},{"not_picked":["alterego_mod:BoobPocket","alterego_mod:PerceptionDisorder+1","alterego_mod:1TonWallop+1"],"picked":"Singing Bowl","floor":30},{"not_picked":["alterego_mod:Tantrum","alterego_mod:Valkyrie","alterego_mod:Lift"],"picked":"Singing Bowl","floor":33},{"not_picked":["alterego_mod:Santa","alterego_mod:MagicResistance"],"picked":"hubris:SpiceAddiction","floor":35},{"not_picked":["alterego_mod:Clones","alterego_mod:GoddessCore+1"],"picked":"alterego_mod:Rip","floor":37},{"not_picked":["alterego_mod:Maid+1","alterego_mod:RidiculouslyBig+1","alterego_mod:PresenceConcealment+1"],"picked":"Singing Bowl","floor":38},{"not_picked":["alterego_mod:DiscoLights","alterego_mod:Skirt+1","alterego_mod:ChallengeComplete+1"],"picked":"Singing Bowl","floor":40},{"not_picked":["alterego_mod:Mirror+1","hubris:SpiceAddiction"],"picked":"hubris:SpiceAddiction","floor":41},{"not_picked":["hubris:SpiceAddiction","alterego_mod:HighServant+1"],"picked":"hubris:SpiceAddiction","floor":42},{"not_picked":["alterego_mod:Lift","alterego_mod:Bounce+1"],"picked":"hubris:SpiceAddiction","floor":46},{"not_picked":["alterego_mod:Punishment+1","alterego_mod:SuperDuperMasochism","alterego_mod:DiscoLights"],"picked":"Singing Bowl","floor":48},{"not_picked":["alterego_mod:Mirror+1","alterego_mod:TrickOrTreatment","alterego_mod:GoddessCore+1"],"picked":"SKIP","floor":56}],"player_experience":523941,"relics_obtained":[{"floor":3,"key":"hubris:Spice"},{"floor":6,"key":"hubris:Spice"},{"floor":10,"key":"infinitespire:ShieldingShard"},{"floor":14,"key":"hubris:Spice"},{"floor":15,"key":"Mummified Hand"},{"floor":23,"key":"hubris:Spice"},{"floor":26,"key":"infinitespire:Midas Blood"},{"floor":28,"key":"Singing Bowl"},{"floor":30,"key":"infinitespire:PuzzleCube"},{"floor":40,"key":"Blood Vial"},{"floor":42,"key":"hubris:Spice"},{"floor":43,"key":"Centennial Puzzle"},{"floor":44,"key":"hubris:Spice"},{"floor":46,"key":"Ancient Tea Set"},{"floor":56,"key":"hubris:Spice"}],"event_choices":[{"damage_healed":0,"gold_gain":0,"player_choice":"Got Potions","damage_taken":0,"max_hp_gain":0,"max_hp_loss":0,"event_name":"Lab","floor":5,"gold_loss":0},{"damage_healed":0,"gold_gain":0,"player_choice":"Choice 1","damage_taken":0,"relics_obtained":["alterego_mod:FleetingLove"],"max_hp_gain":0,"max_hp_loss":0,"event_name":"Secret Garden","floor":22,"gold_loss":0}],"is_beta":false,"boss_relics":[{"not_picked":["hubris:Spice","hubris:GrandSneckoEye"],"picked":"hubris:Spice"},{"not_picked":["Ring of Chaos","Kintsugi"],"picked":"hubris:Spice"}],"items_purged_floors":[39,55],"is_endless":false,"potions_floor_spawned":[3,6,12,16,18,25,28,38,40,41],"ascension_level":1}}