{"host":"3qkmyeoym75lj4wn","time":1611611857,"event":{"mods":["2.2 Compatiblity","BaseMod","Block Reminder","Colored Powertips","Highlight Path","Minty Spire (QoL Compilation)","Permanent Neow","Potion Indicator Mod","Rare Cards Sparkle","Relic Stats","StSLib","Unceasing Turn Reminder"],"gold_per_floor":[115,115,129,279,279,279,293,179,257,277,310,38,56,76,76,150,150,165,165,2,32,51,51,86,98,124,124,124,134,144,90,90,164,164,179,401,421,148,148,148,148],"floor_reached":40,"language":"ENG","playtime":1759,"items_purged":["Doubt","Strike_P+1"],"score":833,"play_id":"2b87605c-6696-45ea-ad8d-ab376c2e4807","local_time":"20210125215737","is_ascension_mode":true,"campfire_choices":[{"data":"TalkToTheHand","floor":6.0,"key":"SMITH"},{"data":"Tantrum","floor":15.0,"key":"SMITH"},{"floor":23.0,"key":"REST"},{"floor":27.0,"key":"REST"},{"floor":32.0,"key":"REST"}],"circlet_count":0,"master_deck":["AscendersBane","Strike_P+1","Strike_P+1","Strike_P+1","Defend_P+1","Defend_P+1","Defend_P+1","Defend_P+1","Eruption+1","Vigilance+1","LikeWater","Consecrate","TalkToTheHand+1","Consecrate","Establishment","BowlingBash+1","Adaptation","FlurryOfBlows","Tantrum+1","Protect+1","Evaluate+1","LessonLearned+1","FollowUp","Cold Snap+1","Dash","Vault+1","EmptyMind+1","Leg Sweep+1","Metamorphosis+1","Ball Lightning","SandsOfTime","Madness+1","Madness+1"],"relics":["HolyWater","Sundial","Odd Mushroom","CloakClasp","Toxic Egg 2","SlaversCollar","PrismaticShard","Red Mask","Matryoshka","InkBottle","Nunchaku","CultistMask","Membership Card"],"acts_visited":["Exordium","TheCity","TheBeyond"],"potions_floor_usage":[40],"damage_taken":[{"damage":4.0,"enemies":"Jaw Worm","floor":1.0,"turns":5.0},{"damage":26.0,"enemies":"Small Slimes","floor":3.0,"turns":3.0},{"damage":1.0,"enemies":"Cultist","floor":7.0,"turns":5.0},{"damage":0.0,"enemies":"The Mushroom Lair","floor":10.0,"turns":2.0},{"damage":8.0,"enemies":"Lagavulin","floor":11.0,"turns":7.0},{"damage":5.0,"enemies":"Red Slaver","floor":13.0,"turns":3.0},{"damage":13.0,"enemies":"Large Slime","floor":14.0,"turns":5.0},{"damage":11.0,"enemies":"Hexaghost","floor":16.0,"turns":8.0},{"damage":14.0,"enemies":"2 Thieves","floor":18.0,"turns":4.0},{"damage":32.0,"enemies":"Masked Bandits","floor":21.0,"turns":3.0},{"damage":0.0,"enemies":"Chosen","floor":22.0,"turns":3.0},{"damage":20.0,"enemies":"Book of Stabbing","floor":24.0,"turns":7.0},{"damage":10.0,"enemies":"Snake Plant","floor":25.0,"turns":7.0},{"damage":0.0,"enemies":"Cultist and Chosen","floor":29.0,"turns":5.0},{"damage":0.0,"enemies":"Centurion and Healer","floor":30.0,"turns":4.0},{"damage":29.0,"enemies":"Champ","floor":33.0,"turns":14.0},{"damage":7.0,"enemies":"3 Shapes","floor":35.0,"turns":10.0},{"damage":3.0,"enemies":"Orb Walker","floor":37.0,"turns":3.0},{"damage":47,"enemies":"Reptomancer","floor":40,"turns":3}],"seed_played":"6072198840746251884","potions_obtained":[{"floor":7.0,"key":"FairyPotion"},{"floor":10.0,"key":"SmokeBomb"},{"floor":11.0,"key":"LiquidMemories"},{"floor":18.0,"key":"Fruit Juice"},{"floor":25.0,"key":"Energy Potion"},{"floor":30.0,"key":"Fire Potion"},{"floor":35.0,"key":"FearPotion"}],"is_trial":false,"path_per_floor":["M","?","M","?","?","R","M","$","T","?","E","$","M","M","R","B",null,"M","?","$","?","M","R","E","M","T","R","?","M","M","$","R","B",null,"M","?","M","$","?","E"],"character_chosen":"WATCHER","items_purchased":["Adaptation","Toxic Egg 2","PrismaticShard","Block Potion","Membership Card","CultistPotion"],"campfire_rested":3,"item_purchase_floors":[8,12,20,31,38,38],"current_hp_per_floor":[57,57,31,31,31,31,30,30,30,30,22,22,17,4,4,20,56,42,42,42,10,10,30,10,5,5,26,26,26,26,26,47,18,59,52,52,49,49,36,0,0],"gold":148,"neow_bonus":"THREE_CARDS","is_daily":false,"chose_seed":false,"campfire_upgraded":2,"win_rate":0.0,"timestamp":1611611857,"path_taken":["M","?","M","?","?","R","?","?","T","?","E","$","M","M","R","BOSS","M","?","$","?","M","R","E","M","T","R","?","?","M","$","R","BOSS","M","?","M","$","?","E"],"items_purchased_type":["Card","Relic","Relic","Potion","Relic","Potion"],"build_version":"2020-12-22","purchased_purges":2,"victory":false,"max_hp_per_floor":[68,68,68,68,68,68,68,68,68,68,68,68,68,68,68,68,68,68,68,68,68,68,68,68,73,73,73,73,73,73,73,73,73,73,73,73,73,73,73,73,73],"relic_stats":{"Nunchaku":[10],"counters":[19,101],"Sundial":[8],"CloakClasp":[188],"obtain_stats":[{"CloakClasp":11,"Odd Mushroom":10,"PrismaticShard":20,"SlaversCollar":17,"Nunchaku":26,"Matryoshka":24,"Sundial":9,"HolyWater":34,"CultistMask":28,"Red Mask":21,"Membership Card":38,"PureWater":0,"Toxic Egg 2":12,"InkBottle":26},{"CloakClasp":5,"Odd Mushroom":4,"PrismaticShard":9,"SlaversCollar":8,"Nunchaku":13,"Matryoshka":12,"Sundial":3,"HolyWater":16,"CultistMask":13,"Red Mask":10,"Membership Card":18,"PureWater":0,"Toxic Egg 2":5,"InkBottle":13},{"CloakClasp":22,"Odd Mushroom":15,"PrismaticShard":42,"SlaversCollar":38,"Nunchaku":62,"Matryoshka":55,"Sundial":13,"HolyWater":85,"CultistMask":62,"Red Mask":45,"Membership Card":98,"PureWater":0,"Toxic Egg 2":22,"InkBottle":62}],"InkBottle":[17]},"card_choices":[{"not_picked":["Halt","EmptyFist"],"picked":"LikeWater","floor":0.0},{"not_picked":["DeceiveReality","Halt"],"picked":"Consecrate","floor":1.0},{"not_picked":["Crescendo","Fasting2"],"picked":"TalkToTheHand","floor":3.0},{"not_picked":["ThirdEye","FollowUp"],"picked":"BowlingBash","floor":7.0},{"not_picked":["WindmillStrike","Blasphemy"],"picked":"FlurryOfBlows","floor":10.0},{"not_picked":["Crescendo","ThirdEye"],"picked":"Tantrum","floor":11.0},{"not_picked":["Crescendo+1","EmptyBody+1"],"picked":"Protect+1","floor":13.0},{"not_picked":["ClearTheMind+1","MentalFortress"],"picked":"Evaluate+1","floor":14.0},{"not_picked":["SpiritShield+1","Brilliance"],"picked":"LessonLearned","floor":16.0},{"not_picked":["Consecrate","SashWhip"],"picked":"FollowUp","floor":18.0},{"not_picked":["ReachHeaven","Consecrate"],"picked":"Cold Snap+1","floor":21.0},{"not_picked":["Metallicize","Dagger Spray"],"picked":"Dash","floor":22.0},{"not_picked":["Collect+1","Leap+1"],"picked":"Vault+1","floor":24.0},{"not_picked":["FlyingSleeves","Dual Wield+1"],"picked":"EmptyMind+1","floor":25.0},{"not_picked":["Sucker Punch","ClearTheMind+1","Prepared+1"],"picked":"SKIP","floor":29.0},{"not_picked":["Hello World","Barrage"],"picked":"Leg Sweep+1","floor":30.0},{"not_picked":["Ragnarok","Fiend Fire"],"picked":"Metamorphosis+1","floor":33.0},{"not_picked":["WaveOfTheHand+1","Cleave"],"picked":"Ball Lightning","floor":35.0},{"not_picked":["Havoc+1","EmptyFist"],"picked":"SandsOfTime","floor":37.0}],"player_experience":1703811,"relics_obtained":[{"floor":9.0,"key":"Sundial"},{"floor":10.0,"key":"Odd Mushroom"},{"floor":11.0,"key":"CloakClasp"},{"floor":21.0,"key":"Red Mask"},{"floor":24.0,"key":"Matryoshka"},{"floor":26.0,"key":"InkBottle"},{"floor":26.0,"key":"Nunchaku"}],"event_choices":[{"damage_healed":0.0,"max_hp_gain":0.0,"max_hp_loss":0.0,"gold_gain":0.0,"event_name":"Living Wall","player_choice":"Grow","floor":2.0,"gold_loss":0.0,"damage_taken":0.0,"cards_upgraded":["Eruption"]},{"damage_healed":0.0,"max_hp_gain":0.0,"max_hp_loss":0.0,"gold_gain":150.0,"event_name":"Liars Game","player_choice":"AGREE","floor":4.0,"gold_loss":0.0,"damage_taken":0.0,"cards_obtained":["Doubt"]},{"damage_healed":0.0,"max_hp_gain":0.0,"max_hp_loss":0.0,"gold_gain":0.0,"event_name":"Match and Keep!","player_choice":"2 cards matched","floor":5.0,"gold_loss":0.0,"damage_taken":0.0,"cards_obtained":["Consecrate","Establishment"]},{"damage_healed":0.0,"max_hp_gain":0.0,"max_hp_loss":0.0,"gold_gain":0.0,"event_name":"Mushrooms","player_choice":"Fought Mushrooms","floor":10.0,"gold_loss":0.0,"damage_taken":0.0},{"damage_healed":0.0,"max_hp_gain":0.0,"max_hp_loss":0.0,"gold_gain":0.0,"event_name":"Back to Basics","player_choice":"Simplicity","floor":19.0,"gold_loss":0.0,"damage_taken":0.0,"cards_upgraded":["Strike_P","Strike_P","Strike_P","Defend_P","Defend_P","Defend_P","Defend_P"]},{"damage_healed":0.0,"max_hp_gain":0.0,"max_hp_loss":0.0,"gold_gain":0.0,"event_name":"Masked Bandits","player_choice":"Fought Bandits","floor":21.0,"gold_loss":0.0,"damage_taken":0.0},{"damage_healed":0.0,"max_hp_gain":0.0,"max_hp_loss":0.0,"gold_gain":0.0,"event_name":"FaceTrader","player_choice":"Trade","floor":28.0,"gold_loss":0.0,"damage_taken":0.0,"relics_obtained":["CultistMask"]},{"damage_healed":0.0,"max_hp_gain":0.0,"max_hp_loss":0.0,"gold_gain":222.0,"event_name":"Tomb of Lord Red Mask","player_choice":"Wore Mask","floor":36.0,"gold_loss":0.0,"damage_taken":0.0},{"damage_healed":0.0,"max_hp_gain":0.0,"max_hp_loss":0.0,"gold_gain":0.0,"event_name":"Winding Halls","player_choice":"Embrace Madness","floor":39.0,"gold_loss":0.0,"damage_taken":13.0,"cards_obtained":["Madness","Madness"]}],"is_beta":false,"boss_relics":[{"not_picked":["Coffee Dripper","Sozu"],"picked":"SlaversCollar"},{"not_picked":["SacredBark","Runic Dome"],"picked":"HolyWater"}],"items_purged_floors":[8,38],"is_endless":false,"potions_floor_spawned":[7,10,11,18,25,30,35],"killed_by":"Reptomancer","ascension_level":20}}