{"host":"b4vwm7jq6jdk6nca","time":1611577958,"event":{"mods":["Act Like it!","BaseMod","Downfall","Minty Spire (QoL Compilation)","Quick Restart","Relic Filter Mod","StSLib","TestMod","The Cursed","[IsaacMod]以撒尖塔"],"gold_per_floor":[109,109,109,74,97,97,55,90,140,153,166,184,184,66,66,546,546,567,581,319,319,34,34,75,89,89,89,89],"floor_reached":27,"language":"ZHS","playtime":723,"items_purged":["Strike_P","Defend_P","downfall:Bewildered"],"score":658,"play_id":"db8f8dba-d738-435a-986e-76542c82b2a1","local_time":"20210125203238","is_ascension_mode":true,"campfire_choices":[{"data":"Eruption","floor":6.0,"key":"SMITH"},{"data":"CrushJoints","floor":15.0,"key":"SMITH"},{"data":"Blasphemy","floor":23.0,"key":"SMITH"}],"circlet_count":0,"master_deck":["AscendersBane","Strike_P","Strike_P","Strike_P","Defend_P","Defend_P","Defend_P","Eruption+1","Vigilance","DeceiveReality","EmptyMind","CrushJoints+1","Conclude","Swivel","Blasphemy+1","Ragnarok","Wallop","ReachHeaven"],"relics":["PureWater","testmod-TestBox","HushsDoor","YumHeart","testmod-NegativeEmotionEnhancer","Golden Idol","testmod-IndustrialRevolution","Slimebound:StickyStick","MealTicket","JudasShadow","BookOfRevelations","Nunchaku","AnarchistCookbook","Happy Flower","Pear","Akabeko","Coffee Dripper","GuppysHairball","BFFS","sneckomod:BabySnecko","Vajra","Mummified Hand","testmod-Hope"],"acts_visited":["Exordium","TheCity"],"potions_floor_usage":[],"damage_taken":[{"damage":0.0,"enemies":"Small Slimes","floor":1.0,"turns":2.0},{"damage":0.0,"enemies":"3 Sentries","floor":8.0,"turns":2.0},{"damage":0.0,"enemies":"2 Louse","floor":10.0,"turns":1.0},{"damage":4.0,"enemies":"Cultist","floor":11.0,"turns":4.0},{"damage":18.0,"enemies":"Exordium Wildlife","floor":12.0,"turns":4.0},{"damage":9.9999999E7,"enemies":"The Guardian","floor":16.0,"turns":6.0},{"damage":0.0,"enemies":"3 Byrds","floor":18.0,"turns":2.0},{"damage":0.0,"enemies":"Spheric Guardian","floor":19.0,"turns":1.0},{"damage":0.0,"enemies":"Gremlin Leader","floor":24.0,"turns":2.0},{"damage":0.0,"enemies":"Cultist and Chosen","floor":25.0,"turns":1.0},{"damage":14,"enemies":"Slavers","floor":27,"turns":1}],"seed_played":"-856532458880263102","potions_obtained":[{"floor":1.0,"key":"Swift Potion"},{"floor":16.0,"key":"SteroidPotion"},{"floor":16.0,"key":"FearPotion"},{"floor":25.0,"key":"Fruit Juice"}],"is_trial":false,"path_per_floor":["M","?","?","?","T","R","$","E","T","M","M","M","?","$","R","B",null,"M","M","$","?","$","R","E","M","T","E"],"character_chosen":"WATCHER","items_purchased":["EmptyMind","Swivel","GuppysHairball","BFFS","Vajra"],"campfire_rested":0,"item_purchase_floors":[7,14,17,20,22],"current_hp_per_floor":[64,40,25,42,42,42,42,46,46,49,47,57,57,72,72,12,2,3,4,4,4,4,4,5,11,11,0,0],"gold":89,"neow_bonus":"THREE_ENEMY_KILL","is_daily":false,"chose_seed":false,"campfire_upgraded":3,"win_rate":0.0,"timestamp":1611577958,"path_taken":["M","?","?","?","?","R","?","E","T","M","M","?","?","$","R","BOSS","M","?","$","?","$","R","E","?","T","E"],"items_purchased_type":["Card","Card","Relic","Relic","Relic"],"build_version":"2020-12-22","purchased_purges":3,"victory":false,"max_hp_per_floor":[69,69,69,69,69,69,69,70,70,71,72,73,73,73,73,12,2,3,4,4,4,4,4,5,11,11,11,11],"card_choices":[{"not_picked":[],"picked":"SuicideKing","floor":0.0},{"not_picked":["FlyingSleeves","Halt"],"picked":"DeceiveReality","floor":1.0},{"not_picked":["Consecrate","Establishment"],"picked":"CrushJoints","floor":8.0},{"not_picked":["Wireheading","FollowUp"],"picked":"Bomb","floor":10.0},{"not_picked":["LikeWater","PathToVictory"],"picked":"Conclude","floor":11.0},{"not_picked":["ForeignInfluence","SashWhip"],"picked":"Bomb","floor":12.0},{"not_picked":["Omniscience","Vault"],"picked":"Blasphemy","floor":16.0},{"not_picked":["Establishment","DevaForm"],"picked":"Ragnarok","floor":16.0},{"not_picked":["CrushJoints","SashWhip","Prostrate"],"picked":"SKIP","floor":18.0},{"not_picked":["Halt","BowlingBash"],"picked":"Wallop","floor":19.0},{"not_picked":["WaveOfTheHand+1","CrushJoints"],"picked":"ReachHeaven","floor":24.0},{"not_picked":["Consecrate","Evaluate","CrushJoints"],"picked":"SKIP","floor":25.0}],"player_experience":267304,"relics_obtained":[{"floor":8.0,"key":"Slimebound:StickyStick"},{"floor":9.0,"key":"MealTicket"},{"floor":16.0,"key":"BookOfRevelations"},{"floor":16.0,"key":"Nunchaku"},{"floor":16.0,"key":"AnarchistCookbook"},{"floor":16.0,"key":"Happy Flower"},{"floor":16.0,"key":"Pear"},{"floor":16.0,"key":"Akabeko"},{"floor":24.0,"key":"Mummified Hand"},{"floor":26.0,"key":"testmod-Hope"}],"event_choices":[{"damage_healed":0.0,"max_hp_gain":0.0,"max_hp_loss":0.0,"gold_gain":0.0,"event_name":"Golden Idol","player_choice":"Take Damage","floor":2.0,"gold_loss":0.0,"damage_taken":24.0,"relics_obtained":["Golden Idol"]},{"damage_healed":17.0,"max_hp_gain":0.0,"max_hp_loss":0.0,"gold_gain":0.0,"event_name":"The Cleric","player_choice":"Healed","floor":4.0,"gold_loss":35.0,"damage_taken":0.0},{"damage_healed":0.0,"max_hp_gain":0.0,"max_hp_loss":0.0,"gold_gain":0.0,"event_name":"给自己的盒子","player_choice":"Swap Relic","floor":13.0,"relics_lost":["NeowsBlessing"],"gold_loss":0.0,"damage_taken":0.0,"relics_obtained":["JudasShadow"]}],"is_beta":false,"boss_relics":[{"not_picked":["Astrolabe","Velvet Choker"],"picked":"Coffee Dripper"},{"not_picked":[]}],"items_purged_floors":[14,20,22],"is_endless":false,"potions_floor_spawned":[1,25],"killed_by":"Slavers","ascension_level":20}}