{"host":"0dvp4uxbao5ucv2j","time":1611601324,"event":{"mods":["AchievementEnabler","Aspiration","BaseMod","Beaked The Cultist","BetterRewards","DNKmod","DNKmod Update","Downfall","Friendly Minions","GifTheSpireLib","Hubris","Infinite Spire","Minty Spire (QoL Compilation)","Replay The Spire","StSLib"],"gold_per_floor":[10020,10030,10044,10058,10074,10104,10104,10104,10130,10130,10142,9462,9462,9482,9482,9581,9581,9598,9609,9609,9625,9641,9641,9654,9723,9749,9761,9772,9805,9063,9078,9078,9175,9175,9192,9212,9232,9244,9244,9271,9271,9298,9324,9339,9352,9364,9364,9379,9379,9379],"floor_reached":51,"language":"ENG","playtime":5282,"items_purged":["beaked:Strike_Y","beaked:Defend_Y"],"score":841,"play_id":"2d030b27-3d94-4130-b96c-9134f1375a8c","local_time":"20210125200204","is_ascension_mode":false,"campfire_choices":[{"data":"beaked:AwakenedForm","floor":7,"key":"SMITH"},{"data":"beaked:MaddeningMurmurs","floor":10,"key":"SMITH"},{"data":"beaked:Insight","floor":15,"key":"SMITH"},{"data":"beaked:AwakenedForm","floor":23,"key":"SMITH"},{"data":"infinitespire:NeuralNetwork","floor":32,"key":"SMITH"},{"data":"beaked:BloodRitual","floor":41,"key":"SMITH"},{"data":"beaked:TuckingFeathers","floor":47,"key":"SMITH"},{"data":"beaked:KnowThyFoe","floor":49,"key":"SMITH"}],"circlet_count":0,"master_deck":["beaked:Strike_Y","beaked:Strike_Y","beaked:Strike_Y","beaked:Strike_Y","beaked:Defend_Y","beaked:Defend_Y","beaked:Defend_Y","beaked:Ceremony","beaked:Ceremony","beaked:Ceremony","beaked:DigDeep","beaked:DigDeep","beaked:AwakenedForm+1","beaked:HuntressEssence","beaked:MaddeningMurmurs+1","beaked:HuntressSpirit","beaked:Insight+1","beaked:WarriorEssence","Violence","beaked:FeelMyPain+1","Replay:Bootleg Shield Generator","beaked:AwakenedForm+1","beaked:StickSmack+1","beaked:BloodRitual+1","infinitespire:NeuralNetwork+1","infinitespire:DeathsTouch","beaked:TuckingFeathers+1","beaked:MachineSpirit+1","beaked:DigDeep+1","beaked:CrazyRituals","beaked:BloodRitual+1","beaked:Insight","beaked:Insight","beaked:WarriorEssence","Discovery","beaked:KnowThyFoe+1","beaked:Hexing","beaked:Hexing+1","beaked:TuckingFeathers","beaked:BraceForImpact+1","beaked:DigDeep+1"],"relics":["beaked:BlessedCoat","hubris:HollowSoul","Painkiller Herb","Boot","PreservedInsect","BargainBundle","infinitespire:CheckeredPen","Oddly Smooth Stone","aspiration:RunicSpoon","aspiration:RitualDagger","CaptainsWheel","aspiration:TomeofQuesting","Blood Vial","InkBottle","Chemical X","aspiration:ChemicalBlood","hubris:TenFootPole","beaked:ThroatLozenge","Pear","Anchor"],"acts_visited":["Exordium","TheCity","TheBeyond"],"potions_floor_usage":[31,33,33,33,33,35,35,35,35,36,36,37,37,37,38,38,38,40,40,40,42,42,44,45,46,46,46,50,50,50,50,50,50,50,50],"damage_taken":[{"damage":9,"enemies":"Jaw Worm","floor":1,"turns":4},{"damage":27,"enemies":"infinitespire:Voidling","floor":2,"turns":5},{"damage":2,"enemies":"Cultist","floor":3,"turns":5},{"damage":33,"enemies":"Exordium Thugs","floor":4,"turns":5},{"damage":42,"enemies":"Red Slaver","floor":5,"turns":5},{"damage":33,"enemies":"3 Sentries","floor":6,"turns":8},{"damage":45,"enemies":"Gremlin Gang","floor":11,"turns":6},{"damage":16,"enemies":"Large Slime","floor":14,"turns":7},{"damage":132,"enemies":"Fading Forest","floor":16,"turns":11},{"damage":108,"enemies":"3 Byrds","floor":18,"turns":4},{"damage":70,"enemies":"Spheric Guardian","floor":19,"turns":5},{"damage":45,"enemies":"3 Cultists","floor":21,"turns":4},{"damage":22,"enemies":"Cultist and Chosen","floor":22,"turns":4},{"damage":39,"enemies":"Snake Plant","floor":24,"turns":2},{"damage":100,"enemies":"Sentry and Sphere","floor":27,"turns":6},{"damage":108,"enemies":"Shelled Parasite and Fungi","floor":28,"turns":4},{"damage":167,"enemies":"Gremlin Leader","floor":29,"turns":5},{"damage":82,"enemies":"Snake Plant","floor":31,"turns":2},{"damage":203,"enemies":"hubris:MusketHawk","floor":33,"turns":3},{"damage":87,"enemies":"Orb Walker","floor":35,"turns":3},{"damage":60,"enemies":"3 Darklings","floor":36,"turns":4},{"damage":105,"enemies":"Maw","floor":37,"turns":3},{"damage":21,"enemies":"Spire Growth","floor":38,"turns":3},{"damage":99,"enemies":"Giant Head","floor":40,"turns":5},{"damage":82,"enemies":"R_Hoarder","floor":42,"turns":6},{"damage":17,"enemies":"Writhing Mass","floor":44,"turns":2},{"damage":142,"enemies":"Transient","floor":45,"turns":3},{"damage":106,"enemies":"Spire Growth","floor":46,"turns":4},{"damage":6,"enemies":"3 Darklings","floor":48,"turns":2},{"damage":233,"enemies":"hubris:GrandSnecko","floor":50,"turns":4}],"seed_played":"-2141821351079193856","potions_obtained":[{"floor":1,"key":"hexamod:SoulburnPotion"},{"floor":4,"key":"Elixir"},{"floor":5,"key":"Dexterity Potion"},{"floor":6,"key":"Ancient Potion"},{"floor":16,"key":"ColorlessPotion"},{"floor":22,"key":"SkillPotion"},{"floor":25,"key":"Adrenaline Potion"},{"floor":31,"key":"Swift Potion"},{"floor":33,"key":"sneckomod:MuddlingPotion"},{"floor":35,"key":"Guardian:BlockOnCardUsePotion"},{"floor":35,"key":"ColorlessPotion"},{"floor":35,"key":"DistilledChaos"},{"floor":36,"key":"Elixir"},{"floor":36,"key":"Block Potion"},{"floor":36,"key":"Adrenaline Potion"},{"floor":37,"key":"BlessingOfTheForge"},{"floor":37,"key":"SteroidPotion"},{"floor":37,"key":"Block Potion"},{"floor":38,"key":"DuplicationPotion"},{"floor":40,"key":"EssenceOfSteel"},{"floor":42,"key":"Venom Potion"},{"floor":42,"key":"SneckoOil"},{"floor":44,"key":"ColorlessPotion"},{"floor":50,"key":"Dexterity Potion"}],"is_trial":false,"path_per_floor":["?","?","?","?","?","E","T","?","T","T","?","T","?","?","T","B",null,"?","?","AVR","?","?","T","?","?","T","?","?","E","T","?","T","B",null,"?","?","?","?","?","E","T","E","T","?","?","?","T","?","T","B",null],"character_chosen":"BEAKED_THE_CULTIST","items_purchased":["BargainBundle","infinitespire:CheckeredPen","Oddly Smooth Stone","beaked:Insight","beaked:WarriorEssence","Violence","beaked:FeelMyPain+1","Replay:Bootleg Shield Generator","Chemical X","aspiration:ChemicalBlood","hubris:TenFootPole","beaked:Insight","beaked:WarriorEssence","Discovery"],"campfire_rested":0,"item_purchase_floors":[12,12,12,12,12,12,12,12,30,30,30,30,30,30],"current_hp_per_floor":[118,114,120,100,90,102,102,102,102,102,78,78,78,108,108,87,120,86,44,44,44,75,75,83,53,53,85,101,120,120,85,85,112,120,59,120,120,120,120,116,116,112,112,130,130,119,119,130,130,124],"gold":9379,"neow_bonus":"DOUBLE_BOSS_RELIC","is_daily":false,"chose_seed":false,"campfire_upgraded":8,"win_rate":0.0,"timestamp":1611601324,"path_taken":["?","?","?","?","?","E","T","?","T","T","?","T","?","?","T","BOSS","?","?","AVR","?","?","T","?","?","T","?","?","E","T","?","T","BOSS","?","?","?","?","?","E","T","E","T","?","?","?","T","?","T","BOSS"],"items_purchased_type":["Relic","Relic","Relic","Card","Card","Card","Card","Card","Relic","Relic","Relic","Card","Card","Card"],"build_version":"2020-12-22","purchased_purges":2,"victory":true,"max_hp_per_floor":[120,120,120,120,120,120,120,120,120,120,120,120,120,120,120,120,120,120,120,120,120,120,120,120,120,120,120,120,120,120,120,120,120,120,120,120,120,120,120,120,120,130,130,130,130,130,130,130,130,130],"card_choices":[{"not_picked":["beaked:FeelMyPain","beaked:VigorBurst"],"picked":"beaked:DigDeep","floor":1},{"not_picked":["beaked:Tradeoff","beaked:Redirect"],"picked":"beaked:DigDeep","floor":2},{"not_picked":["beaked:Pecker","beaked:CursingBlood"],"picked":"beaked:AwakenedForm","floor":3},{"not_picked":["beaked:DigDeep","beaked:WindBringer"],"picked":"beaked:HuntressEssence","floor":4},{"not_picked":["beaked:MimicHuntress","beaked:Windmill"],"picked":"beaked:MaddeningMurmurs","floor":5},{"not_picked":["beaked:Cower","beaked:Overexert"],"picked":"beaked:HuntressSpirit","floor":6},{"not_picked":["beaked:DigDeeper","beaked:Tweet"],"picked":"beaked:HuntressSpirit","floor":11},{"not_picked":["beaked:WindBringer","beaked:CursingBlood","beaked:Redirect"],"picked":"SKIP","floor":14},{"not_picked":["ReplayTheSpireMod:Owlgaze","beaked:VolatileMisfortune"],"picked":"beaked:AwakenedForm","floor":16},{"not_picked":["beaked:Tradeoff","beaked:Recite"],"picked":"beaked:StickSmack+1","floor":18},{"not_picked":["beaked:MimicHuntress","beaked:Insight"],"picked":"beaked:BloodRitual+1","floor":19},{"not_picked":["beaked:FeelMyPain","beaked:RuinSticks"],"picked":"beaked:TuckingFeathers","floor":21},{"not_picked":["beaked:DigDeep","beaked:WarriorEssence"],"picked":"beaked:MachineSpirit+1","floor":22},{"not_picked":["beaked:FeelMyPain","beaked:Flinch"],"picked":"beaked:DigDeep+1","floor":24},{"not_picked":["beaked:Brace","beaked:SacrificialDive+1"],"picked":"beaked:CrazyRituals","floor":25},{"not_picked":["beaked:Daydream+1","ReplayTheSpireMod:Wings of Steel"],"picked":"beaked:BloodRitual","floor":27},{"not_picked":["beaked:Evade","beaked:Cower+1","beaked:Redirect+1"],"picked":"SKIP","floor":28},{"not_picked":["beaked:MimicHuntress+1","beaked:DarkPact"],"picked":"beaked:Insight","floor":29},{"not_picked":["beaked:MimicHuntress","beaked:Tweet","beaked:Windmill"],"picked":"SKIP","floor":31},{"not_picked":["beaked:WildInstinct","beaked:ShadowFade"],"picked":"beaked:KnowThyFoe","floor":33},{"not_picked":["beaked:Resilience","beaked:WarriorEssence+1"],"picked":"beaked:Hexing","floor":35},{"not_picked":["beaked:CursingBlood+1","beaked:Daydream+1"],"picked":"beaked:Hexing+1","floor":36},{"not_picked":["beaked:CursingBlood+1","beaked:Devastation+1"],"picked":"beaked:TuckingFeathers","floor":37},{"not_picked":["beaked:FeelMyPain+1","beaked:Cower"],"picked":"beaked:BraceForImpact+1","floor":38},{"not_picked":["beaked:Molting+1","beaked:Replenish+1"],"picked":"beaked:DigDeep+1","floor":40},{"not_picked":["beaked:Resilience","beaked:Tradeoff+1","beaked:Evade+1"],"picked":"SKIP","floor":42},{"not_picked":["beaked:HuntressSpirit","beaked:Devastation","beaked:Brace+1"],"picked":"SKIP","floor":44},{"not_picked":["beaked:Evade","beaked:DigDeeper","beaked:Struggle+1"],"picked":"SKIP","floor":45},{"not_picked":["ReplayTheSpireMod:Wings of Steel+1","beaked:WildInstinct","beaked:Brace"],"picked":"SKIP","floor":46},{"not_picked":["beaked:StunningBlow+1","beaked:Poke+1","beaked:SurvivalInstinct"],"picked":"SKIP","floor":48}],"player_experience":142304,"relics_obtained":[{"floor":6,"key":"Boot"},{"floor":9,"key":"PreservedInsect"},{"floor":25,"key":"aspiration:TomeofQuesting"},{"floor":26,"key":"Blood Vial"},{"floor":29,"key":"InkBottle"},{"floor":40,"key":"beaked:ThroatLozenge"},{"floor":42,"key":"Pear"},{"floor":43,"key":"Anchor"}],"event_choices":[{"cards_removed":["beaked:Strike_Y"],"damage_healed":0,"gold_gain":0,"player_choice":"Offered Basic","damage_taken":0,"max_hp_gain":0,"max_hp_loss":0,"event_name":"Bonfire Elementals","floor":8,"gold_loss":0},{"damage_healed":0,"gold_gain":0,"player_choice":"Bought 0 Potions","damage_taken":0,"max_hp_gain":0,"max_hp_loss":0,"event_name":"The Woman in Blue","floor":13,"gold_loss":0},{"cards_removed":["beaked:HuntressSpirit"],"damage_healed":0,"gold_gain":0,"player_choice":"Purged","damage_taken":0,"max_hp_gain":0,"max_hp_loss":0,"event_name":"Purifier","floor":39,"gold_loss":0}],"is_beta":false,"boss_relics":[{"not_picked":["Honey Jar","beaked:FlawlessSticks"],"picked":"aspiration:RunicSpoon"},{"not_picked":["Cursed Key","hubris:ScarierMask"],"picked":"beaked:BlessedCoat"}],"items_purged_floors":[12,30],"is_endless":false,"potions_floor_spawned":[1,4,5,6,16,18,22,27,28,29,35,36,37,38,46],"ascension_level":0}}