{"host":"otf1z5955ddlv5pq","time":1611560242,"event":{"mods":["BaseMod","Better Altar","Better Match","Better Note","Better Sensory Stone","Better Skull","Better Third Choice","Colored Map","Colored Powertips","Downfall","Minty Spire (QoL Compilation)","Rare Cards Sparkle","StSLib","Synergy Search"],"gold_per_floor":[11,86,104,29,29,29,44,78,78,105,105,115,115,144,144,239,239,257,257,357,367,142,173,173,173,173,173,173,203,91,101,101,197,197,213,72,147,164,164,194,72,99,99,99,126,139,139,139,139,139],"floor_reached":51,"language":"ENG","playtime":3200,"items_purged":["Strike_G","Defend_G","Strike_G+1"],"score":953,"play_id":"5e05e872-7efd-4385-a1d4-35433eeecd93","local_time":"20210124233722","is_ascension_mode":true,"campfire_choices":[{"data":"Cloak And Dagger","floor":6,"key":"SMITH"},{"floor":15,"key":"REST"},{"data":"After Image","floor":25,"key":"SMITH"},{"data":"Dodge and Roll","floor":27,"key":"SMITH"},{"data":"Envenom","floor":32,"key":"SMITH"},{"floor":47,"key":"REST"},{"floor":49,"key":"REST"}],"circlet_count":0,"master_deck":["Defend_G+1","Survivor+1","Neutralize+1","Accuracy+1","Cloak And Dagger+1","Cloak And Dagger+1","After Image+1","Dodge and Roll+1","Cloak And Dagger+1","Finisher+1","Concentrate+1","Deflect+1","Backflip+1","Dodge and Roll+1","Cloak And Dagger+1","Envenom+1","Burst+1","Slice+1","Dodge and Roll+1","Blade Dance+1","Blade Dance+1","Masterful Stab+1","Flash of Steel","Panacea"],"relics":["Ring of the Snake","Shuriken","Sundial","Happy Flower","The Courier","Empty Cage","PreservedInsect","MealTicket","War Paint","Meat on the Bone","Bag of Preparation","WristBlade","Kunai","Dream Catcher","Bronze Scales","Paper Crane","Ancient Tea Set","Mark of the Bloom","Whetstone"],"acts_visited":["Exordium","TheCity","TheBeyond"],"potions_floor_usage":[8,14,16,23,33,45],"damage_taken":[{"damage":0,"enemies":"2 Louse","floor":1,"turns":3},{"damage":0,"enemies":"Jaw Worm","floor":3,"turns":5},{"damage":0,"enemies":"Small Slimes","floor":7,"turns":3},{"damage":1,"enemies":"Lagavulin","floor":8,"turns":7},{"damage":5,"enemies":"3 Sentries","floor":10,"turns":9},{"damage":0,"enemies":"Gremlin Gang","floor":12,"turns":7},{"damage":13,"enemies":"Gremlin Nob","floor":14,"turns":5},{"damage":19,"enemies":"The Guardian","floor":16,"turns":8},{"damage":0,"enemies":"Chosen","floor":18,"turns":7},{"damage":0,"enemies":"Spheric Guardian","floor":21,"turns":4},{"damage":2,"enemies":"Slavers","floor":23,"turns":6},{"damage":2,"enemies":"Gremlin Leader","floor":29,"turns":6},{"damage":0,"enemies":"Snecko","floor":31,"turns":4},{"damage":0,"enemies":"Champ","floor":33,"turns":6},{"damage":0,"enemies":"3 Shapes","floor":35,"turns":3},{"damage":0,"enemies":"Orb Walker","floor":38,"turns":3},{"damage":0,"enemies":"Reptomancer","floor":40,"turns":5},{"damage":0,"enemies":"Giant Head","floor":42,"turns":4},{"damage":0,"enemies":"Nemesis","floor":45,"turns":3},{"damage":0,"enemies":"4 Shapes","floor":46,"turns":3},{"damage":3,"enemies":"Awakened One","floor":50,"turns":9}],"seed_played":"-8059109921328865184","potions_obtained":[{"floor":1,"key":"SkillPotion"},{"floor":8,"key":"Block Potion"},{"floor":12,"key":"sneckomod:MuddlingPotion"},{"floor":14,"key":"PowerPotion"},{"floor":21,"key":"Block Potion"},{"floor":29,"key":"Dexterity Potion"},{"floor":31,"key":"PowerPotion"},{"floor":33,"key":"DistilledChaos"},{"floor":38,"key":"EssenceOfSteel"},{"floor":45,"key":"DuplicationPotion"}],"is_trial":false,"path_per_floor":["M","?","M","$","?","R","M","E","T","E","?","M","?","E","R","B",null,"M","?","?","M","$","E","T","R","T","R","?","E","$","M","R","B",null,"M","$","T","M","?","E","$","E","T","?","E","M","R","?","R","B",null],"character_chosen":"THE_SILENT","items_purchased":["Backflip","PreservedInsect","Envenom","Slice","Bronze Scales"],"campfire_rested":3,"item_purchase_floors":[22,22,30,36,41],"current_hp_per_floor":[70,59,59,59,52,52,52,51,51,46,50,50,36,23,44,25,70,70,70,70,70,70,68,68,68,68,68,68,66,70,70,70,70,70,70,70,70,70,66,66,66,66,66,66,66,66,66,66,66,63],"gold":139,"neow_bonus":"REMOVE_TWO","is_daily":false,"chose_seed":false,"campfire_upgraded":4,"win_rate":0.0,"timestamp":1611560242,"path_taken":["M","?","M","$","?","R","M","E","T","E","?","?","?","E","R","BOSS","M","?","?","M","$","E","?","R","T","R","?","E","$","?","R","BOSS","M","$","?","M","?","E","$","E","T","?","E","M","R","?","R","BOSS"],"items_purchased_type":["Card","Relic","Card","Card","Relic"],"build_version":"2020-12-22","purchased_purges":3,"victory":true,"max_hp_per_floor":[70,70,70,70,70,70,70,70,70,70,70,70,70,70,70,70,70,70,70,70,70,70,70,70,70,70,70,70,70,70,70,70,70,70,70,70,70,70,66,66,66,66,66,66,66,66,66,66,66,66],"card_choices":[{"not_picked":["Flechettes","Slice"],"picked":"Accuracy","floor":1},{"not_picked":["Endless Agony","Flying Knee"],"picked":"Cloak And Dagger","floor":3},{"not_picked":["Calculated Gamble","Outmaneuver"],"picked":"Cloak And Dagger","floor":7},{"not_picked":["Poisoned Stab","Dagger Throw"],"picked":"After Image","floor":8},{"not_picked":["Deadly Poison","Underhanded Strike"],"picked":"Dodge and Roll","floor":10},{"not_picked":["Well Laid Plans","Dash"],"picked":"Cloak And Dagger","floor":12},{"not_picked":["Slice","Cloak And Dagger","Die Die Die"],"picked":"SKIP","floor":14},{"not_picked":["Quick Slash","Underhanded Strike"],"picked":"Finisher+1","floor":18},{"not_picked":["Flying Knee","Blade Dance"],"picked":"Deflect+1","floor":21},{"not_picked":["Crippling Poison","Masterful Stab+1"],"picked":"Dodge and Roll+1","floor":23},{"not_picked":["Flechettes+1","Sucker Punch+1","Flying Knee+1"],"picked":"SKIP","floor":29},{"not_picked":["Flying Knee","Glass Knife","Outmaneuver+1"],"picked":"SKIP","floor":31},{"not_picked":["Corpse Explosion","Doppelganger"],"picked":"Burst","floor":33},{"not_picked":["Deadly Poison+1","Dagger Throw+1","Dagger Spray"],"picked":"SKIP","floor":35},{"not_picked":["Quick Slash+1","Sucker Punch+1"],"picked":"Dodge and Roll+1","floor":38},{"not_picked":["PiercingWail","Dagger Spray"],"picked":"Blade Dance+1","floor":40},{"not_picked":["Bane","Finisher+1","Burst"],"picked":"SKIP","floor":42},{"not_picked":["Cloak And Dagger+1","PiercingWail+1"],"picked":"Blade Dance+1","floor":45},{"not_picked":["Dodge and Roll+1","Poisoned Stab+1","Finisher"],"picked":"SKIP","floor":46},{"not_picked":["Dagger Throw+1","Quick Slash"],"picked":"Masterful Stab+1","floor":47},{"not_picked":["Trip","Bandage Up"],"picked":"Flash of Steel","floor":48},{"not_picked":["Impatience","PanicButton"],"picked":"Panacea","floor":48}],"player_experience":1198641,"relics_obtained":[{"floor":8,"key":"Shuriken"},{"floor":9,"key":"Sundial"},{"floor":10,"key":"Happy Flower"},{"floor":14,"key":"The Courier"},{"floor":23,"key":"MealTicket"},{"floor":24,"key":"War Paint"},{"floor":26,"key":"Meat on the Bone"},{"floor":29,"key":"Bag of Preparation"},{"floor":37,"key":"Kunai"},{"floor":40,"key":"Dream Catcher"},{"floor":42,"key":"Paper Crane"},{"floor":43,"key":"Ancient Tea Set"},{"floor":45,"key":"Whetstone"}],"event_choices":[{"damage_healed":0,"gold_gain":75,"player_choice":"Gold","damage_taken":11,"max_hp_gain":0,"max_hp_loss":0,"event_name":"betterThird:BetterGoop","floor":2,"gold_loss":0},{"cards_removed":["Strike_G"],"damage_healed":0,"gold_gain":0,"player_choice":"Card Removal","damage_taken":7,"max_hp_gain":0,"max_hp_loss":0,"event_name":"Golden Wing","floor":5,"gold_loss":0},{"damage_healed":4,"gold_gain":0,"player_choice":"LEAVE ","damage_taken":0,"relics_obtained":[],"max_hp_gain":0,"max_hp_loss":0,"event_name":"betterSkull:BetterSkull","floor":11,"gold_loss":0,"cards_upgraded":[]},{"damage_healed":50,"gold_gain":0,"player_choice":"Upgrade","damage_taken":14,"max_hp_gain":0,"max_hp_loss":70,"event_name":"betterThird:BetterShining","floor":13,"gold_loss":0,"cards_upgraded":["Defend_G","Strike_G"]},{"damage_healed":0,"gold_gain":0,"cards_transformed":["Defend_G"],"player_choice":"Transformed","damage_taken":0,"max_hp_gain":0,"max_hp_loss":0,"event_name":"Transmorgrifier","floor":19,"gold_loss":0,"cards_obtained":["Concentrate"]},{"damage_healed":0,"gold_gain":100,"player_choice":"Pray","damage_taken":0,"max_hp_gain":0,"max_hp_loss":0,"event_name":"Golden Shrine","floor":20,"gold_loss":0},{"damage_healed":0,"gold_gain":0,"player_choice":"Copied","damage_taken":0,"max_hp_gain":0,"max_hp_loss":0,"event_name":"Duplicator","floor":28,"gold_loss":0,"cards_obtained":["Cloak And Dagger"]},{"damage_healed":0,"gold_gain":0,"player_choice":"Max HP","damage_taken":0,"max_hp_gain":0,"max_hp_loss":4,"event_name":"Winding Halls","floor":39,"gold_loss":0},{"damage_healed":0,"gold_gain":0,"player_choice":"Upgrade","damage_taken":0,"relics_obtained":["Mark of the Bloom"],"max_hp_gain":0,"max_hp_loss":0,"event_name":"MindBloom","floor":44,"gold_loss":0,"cards_upgraded":["Survivor","Neutralize","Accuracy","Cloak And Dagger","Backflip","Burst","Slice"]},{"damage_healed":0,"gold_gain":3,"player_choice":"1","damage_taken":0,"max_hp_gain":0,"max_hp_loss":0,"event_name":"betterStone:BetterStone","floor":48,"gold_loss":0}],"is_beta":false,"boss_relics":[{"not_picked":["Velvet Choker","Cursed Key"],"picked":"Empty Cage"},{"not_picked":["bronze:MakeshiftBattery","Sozu"],"picked":"WristBlade"}],"items_purged_floors":[4,22,36],"is_endless":false,"potions_floor_spawned":[1,8,12,14,21,29,31,33,38,42,45],"ascension_level":1}}