{"host":"srk2drlvga69hbot","time":1611562403,"event":{"mods":["BaseMod","Bestiary","Block Reminder","Colored Map","Colored Powertips","Dark Map","DeckTracker","Highlight Path","Minty Spire (QoL Compilation)","Quick Restart","Rare Cards Sparkle","Relic Stats","SuperFastMode","Unceasing Turn Reminder"],"gold_per_floor":[116,41,41,54,54,80,98,112,158,23,43,43,43,55,55,158,158,140,151,51,150,164,198,198,232,277,306,34,34,53,73,73,171,171,189,189,208,58,77,111,111,123,149,149,179,199,199,226,226,226,226,226,51,79,79],"floor_reached":56,"language":"ZHS","playtime":3698,"items_purged":["Strike_G","Defend_G","Strike_G","Accuracy","Strike_G"],"score":2081,"play_id":"7ae247d8-9bb4-4075-bcb6-a0b6ac36030e","local_time":"20210125161323","is_ascension_mode":true,"campfire_choices":[{"floor":13.0,"key":"REST"},{"data":"Concentrate","floor":15.0,"key":"SMITH"},{"floor":24.0,"key":"REST"},{"data":"Calculated Gamble","floor":32.0,"key":"SMITH"},{"data":"Neutralize","floor":41.0,"key":"SMITH"},{"data":"Adrenaline","floor":47.0,"key":"SMITH"},{"floor":49.0,"key":"RECALL"},{"data":"Acrobatics","floor":52.0,"key":"SMITH"}],"circlet_count":0,"master_deck":["Defend_G+1","Defend_G+1","Survivor","Neutralize+1","Poisoned Stab","Acrobatics+1","Grand Finale","Concentrate+1","Grand Finale","Acrobatics","Backflip","Adrenaline+1","Acrobatics+1","Grand Finale","Calculated Gamble+1","Grand Finale","Prepared+1","Heel Hook","Backflip","Reflex","Reflex+1","Prepared+1","Acrobatics"],"relics":["Ring of the Snake","NeowsBlessing","Question Card","Empty Cage","Potion Belt","StoneCalendar","Blood Vial","Mercury Hourglass","Bag of Marbles","HoveringKite","Oddly Smooth Stone","Regal Pillow","Toy Ornithopter","Juzu Bracelet","Snake Skull"],"acts_visited":["Exordium","TheCity","TheBeyond","TheEnding"],"potions_floor_usage":[55,55,55,55],"damage_taken":[{"damage":0.0,"enemies":"2 Louse","floor":1.0,"turns":1.0},{"damage":0.0,"enemies":"Jaw Worm","floor":4.0,"turns":1.0},{"damage":0.0,"enemies":"Lagavulin","floor":6.0,"turns":1.0},{"damage":1.0,"enemies":"Cultist","floor":7.0,"turns":5.0},{"damage":11.0,"enemies":"Blue Slaver","floor":8.0,"turns":5.0},{"damage":1.0,"enemies":"Red Slaver","floor":11.0,"turns":2.0},{"damage":0.0,"enemies":"Looter","floor":14.0,"turns":4.0},{"damage":26.0,"enemies":"Hexaghost","floor":16.0,"turns":11.0},{"damage":25.0,"enemies":"2 Thieves","floor":18.0,"turns":5.0},{"damage":0.0,"enemies":"Chosen","floor":19.0,"turns":1.0},{"damage":0.0,"enemies":"Snake Plant","floor":22.0,"turns":1.0},{"damage":0.0,"enemies":"Slavers","floor":23.0,"turns":1.0},{"damage":0.0,"enemies":"Gremlin Leader","floor":25.0,"turns":1.0},{"damage":0.0,"enemies":"Slavers","floor":27.0,"turns":1.0},{"damage":0.0,"enemies":"Cultist and Chosen","floor":30.0,"turns":1.0},{"damage":0.0,"enemies":"3 Cultists","floor":31.0,"turns":1.0},{"damage":0.0,"enemies":"Automaton","floor":33.0,"turns":1.0},{"damage":0.0,"enemies":"Orb Walker","floor":35.0,"turns":1.0},{"damage":0.0,"enemies":"3 Shapes","floor":37.0,"turns":1.0},{"damage":15.0,"enemies":"Transient","floor":39.0,"turns":5.0},{"damage":0.0,"enemies":"Reptomancer","floor":40.0,"turns":1.0},{"damage":0.0,"enemies":"Maw","floor":42.0,"turns":1.0},{"damage":0.0,"enemies":"Nemesis","floor":45.0,"turns":1.0},{"damage":0.0,"enemies":"Sphere and 2 Shapes","floor":46.0,"turns":1.0},{"damage":0.0,"enemies":"Giant Head","floor":48.0,"turns":1.0},{"damage":9.0,"enemies":"Time Eater","floor":50.0,"turns":2.0},{"damage":0.0,"enemies":"Shield and Spear","floor":54.0,"turns":1.0},{"damage":75,"enemies":"The Heart","floor":55,"turns":4}],"seed_played":"7731803817015744720","potions_obtained":[{"floor":1.0,"key":"AttackPotion"},{"floor":8.0,"key":"Weak Potion"},{"floor":11.0,"key":"DistilledChaos"},{"floor":12.0,"key":"GamblersBrew"},{"floor":14.0,"key":"Swift Potion"},{"floor":23.0,"key":"SpeedPotion"},{"floor":25.0,"key":"SteroidPotion"},{"floor":27.0,"key":"EssenceOfSteel"},{"floor":33.0,"key":"Dexterity Potion"},{"floor":35.0,"key":"Dexterity Potion"},{"floor":40.0,"key":"Regen Potion"}],"is_trial":false,"path_per_floor":["M","$","?","M","?","E","M","M","T","$","M","?","R","M","R","B",null,"M","M","$","?","M","E","R","E","T","E","$","?","M","M","R","B",null,"M","?","M","$","M","E","R","M","T","?","E","M","R","E","R","B",null,"R","$","E","B",null],"character_chosen":"THE_SILENT","items_purchased":["Grand Finale","Bag of Marbles"],"campfire_rested":2,"item_purchase_floors":[10,28],"current_hp_per_floor":[63,63,56,56,42,42,41,30,30,30,29,29,50,50,50,24,59,34,34,34,34,34,34,55,55,55,57,57,57,59,61,61,63,68,70,70,70,70,55,57,57,59,59,59,61,63,63,65,65,58,67,67,67,69,21],"gold":79,"neow_bonus":"THREE_ENEMY_KILL","is_daily":false,"chose_seed":false,"campfire_upgraded":5,"win_rate":0.0,"timestamp":1611562403,"path_taken":["M","$","?","M","?","E","M","?","T","?","M","?","R","M","R","BOSS","M","M","$","?","M","E","R","E","T","E","$","?","?","M","R","BOSS","M","?","?","$","M","E","R","M","T","?","E","M","R","E","R","BOSS","R","$","E","BOSS"],"items_purchased_type":["Card","Relic"],"build_version":"2020-12-22","purchased_purges":5,"victory":true,"max_hp_per_floor":[70,70,70,70,70,70,70,70,70,70,70,70,70,70,70,70,70,70,70,70,70,70,70,70,70,70,70,70,70,70,70,70,70,70,70,70,70,70,70,70,70,70,70,70,70,70,70,70,70,70,70,70,70,70,70],"relic_stats":{"Blood Vial":25,"Regal Pillow":0,"counters":[28,62],"HoveringKite":[18],"StoneCalendar":[0],"Snake Skull":[0],"Juzu Bracelet":0,"Question Card":23,"obtain_stats":[{"Potion Belt":23,"Regal Pillow":43,"NeowsBlessing":0,"HoveringKite":34,"Oddly Smooth Stone":40,"StoneCalendar":25,"Snake Skull":54,"Juzu Bracelet":48,"Question Card":6,"Empty Cage":17,"Mercury Hourglass":27,"Blood Vial":26,"Bag of Marbles":28,"Toy Ornithopter":45,"Ring of the Snake":0},{"Potion Belt":12,"Regal Pillow":22,"NeowsBlessing":0,"HoveringKite":17,"Oddly Smooth Stone":21,"StoneCalendar":13,"Snake Skull":27,"Juzu Bracelet":25,"Question Card":3,"Empty Cage":8,"Mercury Hourglass":14,"Blood Vial":13,"Bag of Marbles":14,"Toy Ornithopter":23,"Ring of the Snake":0},{"Potion Belt":38,"Regal Pillow":52,"NeowsBlessing":0,"HoveringKite":43,"Oddly Smooth Stone":51,"StoneCalendar":39,"Snake Skull":58,"Juzu Bracelet":55,"Question Card":3,"Empty Cage":30,"Mercury Hourglass":40,"Blood Vial":39,"Bag of Marbles":40,"Toy Ornithopter":53,"Ring of the Snake":0}],"Toy Ornithopter":20,"Ring of the Snake":[56],"Mercury Hourglass":[93]},"card_choices":[{"not_picked":["Infinite Blades","PiercingWail"],"picked":"Poisoned Stab","floor":1.0},{"not_picked":["All Out Attack","PiercingWail"],"picked":"Acrobatics","floor":4.0},{"not_picked":["Underhanded Strike","Crippling Poison","Deflect"],"picked":"SKIP","floor":6.0},{"not_picked":["Outmaneuver","Bane","Leg Sweep"],"picked":"Grand Finale","floor":7.0},{"not_picked":["Predator","Quick Slash","Skewer"],"picked":"Concentrate","floor":8.0},{"not_picked":["Deadly Poison","Blade Dance","Die Die Die"],"picked":"Acrobatics","floor":11.0},{"not_picked":["Deadly Poison","Crippling Poison","Choke"],"picked":"Backflip","floor":14.0},{"not_picked":["A Thousand Cuts","Die Die Die","Tools of the Trade"],"picked":"Adrenaline","floor":16.0},{"not_picked":["Cloak And Dagger+1","Underhanded Strike","Outmaneuver","Dodge and Roll"],"picked":"SKIP","floor":18.0},{"not_picked":["Deflect","Footwork","Riddle With Holes"],"picked":"Acrobatics+1","floor":19.0},{"not_picked":["Setup","Well Laid Plans","Eviscerate","Backflip"],"picked":"SKIP","floor":22.0},{"not_picked":["Deadly Poison","Flying Knee+1","PiercingWail"],"picked":"Grand Finale","floor":23.0},{"not_picked":["Flying Knee","Backstab","Die Die Die","Cloak And Dagger"],"picked":"SKIP","floor":25.0},{"not_picked":["Flying Knee","Backstab","Die Die Die","Cloak And Dagger"],"picked":"SKIP","floor":25.0},{"not_picked":["Bane","Flying Knee","Leg Sweep+1","Finisher+1"],"picked":"SKIP","floor":27.0},{"not_picked":["PiercingWail","Quick Slash+1","Distraction"],"picked":"Calculated Gamble","floor":30.0},{"not_picked":["Slice","Poisoned Stab","Blur","Sucker Punch+1"],"picked":"SKIP","floor":31.0},{"not_picked":["Wraith Form v2","Adrenaline","Unload"],"picked":"Grand Finale","floor":33.0},{"not_picked":["Dagger Spray","Slice","Noxious Fumes+1"],"picked":"Prepared+1","floor":35.0},{"not_picked":["Sucker Punch+1","Deadly Poison+1","Cloak And Dagger+1"],"picked":"Backflip","floor":37.0},{"not_picked":["Underhanded Strike+1","Infinite Blades","Quick Slash+1","Leg Sweep+1"],"picked":"SKIP","floor":39.0},{"not_picked":["Choke+1","Poisoned Stab","Bullet Time","Tools of the Trade"],"picked":"SKIP","floor":40.0},{"not_picked":["Choke+1","Poisoned Stab","Bullet Time","Tools of the Trade"],"picked":"SKIP","floor":40.0},{"not_picked":["PiercingWail+1","Deadly Poison","Cloak And Dagger+1"],"picked":"Reflex","floor":42.0},{"not_picked":["Bouncing Flask+1","Poisoned Stab+1","Dodge and Roll"],"picked":"Reflex+1","floor":45.0},{"not_picked":["Slice+1","Poisoned Stab","Outmaneuver+1","Cloak And Dagger+1"],"picked":"SKIP","floor":46.0},{"not_picked":["Dagger Spray+1","Choke+1","Flying Knee+1"],"picked":"Prepared+1","floor":48.0},{"not_picked":["Grand Finale","Poisoned Stab+1","Slice+1"],"picked":"Acrobatics","floor":54.0}],"player_experience":245294,"relics_obtained":[{"floor":6.0,"key":"Question Card"},{"floor":23.0,"key":"Potion Belt"},{"floor":25.0,"key":"StoneCalendar"},{"floor":26.0,"key":"Blood Vial"},{"floor":27.0,"key":"Mercury Hourglass"},{"floor":40.0,"key":"Oddly Smooth Stone"},{"floor":43.0,"key":"Regal Pillow"},{"floor":45.0,"key":"Toy Ornithopter"},{"floor":48.0,"key":"Juzu Bracelet"},{"floor":54.0,"key":"Snake Skull"}],"event_choices":[{"cards_removed":["Strike_G"],"damage_healed":0.0,"max_hp_gain":0.0,"max_hp_loss":0.0,"gold_gain":0.0,"event_name":"Golden Wing","player_choice":"Card Removal","floor":3.0,"gold_loss":0.0,"damage_taken":7.0},{"damage_healed":0.0,"max_hp_gain":0.0,"max_hp_loss":0.0,"gold_gain":0.0,"event_name":"Shining Light","player_choice":"Entered Light","floor":5.0,"gold_loss":0.0,"damage_taken":14.0,"cards_upgraded":["Defend_G","Defend_G"]},{"damage_healed":0.0,"max_hp_gain":0.0,"max_hp_loss":0.0,"gold_gain":0.0,"event_name":"Lab","player_choice":"Got Potions","floor":12.0,"gold_loss":0.0,"damage_taken":0.0},{"damage_healed":0.0,"max_hp_gain":0.0,"max_hp_loss":0.0,"gold_gain":99.0,"event_name":"Nest","player_choice":"Stole From Cult","floor":21.0,"gold_loss":0.0,"damage_taken":0.0},{"damage_healed":0.0,"max_hp_gain":0.0,"max_hp_loss":0.0,"gold_gain":0.0,"cards_transformed":["Defend_G"],"event_name":"Transmorgrifier","player_choice":"Transformed","floor":29.0,"gold_loss":0.0,"damage_taken":0.0,"cards_obtained":["Accuracy"]},{"damage_healed":0.0,"max_hp_gain":0.0,"max_hp_loss":0.0,"gold_gain":0.0,"event_name":"Match and Keep!","player_choice":"1 cards matched","floor":36.0,"gold_loss":0.0,"damage_taken":0.0,"cards_obtained":["Heel Hook"]},{"damage_healed":0.0,"max_hp_gain":0.0,"max_hp_loss":0.0,"gold_gain":0.0,"event_name":"Tomb of Lord Red Mask","player_choice":"Ignored","floor":44.0,"gold_loss":0.0,"damage_taken":0.0}],"is_beta":false,"boss_relics":[{"not_picked":["Pandora\u0027s Box","Fusion Hammer"],"picked":"Empty Cage"},{"not_picked":["Snecko Eye","Philosopher\u0027s Stone"],"picked":"HoveringKite"}],"items_purged_floors":[2,20,28,38,53],"is_endless":false,"potions_floor_spawned":[1,8,11,14,16,23,25,27,33,35,40,48],"ascension_level":8}}