{"host":"1ekl8hlbnopmdapi","time":1611604102,"event":{"mods":["AchievementEnabler","BaseMod","Colored Map","Colored Powertips","DeckTracker","Googly Eyes","Highlight Path","Minty Spire (QoL Compilation)","Relic Sorter","StSLib","Synergy Search"],"gold_per_floor":[110,110,76,93,104,131,131,157,157,167,183,183,252,271,271,368,368,384,394,142,52,52,52],"floor_reached":22,"language":"ENG","playtime":524,"items_purged":[],"score":235,"play_id":"970bb520-5e50-4e3a-9aca-6869018cf155","local_time":"20210125144822","is_ascension_mode":true,"campfire_choices":[{"floor":7,"key":"REST"},{"floor":12,"key":"REST"},{"floor":15,"key":"RECALL"}],"circlet_count":0,"master_deck":["Strike_P","Strike_P","Strike_P","Defend_P","Defend_P","Defend_P","Defend_P","Eruption","Vigilance","Conclude","BattleHymn","FearNoEvil","CutThroughFate","MentalFortress","FlyingSleeves","Tantrum","DevaForm","FollowUp","Conclude+1","Perseverance","FollowUp+1","Master of Strategy"],"relics":["PureWater","Anchor","Gremlin Horn","Vajra"],"acts_visited":["Exordium","TheCity"],"potions_floor_usage":[5,10,16,19],"damage_taken":[{"damage":3,"enemies":"2 Louse","floor":1,"turns":4},{"damage":0,"enemies":"Cultist","floor":4,"turns":2},{"damage":7,"enemies":"Jaw Worm","floor":5,"turns":4},{"damage":35,"enemies":"Lagavulin","floor":6,"turns":4},{"damage":20,"enemies":"3 Sentries","floor":8,"turns":5},{"damage":0,"enemies":"2 Fungi Beasts","floor":10,"turns":1},{"damage":0,"enemies":"Lots of Slimes","floor":11,"turns":2},{"damage":4,"enemies":"Red Slaver","floor":14,"turns":2},{"damage":17,"enemies":"The Guardian","floor":16,"turns":6},{"damage":25,"enemies":"2 Thieves","floor":18,"turns":3},{"damage":8,"enemies":"3 Byrds","floor":19,"turns":4},{"damage":48,"enemies":"Snake Plant","floor":22,"turns":2}],"seed_played":"-5120504766195568154","potions_obtained":[{"floor":1,"key":"StancePotion"},{"floor":2,"key":"Dexterity Potion"},{"floor":2,"key":"SkillPotion"},{"floor":8,"key":"ColorlessPotion"},{"floor":10,"key":"FearPotion"},{"floor":11,"key":"ColorlessPotion"},{"floor":18,"key":"Strength Potion"}],"is_trial":false,"path_per_floor":["M","?","$","M","M","E","R","E","T","M","M","R","T","M","R","B",null,"M","M","$","?","M"],"character_chosen":"WATCHER","items_purchased":["BattleHymn","Perseverance","FollowUp","Master of Strategy"],"campfire_rested":2,"item_purchase_floors":[3,20,20,20],"current_hp_per_floor":[76,76,76,76,69,34,57,37,37,37,37,60,60,56,56,39,79,54,46,46,46,0,0],"gold":52,"neow_bonus":"TEN_PERCENT_HP_BONUS","is_daily":false,"chose_seed":false,"campfire_upgraded":0,"win_rate":0.0,"timestamp":1611604102,"path_taken":["M","?","?","M","M","E","R","E","T","M","M","R","?","M","R","BOSS","M","M","$","?","M"],"items_purchased_type":["Card","Card","Card","Card"],"build_version":"2020-12-22","purchased_purges":0,"victory":false,"max_hp_per_floor":[79,79,79,79,79,79,79,79,79,79,79,79,79,79,79,79,79,79,79,79,79,79,79],"card_choices":[{"not_picked":["Crescendo","Adaptation"],"picked":"Conclude","floor":1},{"not_picked":["Halt","Indignation"],"picked":"FearNoEvil","floor":4},{"not_picked":["Nirvana","CrushJoints","WreathOfFlame"],"picked":"SKIP","floor":5},{"not_picked":["EmptyFist","BattleHymn","Nirvana"],"picked":"SKIP","floor":6},{"not_picked":["Vengeance","CrushJoints"],"picked":"CutThroughFate","floor":8},{"not_picked":["Crescendo","Collect"],"picked":"MentalFortress","floor":10},{"not_picked":["SashWhip","Consecrate"],"picked":"FlyingSleeves","floor":11},{"not_picked":["WaveOfTheHand","FlyingSleeves"],"picked":"Tantrum","floor":14},{"not_picked":["ConjureBlade","Alpha"],"picked":"DevaForm","floor":16},{"not_picked":["EmptyBody","CrushJoints"],"picked":"FollowUp","floor":18},{"not_picked":["WindmillStrike","Protect+1"],"picked":"Conclude+1","floor":19}],"player_experience":493474,"relics_obtained":[{"floor":6,"key":"Anchor"},{"floor":8,"key":"Gremlin Horn"},{"floor":9,"key":"Vajra"}],"event_choices":[{"damage_healed":0,"gold_gain":0,"player_choice":"Got Potions","damage_taken":0,"max_hp_gain":0,"max_hp_loss":0,"event_name":"Lab","floor":2,"gold_loss":0},{"cards_removed":["Strike_P"],"damage_healed":0,"gold_gain":0,"player_choice":"Upgrade and Remove","damage_taken":0,"max_hp_gain":0,"max_hp_loss":0,"event_name":"Designer","floor":21,"gold_loss":90,"cards_upgraded":["FollowUp"]}],"is_beta":false,"boss_relics":[{"not_picked":["Runic Dome","Astrolabe","Coffee Dripper"]}],"items_purged_floors":[],"is_endless":false,"potions_floor_spawned":[1,8,10,11,18],"killed_by":"Snake Plant","ascension_level":4}}