{"host":"zj59u6rib3fz4c79","time":1611578817,"event":{"mods":["AchievementEnabler","BaseMod","Bestiary","Colored Map","Colored Powertips","Highlight Path","Minty Spire (QoL Compilation)","StSLib"],"gold_per_floor":[109,124,140,156,176,209,209,239,239,164,164,164,182,196,196,295,295,308,318,328,156,156,188,198,198,198],"floor_reached":25,"language":"ENG","playtime":2041,"items_purged":["Strike_P","Defend_P"],"score":301,"play_id":"06dfe5f8-be5e-4fbb-a1ab-4640f8829d52","local_time":"20210125064657","is_ascension_mode":true,"campfire_choices":[{"floor":7,"key":"REST"},{"floor":15,"key":"REST"}],"circlet_count":0,"master_deck":["Strike_P","Strike_P","Strike_P","Defend_P","Defend_P","Defend_P","Eruption","Vigilance","FollowUp","EmptyFist","DevaForm","CutThroughFate","SashWhip+1","CutThroughFate","Evaluate","CutThroughFate","Sanctity","Nirvana"],"relics":["PureWater","NeowsBlessing","Ancient Tea Set","HornCleat","Runic Pyramid","GoldenEye","Blood Vial"],"acts_visited":["Exordium","TheCity"],"potions_floor_usage":[16,16,23,24],"damage_taken":[{"damage":0,"enemies":"Cultist","floor":1,"turns":1},{"damage":0,"enemies":"Jaw Worm","floor":2,"turns":1},{"damage":0,"enemies":"2 Louse","floor":3,"turns":1},{"damage":0,"enemies":"Lots of Slimes","floor":4,"turns":4},{"damage":1,"enemies":"2 Fungi Beasts","floor":5,"turns":4},{"damage":49,"enemies":"3 Sentries","floor":6,"turns":12},{"damage":8,"enemies":"Gremlin Nob","floor":8,"turns":3},{"damage":7,"enemies":"Blue Slaver","floor":13,"turns":3},{"damage":0,"enemies":"Large Slime","floor":14,"turns":3},{"damage":0,"enemies":"Slime Boss","floor":16,"turns":6},{"damage":0,"enemies":"Spheric Guardian","floor":18,"turns":3},{"damage":15,"enemies":"2 Thieves","floor":19,"turns":4},{"damage":7,"enemies":"3 Cultists","floor":20,"turns":5},{"damage":39,"enemies":"Gremlin Leader","floor":23,"turns":6},{"damage":1,"enemies":"Snake Plant","floor":24,"turns":4},{"damage":24,"enemies":"Slavers","floor":25,"turns":1}],"seed_played":"-6003542507898505524","potions_obtained":[{"floor":1,"key":"SpeedPotion"},{"floor":3,"key":"Ancient Potion"},{"floor":8,"key":"LiquidBronze"},{"floor":16,"key":"Weak Potion"},{"floor":19,"key":"SteroidPotion"},{"floor":23,"key":"Block Potion"}],"is_trial":false,"path_per_floor":["M","M","M","M","M","E","R","E","T","$","?","?","M","M","R","B",null,"M","M","M","$","T","E","M","E"],"character_chosen":"WATCHER","items_purchased":["Sanctity"],"campfire_rested":2,"item_purchase_floors":[21],"current_hp_per_floor":[72,72,72,72,71,22,43,35,35,35,35,35,28,28,49,49,72,72,57,50,50,50,11,12,0,0],"gold":198,"neow_bonus":"THREE_ENEMY_KILL","is_daily":false,"chose_seed":false,"campfire_upgraded":0,"win_rate":0.0,"timestamp":1611578817,"path_taken":["M","M","?","M","M","E","R","E","T","$","?","?","M","M","R","BOSS","M","M","M","$","?","E","M","E"],"items_purchased_type":["Card"],"build_version":"2020-12-22","purchased_purges":2,"victory":false,"max_hp_per_floor":[72,72,72,72,72,72,72,72,72,72,72,72,72,72,72,72,72,72,72,72,72,72,72,72,72,72],"card_choices":[{"not_picked":["Indignation","ClearTheMind"],"picked":"FollowUp","floor":1},{"not_picked":["Prostrate","FollowUp"],"picked":"EmptyFist","floor":2},{"not_picked":["ClearTheMind","SandsOfTime"],"picked":"DevaForm","floor":3},{"not_picked":["FollowUp","Tantrum"],"picked":"CutThroughFate","floor":4},{"not_picked":["Consecrate","Meditate"],"picked":"SashWhip","floor":5},{"not_picked":["Wallop","WaveOfTheHand"],"picked":"CutThroughFate","floor":6},{"not_picked":["Crescendo","FlurryOfBlows","Perseverance"],"picked":"SKIP","floor":8},{"not_picked":["EmptyBody","Study","Evaluate"],"picked":"SKIP","floor":13},{"not_picked":["ConjureBlade","InnerPeace"],"picked":"Evaluate","floor":14},{"not_picked":["EmptyMind","FollowUp","Collect"],"picked":"SKIP","floor":18},{"not_picked":["Study","Wallop"],"picked":"CutThroughFate","floor":19},{"not_picked":["Wireheading+1","JustLucky","Perseverance"],"picked":"SKIP","floor":20},{"not_picked":["EmptyBody","CutThroughFate","Consecrate"],"picked":"SKIP","floor":23},{"not_picked":["MentalFortress","FlyingSleeves"],"picked":"Nirvana","floor":24}],"player_experience":64747,"relics_obtained":[{"floor":6,"key":"Ancient Tea Set"},{"floor":8,"key":"HornCleat"},{"floor":22,"key":"GoldenEye"},{"floor":23,"key":"Blood Vial"}],"event_choices":[{"damage_healed":0,"gold_gain":0,"player_choice":"Ignored","damage_taken":0,"max_hp_gain":0,"max_hp_loss":0,"event_name":"Liars Game","floor":11,"gold_loss":0},{"damage_healed":0,"gold_gain":0,"player_choice":"Upgraded","damage_taken":0,"max_hp_gain":0,"max_hp_loss":0,"event_name":"Upgrade Shrine","floor":12,"gold_loss":0,"cards_upgraded":["SashWhip"]}],"is_beta":false,"boss_relics":[{"not_picked":["Cursed Key","Busted Crown"],"picked":"Runic Pyramid"}],"items_purged_floors":[10,21],"is_endless":false,"potions_floor_spawned":[1,3,8,16,19,23],"killed_by":"Slavers","ascension_level":1}}