{"host":"7sni158j623xchr2","time":1611547557,"event":{"mods":["BaseMod","Colored Map","Highlight Path","Minty Spire (QoL Compilation)","Permanent Neow","Potion Indicator Mod","Rare Cards Sparkle","Relic Sorter","Relic Stats","StSLib","everything is the same but u backflip on backflip"],"gold_per_floor":[109,109,109,129,304,304,336,336,360,360,360],"floor_reached":10,"language":"ENG","playtime":159,"items_purged":[],"score":67,"play_id":"50245c50-2bbd-4137-a474-f505af454591","local_time":"20210124220557","is_ascension_mode":true,"campfire_choices":[{"data":"Quick Slash","floor":6,"key":"SMITH"},{"data":"Dodge and Roll","floor":8,"key":"SMITH"}],"circlet_count":0,"master_deck":["Strike_G","Strike_G","Strike_G","Strike_G","Strike_G","Defend_G","Defend_G","Defend_G","Defend_G","Survivor","Neutralize","Sucker Punch+1","Quick Slash+1","Doubt","Dodge and Roll+1"],"relics":["Ring of the Snake","Bottled Flame","Snake Skull"],"acts_visited":["Exordium"],"potions_floor_usage":[7],"damage_taken":[{"damage":0,"enemies":"2 Louse","floor":1,"turns":3},{"damage":0,"enemies":"Jaw Worm","floor":4,"turns":3},{"damage":47,"enemies":"Gremlin Nob","floor":7,"turns":6},{"damage":19,"enemies":"3 Sentries","floor":10,"turns":4}],"seed_played":"-2448339643137068539","potions_obtained":[{"floor":4,"key":"Swift Potion"}],"is_trial":false,"path_per_floor":["M","?","?","M","?","R","E","R","T","E"],"character_chosen":"THE_SILENT","items_purchased":[],"campfire_rested":0,"item_purchase_floors":[],"current_hp_per_floor":[70,75,75,75,75,75,28,28,28,9,9],"gold":360,"neow_bonus":"REMOVE_CARD","is_daily":false,"chose_seed":false,"campfire_upgraded":2,"win_rate":0.0,"timestamp":1611547557,"path_taken":["M","?","?","M","?","R","E","R","T","E"],"items_purchased_type":[],"build_version":"2020-12-22","purchased_purges":0,"victory":false,"max_hp_per_floor":[70,75,75,75,75,75,75,75,75,75,75],"relic_stats":{"counters":[4,15],"Snake Skull":[0],"obtain_stats":[{"Bottled Flame":7,"Snake Skull":9,"Ring of the Snake":0},{"Bottled Flame":3,"Snake Skull":3,"Ring of the Snake":0},{"Bottled Flame":12,"Snake Skull":12,"Ring of the Snake":0}],"Ring of the Snake":[8]},"card_choices":[{"not_picked":["Bane","Endless Agony"],"picked":"Sucker Punch","floor":1},{"not_picked":["Bane","PiercingWail"],"picked":"Quick Slash","floor":4},{"not_picked":["Quick Slash","Deflect"],"picked":"Dodge and Roll","floor":7}],"player_experience":1694888,"relics_obtained":[{"floor":7,"key":"Bottled Flame"},{"floor":9,"key":"Snake Skull"}],"event_choices":[{"damage_healed":0,"gold_gain":0,"player_choice":"Donut","damage_taken":0,"max_hp_gain":5,"max_hp_loss":0,"event_name":"Big Fish","floor":2,"gold_loss":0},{"damage_healed":0,"gold_gain":0,"player_choice":"Grow","damage_taken":0,"max_hp_gain":0,"max_hp_loss":0,"event_name":"Living Wall","floor":3,"gold_loss":0,"cards_upgraded":["Sucker Punch"]},{"damage_healed":0,"gold_gain":175,"player_choice":"AGREE","damage_taken":0,"max_hp_gain":0,"max_hp_loss":0,"event_name":"Liars Game","floor":5,"gold_loss":0,"cards_obtained":["Doubt"]}],"is_beta":false,"boss_relics":[],"items_purged_floors":[],"is_endless":false,"potions_floor_spawned":[4],"killed_by":"3 Sentries","ascension_level":1}}