{"host":"htqwg582tjjtn9p7","time":1611608307,"event":{"mods":["2.2 Compatiblity","AchievementEnabler","Act Like it!","Aspiration","BaseMod","Better Third Choice","Colored Map","Conspire","Curses Come First","Displayed Cursed Tome","Energized Spire","Force Act Four","Fox Events","GifTheSpireLib","Hermit","Highlight Path","JesterMod","Mad Scientist","Minty Spire (QoL Compilation)","Pale of the Ancients","Permanent Neow","Random Character Button","Relic Stats","Replay The Spire","Robot Space Explorer","Somnambulant","Spicy Shops","Spikes Relics","StSLib","Stuff the Spire","The Blue Laboratory","The Bug Knight","The Forsaken","The Gatherer","The Judge","The Jungle","The Marked","The Runesmith","The Servant 0.9.4","Uncapped"],"gold_per_floor":[112,112,193,210,210,210,235,235,235,248,281,291,310,336,336,411,411,429,429,443,454,454,454,489,28,108,41,41,53,53,66,66,143,143,161,0,20,20,20,48,66,91,91,108,108,121,146,146,146,146,165,182,250,250,250,270,270,115,115,115],"floor_reached":61,"language":"ENG","playtime":4170,"items_purged":["Injury"],"score":2484,"play_id":"e951b801-fa6e-4aa6-9154-89224407cf9e","local_time":"20210125215827","is_ascension_mode":true,"campfire_choices":[{"data":"Neutralize","floor":6,"key":"SMITH"},{"data":"ReplayTheSpireMod:Scrap Shanks","floor":15,"key":"SMITH"},{"floor":23,"key":"REST"},{"floor":32,"key":"DIG"},{"floor":49,"key":"REST"},{"floor":55,"key":"RECALL"},{"floor":57,"key":"REST"}],"circlet_count":0,"master_deck":["AscendersBane","Strike_G+1","Strike_G+1","Strike_G+2","Strike_G+1","Strike_G+1","Defend_G+1","Defend_G+2","Defend_G+1","Defend_G+1","Defend_G+1","Survivor","Neutralize+1","Unload","Noxious Fumes","ReplayTheSpireMod:Scrap Shanks+1","Tactician+1","Reflex+1","Blade Dance+1","Backflip+1","BlessedFruit+1","BlessedFruit+1","Dodge and Roll+1","Reflex+1","Acrobatics+1","Prepared+1","Unload","Concentrate+1","Dodge and Roll+1","Prepared+1","Footwork","Backflip+1","StuffTheSpire:Incantation+1","Hidden Blade+1","Night Terror+1","PiercingWail+1","Blade Dance+1","Blade Dance+1","Reflex+1","Acrobatics+1","StuffTheSpire:Vigor","Deflect+1","ReplayTheSpireMod:Scrap Shanks+1","ReplayTheSpireMod:Shiv Toss+1","Cloak And Dagger+1"],"relics":["Ring of the Snake","Toxic Egg 2","CherryCoatedStake","HeavenlyBonsai","Simple Rune","Pocketwatch","conspire:DecoderRing","Fusion Hammer","Tiny Chest","Ornamental Fan","Bottled Tornado","Pen Nib","aspiration:MobileForge","Red Mask","Potion Belt","Toy Ornithopter","StuffTheSpire:Tea","Strawberry","Gambling Chip","paleoftheancients:Timepiece","Gremlin Horn","CultistMask","paleoftheancients:SoulOfTheWatcher","Quantum Egg","Golden Egg","Orrery"],"acts_visited":["Exordium","TheCity","TheBeyond","TheBeyond"],"potions_floor_usage":[13,16,29,33,37,46,47,52,60,60],"damage_taken":[{"damage":9,"enemies":"2 Louse","floor":1,"turns":5},{"damage":8,"enemies":"Jaw Worm","floor":4,"turns":4},{"damage":11,"enemies":"HollowMod:MossKnight","floor":7,"turns":12},{"damage":1,"enemies":"Cultist","floor":10,"turns":3},{"damage":5,"enemies":"Lagavulin","floor":11,"turns":10},{"damage":5,"enemies":"Blue Slaver","floor":12,"turns":3},{"damage":0,"enemies":"Exordium Thugs","floor":13,"turns":8},{"damage":16,"enemies":"3 Sentries","floor":14,"turns":8},{"damage":5,"enemies":"Fading Forest","floor":16,"turns":11},{"damage":0,"enemies":"Spheric Guardian","floor":18,"turns":2},{"damage":2,"enemies":"Shell Parasite","floor":20,"turns":3},{"damage":33,"enemies":"Shelled Parasite and Fungi","floor":21,"turns":5},{"damage":20,"enemies":"HollowMod:Nosk","floor":24,"turns":8},{"damage":0,"enemies":"Snecko","floor":29,"turns":5},{"damage":4,"enemies":"Snake Plant","floor":31,"turns":4},{"damage":0,"enemies":"Pondfish","floor":33,"turns":6},{"damage":0,"enemies":"Orb Walker","floor":35,"turns":2},{"damage":0,"enemies":"3 Darklings","floor":37,"turns":5},{"damage":0,"enemies":"Reptomancer","floor":40,"turns":3},{"damage":0,"enemies":"Jaw Worm Horde","floor":41,"turns":2},{"damage":0,"enemies":"Giant Head","floor":42,"turns":4},{"damage":5,"enemies":"3 Darklings","floor":44,"turns":3},{"damage":1,"enemies":"Spire Growth","floor":46,"turns":4},{"damage":25,"enemies":"Mind Bloom Boss Battle","floor":47,"turns":4},{"damage":19,"enemies":"Replay:Hell Engine","floor":50,"turns":6},{"damage":11,"enemies":"Replay:Hell Engine","floor":51,"turns":8},{"damage":0,"enemies":"Replay:Hell Engine","floor":52,"turns":8},{"damage":0,"enemies":"Replay:Hell Engine","floor":56,"turns":2},{"damage":112,"enemies":"paleoftheancients:N","floor":60,"turns":9}],"seed_played":"1395490288800455133","potions_obtained":[{"floor":7,"key":"blueLaboratory:TrueEctoplasm"},{"floor":11,"key":"blueLaboratory:PyrophylliteBrew"},{"floor":12,"key":"Regen Potion"},{"floor":13,"key":"blueLaboratory:Moonshine"},{"floor":16,"key":"blueLaboratory:HorrorPotion"},{"floor":19,"key":"Ancient Potion"},{"floor":21,"key":"Flashbang"},{"floor":29,"key":"DistilledChaos"},{"floor":33,"key":"Explosive Potion"},{"floor":41,"key":"Weak Potion"},{"floor":42,"key":"blueLaboratory:BottledHope"},{"floor":52,"key":"blueLaboratory:HummingbirdPotion"},{"floor":56,"key":"Toxic Potion"}],"is_trial":false,"path_per_floor":["M","?","?","M","?","R","E","T","T","M","E","M","M","E","R","B",null,"M","?","M","M","?","R","E","$","T","$","?","M","T","M","R_BF","B",null,"M","?","M","?","$","E","M","E","T","M","T","M","?","?","R","B","M","M","T","T","R","M","R","$","?","B",null],"character_chosen":"THE_SILENT","items_purchased":["Footwork","Ornamental Fan","Backflip+1","StuffTheSpire:Incantation+1","Orrery"],"campfire_rested":3,"item_purchase_floors":[25,25,25,27,58],"current_hp_per_floor":[50,50,50,42,39,39,28,28,28,29,28,27,57,50,50,82,82,86,86,88,61,55,83,67,67,67,67,67,69,69,69,69,73,99,101,101,107,117,117,127,130,134,134,137,144,148,126,126,151,150,153,163,163,163,163,167,167,167,167,124],"gold":115,"neow_bonus":"THREE_RARE_CARDS","is_daily":false,"chose_seed":false,"campfire_upgraded":2,"win_rate":0.0,"timestamp":1611608307,"path_taken":["M","?","?","M","?","R","E","?","T","M","E","M","M","E","R","BOSS","M","?","M","?","?","R","E","?","T","$","?","?","?","M","R_BF","BOSS","M","?","M","?","?","E","M","E","T","M","?","?","?","?","R","BOSS","M","M","?","T","R","M","R","$","?","BOSS"],"items_purchased_type":["Card","Relic","Card","Card","Relic"],"build_version":"2020-12-22","purchased_purges":1,"victory":true,"max_hp_per_floor":[60,60,60,60,60,60,60,60,60,62,66,70,74,78,78,82,82,86,86,90,94,94,94,98,98,98,98,98,100,100,104,104,108,108,110,110,114,124,124,128,130,134,134,138,145,149,151,151,151,155,159,163,163,163,163,167,167,167,167,171],"relic_stats":{"Gremlin Horn":[16,16],"counters":[29,156],"Ornamental Fan":[528],"Gambling Chip":[22],"Tiny Chest":3,"Pen Nib":[44],"obtain_stats":[{"Golden Egg":54,"Gremlin Horn":50,"HeavenlyBonsai":8,"Bottled Tornado":26,"aspiration:MobileForge":34,"conspire:DecoderRing":14,"Strawberry":45,"Gambling Chip":47,"Tiny Chest":24,"Fusion Hammer":17,"Red Mask":36,"paleoftheancients:SoulOfTheWatcher":52,"Toxic Egg 2":2,"Ring of the Snake":0,"StuffTheSpire:Tea":43,"Potion Belt":40,"CherryCoatedStake":7,"Quantum Egg":53,"Pen Nib":30,"paleoftheancients:Timepiece":50,"Ornamental Fan":25,"Orrery":58,"Simple Rune":9,"CultistMask":50,"Art of War":32,"Toy Ornithopter":42,"Pocketwatch":11},{"Golden Egg":27,"Gremlin Horn":25,"HeavenlyBonsai":3,"Bottled Tornado":13,"aspiration:MobileForge":16,"conspire:DecoderRing":8,"Strawberry":22,"Gambling Chip":24,"Tiny Chest":13,"Fusion Hammer":9,"Red Mask":17,"paleoftheancients:SoulOfTheWatcher":27,"Toxic Egg 2":1,"Ring of the Snake":0,"StuffTheSpire:Tea":21,"Potion Belt":19,"CherryCoatedStake":3,"Quantum Egg":27,"Pen Nib":14,"paleoftheancients:Timepiece":25,"Ornamental Fan":13,"Orrery":28,"Simple Rune":3,"CultistMask":25,"Art of War":15,"Toy Ornithopter":21,"Pocketwatch":5},{"Golden Egg":145,"Gremlin Horn":130,"HeavenlyBonsai":21,"Bottled Tornado":82,"aspiration:MobileForge":97,"conspire:DecoderRing":53,"Strawberry":116,"Gambling Chip":124,"Tiny Chest":82,"Fusion Hammer":64,"Red Mask":99,"paleoftheancients:SoulOfTheWatcher":145,"Toxic Egg 2":5,"Ring of the Snake":0,"StuffTheSpire:Tea":113,"Potion Belt":107,"CherryCoatedStake":21,"Quantum Egg":145,"Pen Nib":87,"paleoftheancients:Timepiece":130,"Ornamental Fan":82,"Orrery":147,"Simple Rune":21,"CultistMask":130,"Art of War":91,"Toy Ornithopter":113,"Pocketwatch":34}],"Toy Ornithopter":12,"Ring of the Snake":[58],"Pocketwatch":[50]},"card_choices":[{"not_picked":["Grand Finale","Phantasmal Killer"],"picked":"Unload","floor":0},{"not_picked":["Flying Knee","Dodge and Roll"],"picked":"Noxious Fumes","floor":1},{"not_picked":["Dagger Spray","All Out Attack"],"picked":"ReplayTheSpireMod:Scrap Shanks","floor":3},{"not_picked":["Escape Plan+1","Slice"],"picked":"Tactician+1","floor":3},{"not_picked":["StuffTheSpire:Python+1","StuffTheSpire:Incantation+1"],"picked":"Reflex+1","floor":3},{"not_picked":["Poisoned Stab","StuffTheSpire:BumpUp"],"picked":"Blade Dance+1","floor":4},{"not_picked":["Glass Knife","StuffTheSpire:Python+1"],"picked":"Backflip+1","floor":7},{"not_picked":["Sucker Punch","StuffTheSpire:Repulse+1"],"picked":"Dodge and Roll+1","floor":10},{"not_picked":["Dagger Spray","Flying Knee","StuffTheSpire:Python+1"],"picked":"SKIP","floor":11},{"not_picked":["Flying Knee","Bane"],"picked":"Reflex+1","floor":12},{"not_picked":["Well Laid Plans","StuffTheSpire:Injection"],"picked":"Acrobatics+1","floor":13},{"not_picked":["PiercingWail+1","Caltrops"],"picked":"Prepared+1","floor":14},{"not_picked":["Bullet Time+1","Phantasmal Killer+1"],"picked":"Unload","floor":16},{"not_picked":["Deadly Poison+1","Well Laid Plans"],"picked":"Concentrate+1","floor":18},{"not_picked":["Bouncing Flask+1","Dagger Throw"],"picked":"Dodge and Roll+1","floor":20},{"not_picked":["conspire:PoisonWeapons+1","Replay:Poison Smokescreen+1"],"picked":"Prepared+1","floor":21},{"not_picked":["StuffTheSpire:Repulse+1","Distraction+1","Dagger Spray"],"picked":"SKIP","floor":24},{"not_picked":["StuffTheSpire:MirrorStance+1","Flechettes","Dagger Throw"],"picked":"SKIP","floor":29},{"not_picked":["StuffTheSpire:Python+1","Finisher"],"picked":"Hidden Blade+1","floor":31},{"not_picked":["Doppelganger+1","Venomology+1"],"picked":"Night Terror+1","floor":33},{"not_picked":["StuffTheSpire:BumpUp+1","Sucker Punch"],"picked":"PiercingWail+1","floor":35},{"not_picked":["Bane","ReplayTheSpireMod:Exploit Weakness+1"],"picked":"Blade Dance+1","floor":37},{"not_picked":["Bane+1","Endless Agony+1","InfectiousVector+1"],"picked":"SKIP","floor":40},{"not_picked":["Dagger Throw","Noxious Fumes","StuffTheSpire:Incursion+1"],"picked":"SKIP","floor":41},{"not_picked":["Cloak And Dagger+1","Backflip+1"],"picked":"Blade Dance+1","floor":42},{"not_picked":["StuffTheSpire:Injection","Outmaneuver+1","PiercingWail+1"],"picked":"SKIP","floor":44},{"not_picked":["Dagger Throw","Grand Finale"],"picked":"Reflex+1","floor":46},{"not_picked":["StuffTheSpire:BumpUp","ReplayTheSpireMod:Scrap Shanks"],"picked":"Acrobatics+1","floor":47},{"not_picked":["StuffTheSpire:Innocence","StuffTheSpire:Harmony"],"picked":"StuffTheSpire:Vigor","floor":48},{"not_picked":["Poisoned Stab","Blade Dance+1","Outmaneuver+1"],"picked":"SKIP","floor":51},{"not_picked":["Deadly Poison+1","Sucker Punch+1","Eviscerate"],"picked":"SKIP","floor":52},{"not_picked":["Eviscerate+1","Backstab","StuffTheSpire:BumpUp"],"picked":"SKIP","floor":56},{"not_picked":["StuffTheSpire:Sprint+1","InfectiousVector+1"],"picked":"Deflect+1","floor":58},{"not_picked":["Cloak And Dagger+1","Poisoned Stab+1"],"picked":"ReplayTheSpireMod:Scrap Shanks+1","floor":58},{"not_picked":["Distraction+1","Well Laid Plans+1"],"picked":"ReplayTheSpireMod:Shiv Toss+1","floor":58},{"not_picked":["Poisoned Stab","Deadly Poison+1"],"picked":"Cloak And Dagger+1","floor":58}],"player_experience":1959923,"relics_obtained":[{"floor":7,"key":"CherryCoatedStake"},{"floor":8,"key":"HeavenlyBonsai"},{"floor":9,"key":"Simple Rune"},{"floor":11,"key":"Pocketwatch"},{"floor":14,"key":"conspire:DecoderRing"},{"floor":24,"key":"Tiny Chest"},{"floor":26,"key":"Bottled Tornado"},{"floor":30,"key":"Pen Nib"},{"floor":32,"key":"Art of War"},{"floor":40,"key":"Potion Belt"},{"floor":42,"key":"Toy Ornithopter"},{"floor":43,"key":"StuffTheSpire:Tea"},{"floor":45,"key":"Strawberry"},{"floor":47,"key":"Gambling Chip"},{"floor":52,"key":"paleoftheancients:SoulOfTheWatcher"},{"floor":53,"key":"Quantum Egg"},{"floor":54,"key":"Golden Egg"}],"event_choices":[{"damage_healed":0,"gold_gain":0,"player_choice":"Leave","damage_taken":0,"max_hp_gain":0,"max_hp_loss":0,"event_name":"conspire:Investor","floor":5,"gold_loss":0},{"damage_healed":0,"gold_gain":0,"player_choice":"Got Potions","damage_taken":0,"max_hp_gain":0,"max_hp_loss":0,"event_name":"Lab","floor":19,"gold_loss":0},{"damage_healed":0,"gold_gain":0,"player_choice":"","damage_taken":6,"max_hp_gain":0,"max_hp_loss":0,"event_name":"Knowing Skull","floor":22,"potions_obtained":[],"gold_loss":0,"cards_obtained":[]},{"damage_healed":0,"gold_gain":0,"player_choice":"Simplicity","damage_taken":0,"max_hp_gain":0,"max_hp_loss":10,"event_name":"betterThird:BetterWriting","floor":28,"gold_loss":0},{"damage_healed":0,"gold_gain":0,"player_choice":"Paid","damage_taken":0,"relics_obtained":["Red Mask"],"max_hp_gain":0,"max_hp_loss":0,"event_name":"Tomb of Lord Red Mask","floor":36,"gold_loss":161},{"damage_healed":0,"gold_gain":0,"player_choice":"Fight","damage_taken":0,"max_hp_gain":0,"max_hp_loss":0,"event_name":"MindBloom","floor":47,"gold_loss":0}],"is_beta":false,"boss_relics":[{"not_picked":["aspiration:PoetsPen_weak","Runic Dome"],"picked":"Fusion Hammer"},{"not_picked":["ChewingGum","aspiration:FutureDiary"],"picked":"aspiration:MobileForge"}],"items_purged_floors":[25],"is_endless":false,"potions_floor_spawned":[7,11,12,13,16,21,24,29,33,35,41,42,52,56],"ascension_level":15}}