{"host":"g2yp6paluzgljz05","time":1611559516,"event":{"mods":["BaseMod","Bestiary","Colored Powertips","DeckTracker","Highlight Path","Minty Spire (QoL Compilation)","Quick Restart"],"gold_per_floor":[119,44,57,7,17,50,50,50,74,74,74],"floor_reached":10,"language":"ENG","playtime":626,"items_purged":["Parasite"],"score":83,"play_id":"a7462351-74b9-44b4-81a4-4b7f443b5ce3","local_time":"20210125182516","is_ascension_mode":true,"campfire_choices":[{"data":"Magnetism","floor":7,"key":"SMITH"}],"circlet_count":0,"master_deck":["Strike_R","Strike_R","Strike_R","Strike_R","Strike_R","Defend_R","Defend_R","Defend_R","Defend_R","Bash","Magnetism+1","True Grit","Inflame","Shrug It Off","Spot Weakness"],"relics":["Burning Blood","Bag of Preparation","Ice Cream","Strawberry"],"acts_visited":["Exordium"],"potions_floor_usage":[6],"damage_taken":[{"damage":28,"enemies":"Jaw Worm","floor":1,"turns":4},{"damage":0,"enemies":"Cultist","floor":3,"turns":5},{"damage":0,"enemies":"2 Louse","floor":5,"turns":5},{"damage":53,"enemies":"Lagavulin","floor":6,"turns":11},{"damage":35,"enemies":"Gremlin Nob","floor":10,"turns":4}],"seed_played":"3147793068410434178","potions_obtained":[{"floor":1,"key":"GamblersBrew"},{"floor":3,"key":"Ancient Potion"},{"floor":6,"key":"Fruit Juice"}],"is_trial":false,"path_per_floor":["M","$","M","$","M","E","R","?","T","E"],"character_chosen":"IRONCLAD","items_purchased":["Shrug It Off"],"campfire_rested":0,"item_purchase_floors":[4],"current_hp_per_floor":[58,58,64,64,70,28,28,28,35,0,0],"gold":74,"neow_bonus":"RANDOM_COLORLESS_2","is_daily":false,"chose_seed":false,"campfire_upgraded":1,"win_rate":0.0,"timestamp":1611559516,"path_taken":["M","$","M","$","M","E","R","?","T","E"],"items_purchased_type":["Card"],"build_version":"2020-12-22","purchased_purges":1,"victory":false,"max_hp_per_floor":[80,77,77,77,77,82,82,82,89,89,89],"card_choices":[{"not_picked":["Master of Strategy","Transmutation"],"picked":"Magnetism","floor":0},{"not_picked":["Searing Blow","Bloodletting"],"picked":"True Grit","floor":1},{"not_picked":["Flame Barrier","Clash"],"picked":"Inflame","floor":3},{"not_picked":["Sentinel","Warcry","Cleave"],"picked":"SKIP","floor":5},{"not_picked":["Feed","Rupture"],"picked":"Spot Weakness","floor":6}],"player_experience":264488,"relics_obtained":[{"floor":6,"key":"Bag of Preparation"},{"floor":9,"key":"Strawberry"}],"event_choices":[{"damage_healed":0,"gold_gain":0,"player_choice":"Gave Potion","damage_taken":0,"relics_obtained":["Ice Cream"],"max_hp_gain":0,"max_hp_loss":0,"event_name":"WeMeetAgain","floor":8,"gold_loss":0}],"is_beta":false,"boss_relics":[],"items_purged_floors":[2],"is_endless":false,"potions_floor_spawned":[1,3,6],"killed_by":"Gremlin Nob","ascension_level":5}}