{"host":"j0rajrfs2q3wozdq","time":1611588405,"event":{"mods":["BaseMod","Colored Powertips","HololiveMod","Koishi","Lobotomy","LobotomyExtend","Minty Spire (QoL Compilation)","Prisma Mod","Quick Restart","Remilia¡]Á¢¦Ì²ú?¡^","Replay The Spire","Shop Mod","StSLib","The Alterego","WarShipGirlsR/??¤Ö¤kR mod","Yakumo Yukari mod","Youmu¡]»î¾z§¯?¡^"],"gold_per_floor":[116,116,116,135,145,145,128,128,128],"floor_reached":8,"language":"ZHS","playtime":504,"items_purged":[],"score":48,"play_id":"3473b513-82e2-4940-a6fd-2854423cf5c9","local_time":"20210125232645","is_ascension_mode":false,"campfire_choices":[{"data":"alterego_mod:Nekomimi","floor":6,"key":"SMITH"}],"circlet_count":0,"master_deck":["alterego_mod:Strike","alterego_mod:Strike","alterego_mod:Strike","alterego_mod:Defend","alterego_mod:Defend","alterego_mod:Defend","alterego_mod:Defend","alterego_mod:Impale","alterego_mod:BigMeatyClaws","alterego_mod:BrynhildrsRune","Wellcheers","Bloodbath","alterego_mod:Nekomimi+1"],"relics":["alterego_mod:MasochisticConstitution","CogitoBucket","Gremlin Horn"],"acts_visited":["Exordium"],"potions_floor_usage":[],"damage_taken":[{"damage":1,"enemies":"2 Louse","floor":1,"turns":4},{"damage":2,"enemies":"Jaw Worm","floor":4,"turns":10},{"damage":11,"enemies":"Cultist","floor":5,"turns":6},{"damage":25,"enemies":"Exordium Thugs","floor":7,"turns":8},{"damage":124,"enemies":"Gremlin Nob","floor":8,"turns":8}],"seed_played":"48912285451908064","potions_obtained":[{"floor":4,"key":"FairyPotion"},{"floor":7,"key":"SneckoOil"}],"is_trial":false,"path_per_floor":["M","?","T","M","M","R","M","E"],"character_chosen":"The_Alterego","items_purchased":[],"campfire_rested":0,"item_purchase_floors":[],"current_hp_per_floor":[71,64,64,69,69,69,62,0,0],"gold":128,"neow_bonus":"","is_daily":false,"chose_seed":false,"campfire_upgraded":1,"win_rate":0.0,"timestamp":1611588405,"path_taken":["M","?","?","M","M","R","M","E"],"items_purchased_type":[],"build_version":"2020-12-22","purchased_purges":0,"victory":false,"max_hp_per_floor":[71,71,71,72,73,73,74,74,74],"card_choices":[{"not_picked":["Porccubus","GalaxyChild"],"picked":"Wellcheers","floor":1},{"not_picked":["alterego_mod:Table","alterego_mod:TrashNCrash","alterego_mod:Cycle"],"picked":"SKIP","floor":1},{"not_picked":["alterego_mod:Exercise","alterego_mod:DiscoLights","alterego_mod:PerceptionDisorder"],"picked":"SKIP","floor":4},{"not_picked":["RedShoes","OldLady","SpiderBud"],"picked":"Singing Bowl","floor":5},{"not_picked":["WallGazer","OldLady"],"picked":"Bloodbath","floor":5},{"not_picked":["alterego_mod:Cycle","alterego_mod:Crossover"],"picked":"alterego_mod:Nekomimi","floor":5},{"not_picked":["WallGazer","BeautyBeast","VoidDream"],"picked":"Singing Bowl","floor":7},{"not_picked":["alterego_mod:Punishment","alterego_mod:Belts","alterego_mod:Smother"],"picked":"SKIP","floor":7}],"player_experience":33787,"relics_obtained":[{"floor":3,"key":"Gremlin Horn"}],"event_choices":[{"cards_removed":["alterego_mod:Strike"],"damage_healed":0,"gold_gain":0,"player_choice":"Card Removal","damage_taken":7,"max_hp_gain":0,"max_hp_loss":0,"event_name":"Golden Wing","floor":2,"gold_loss":0}],"is_beta":false,"boss_relics":[],"items_purged_floors":[],"is_endless":false,"potions_floor_spawned":[4,7],"killed_by":"Gremlin Nob","ascension_level":0}}