{"host":"18wi9kpcl4eah7pe","time":1611598048,"event":{"mods":["BaseMod","Colored Powertips","Downfall","Minty Spire (QoL Compilation)","StSLib"],"gold_per_floor":[99,99,99,99,99,112,112,144,144,129,129,145,45,30,49,151,201,101,118,132,132,117,117,142,161,174,194,194,213,225,225,241,241,241,241],"floor_reached":33,"language":"ENG","playtime":1582,"items_purged":[],"score":247,"play_id":"1091ff74-fe73-4920-95a8-b07d3198e482","local_time":"20210125120728","is_ascension_mode":false,"campfire_choices":[{"floor":1,"key":"RECALL"},{"floor":13,"key":"REST"},{"floor":28,"key":"REST"}],"circlet_count":0,"master_deck":["sneckomod:Strike","sneckomod:Strike","sneckomod:Strike","sneckomod:Defend","sneckomod:Defend","sneckomod:Defend","sneckomod:TailWhip","sneckomod:SnekBite","sneckomod:Unknown","sneckomod:ImprovisedAttack","sneckomod:UnknownCommonAttack","sneckomod:WideSting","sneckomod:UnknownRareSkill","sneckomod:ImprovisedGuard+1","sneckomod:QuickMove","sneckomod:SerpentMind","sneckomod:MixItUp","Offering","sneckomod:ImprovisedAttack","sneckomod:UnknownClassTHE_BRONZE_AUTOMATON","MasterReality","sneckomod:CheapStock+1","Inflame","sneckomod:UnknownExhaust+1","sneckomod:SerpentIdol","sneckomod:UnknownStrength+1","RitualDagger+1","sneckomod:UnknownVulnerable"],"relics":["sneckomod:SneckoSoul","downfall:HeartsMalice","Vajra","Sundial","Question Card","downfall:HeartBlessingGreen","Tiny House","downfall:HeartBlessingRed","Boot"],"acts_visited":["Exordium","TheCity"],"potions_floor_usage":[16,16,22,26,26,30,33],"damage_taken":[{"damage":0,"enemies":"Small Slimes","floor":2,"turns":1},{"damage":0,"enemies":"2 Louse","floor":3,"turns":1},{"damage":0,"enemies":"Jaw Worm","floor":4,"turns":1},{"damage":25,"enemies":"Exordium Thugs","floor":6,"turns":4},{"damage":26,"enemies":"Lagavulin","floor":8,"turns":7},{"damage":5,"enemies":"downfall:FleeingMerchant","floor":10,"turns":4},{"damage":3,"enemies":"Red Slaver","floor":12,"turns":3},{"damage":5,"enemies":"downfall:FleeingMerchant","floor":14,"turns":4},{"damage":6,"enemies":"2 Fungi Beasts","floor":15,"turns":2},{"damage":15,"enemies":"IC_STATUS_ARCHETYPE","floor":16,"turns":6},{"damage":53,"enemies":"3 Byrds","floor":19,"turns":5},{"damage":14,"enemies":"Centurion and Healer","floor":20,"turns":5},{"damage":17,"enemies":"downfall:FleeingMerchant","floor":22,"turns":4},{"damage":12,"enemies":"Cultist and Chosen","floor":25,"turns":3},{"damage":15,"enemies":"Snecko","floor":26,"turns":6},{"damage":22,"enemies":"Shelled Parasite and Fungi","floor":27,"turns":3},{"damage":34,"enemies":"3 Cultists","floor":29,"turns":5},{"damage":1,"enemies":"Snecko","floor":30,"turns":5},{"damage":10,"enemies":"Shelled Parasite and Fungi","floor":32,"turns":8},{"damage":22,"enemies":"WA_ARCHETYPE_CALM","floor":33,"turns":5}],"seed_played":"-567104098938956172","potions_obtained":[{"floor":12,"key":"BlessingOfTheForge"},{"floor":15,"key":"sneckomod:DiceRollPotion"},{"floor":16,"key":"sneckomod:DiceRollPotion"},{"floor":17,"key":"EssenceOfSteel"},{"floor":19,"key":"sneckomod:DiceRollPotion"},{"floor":27,"key":"sneckomod:DiceRollPotion"},{"floor":31,"key":"CultistPotion"}],"is_trial":false,"path_per_floor":["R","M","M","M","?","M","T","E","?","$","?","M","R","$","M","B",null,"R","M","M","?","$","R","T","M","M","M","R","M","M","?","M","B"],"character_chosen":"THE_SNECKO","items_purchased":[],"campfire_rested":2,"item_purchase_floors":[],"current_hp_per_floor":[90,90,90,90,83,58,58,32,32,27,27,24,51,46,40,25,95,95,42,28,95,78,78,78,66,51,29,57,23,22,22,12,0,0,0],"gold":241,"neow_bonus":"THREE_ENEMY_KILL","is_daily":false,"chose_seed":false,"campfire_upgraded":0,"win_rate":0.0,"timestamp":1611598048,"path_taken":["R","M","M","M","?","M","T","E","?","$","?","M","R","?","M","BOSS","R","M","M","?","?","R","T","M","M","?","R","M","M","?","M","BOSS"],"items_purchased_type":[],"build_version":"2020-12-22","purchased_purges":0,"victory":false,"max_hp_per_floor":[90,90,90,90,90,90,90,90,90,90,90,90,90,90,90,90,95,95,95,95,95,95,95,95,95,95,95,95,95,95,95,95,95,95,95],"card_choices":[{"not_picked":["sneckomod:UnknownDraw","sneckomod:IronFang"],"picked":"sneckomod:ImprovisedAttack","floor":2},{"not_picked":["sneckomod:IronFang","sneckomod:SoulRoll"],"picked":"sneckomod:UnknownCommonAttack","floor":3},{"not_picked":["sneckomod:QuickMove","sneckomod:DiceCrush"],"picked":"sneckomod:UnknownStrength","floor":4},{"not_picked":["sneckomod:IronFang","sneckomod:UnknownX"],"picked":"sneckomod:WideSting","floor":6},{"not_picked":["sneckomod:QuickBite","sneckomod:SoulDraw"],"picked":"sneckomod:UnknownUncommonSkill","floor":8},{"not_picked":["sneckomod:UnknownStrike","sneckomod:Rotation","sneckomod:SoulRoll"],"picked":"sneckomod:UnknownRareSkill","floor":10},{"not_picked":["sneckomod:WideSting","sneckomod:RainOfDice","sneckomod:SoulDraw"],"picked":"sneckomod:ImprovisedGuard","floor":12},{"not_picked":["sneckomod:MasterEye","sneckomod:QuickMove","sneckomod:UnknownCommonAttack"],"picked":"sneckomod:UnknownRarePower","floor":14},{"not_picked":["sneckomod:QuickBite","sneckomod:UnknownWeak","sneckomod:IronFang"],"picked":"sneckomod:QuickMove","floor":15},{"not_picked":["sneckomod:Restock","sneckomod:UnknownRareAttack","sneckomod:UnknownRareSkill"],"picked":"sneckomod:SerpentMind","floor":16},{"not_picked":["sneckomod:DiceCrush","sneckomod:QuickMove","sneckomod:SnekBeam"],"picked":"sneckomod:MixItUp","floor":17},{"not_picked":["sneckomod:SoulDraw","sneckomod:Unknown2Cost","sneckomod:UnknownDraw"],"picked":"sneckomod:ImprovisedAttack","floor":19},{"not_picked":["sneckomod:UnknownBlock","sneckomod:DiceBlock","sneckomod:UnknownClassPURPLE+1"],"picked":"sneckomod:Memorize","floor":20},{"not_picked":["sneckomod:UnknownDraw","sneckomod:UnknownStrike+1","sneckomod:Nope"],"picked":"sneckomod:UnknownClassTHE_BRONZE_AUTOMATON","floor":22},{"not_picked":["sneckomod:QuickMove","sneckomod:SoulDraw","sneckomod:WideSting+1","sneckomod:RainOfDice"],"picked":"SKIP","floor":25},{"not_picked":["sneckomod:DefensiveFlair+1","sneckomod:UnknownX","sneckomod:SlitherStrike"],"picked":"sneckomod:CheapStock+1","floor":26},{"not_picked":["sneckomod:UnknownDraw","sneckomod:Nope+1","sneckomod:SoulDraw"],"picked":"sneckomod:UnknownExhaust+1","floor":27},{"not_picked":["sneckomod:UnknownCommonSkill+1","sneckomod:Restock","sneckomod:SoulRoll"],"picked":"sneckomod:SerpentIdol","floor":29},{"not_picked":["sneckomod:SoulRoll","sneckomod:UnknownX","sneckomod:DefensiveFlair"],"picked":"sneckomod:UnknownStrength+1","floor":30},{"not_picked":["sneckomod:SoulDraw","sneckomod:Nope+1","sneckomod:WideSting+1"],"picked":"sneckomod:UnknownVulnerable","floor":32}],"player_experience":958853,"relics_obtained":[{"floor":7,"key":"Sundial"},{"floor":8,"key":"Question Card"},{"floor":24,"key":"Boot"}],"event_choices":[{"damage_healed":0,"gold_gain":0,"player_choice":"Success","damage_taken":7,"relics_obtained":["Vajra"],"max_hp_gain":0,"max_hp_loss":0,"event_name":"Scrap Ooze","floor":5,"gold_loss":0},{"damage_healed":0,"gold_gain":0,"player_choice":"Grow","damage_taken":0,"max_hp_gain":0,"max_hp_loss":0,"event_name":"Living Wall","floor":9,"gold_loss":0,"cards_upgraded":["sneckomod:UnknownStrength"]},{"cards_removed":["sneckomod:UnknownUncommonSkill"],"damage_healed":67,"gold_gain":0,"player_choice":"Offered Uncommon","damage_taken":0,"max_hp_gain":0,"max_hp_loss":0,"event_name":"Bonfire Elementals","floor":21,"gold_loss":0}],"is_beta":false,"boss_relics":[{"not_picked":["Astrolabe","Runic Dome"],"picked":"Tiny House"}],"items_purged_floors":[],"is_endless":false,"potions_floor_spawned":[12,15,16,19,20,27],"killed_by":"WA_ARCHETYPE_CALM","ascension_level":0}}