{"host":"0mk07bycsqo1qk03","time":1611569230,"event":{"mods":["BaseMod","Downfall","Hermit","Hubris","Minty Spire (QoL Compilation)","StSLib","The Cursed"],"gold_per_floor":[99,116,28,44,29,47,47,77,252,252,268,300,5,39,56,56,56,56],"floor_reached":16,"language":"ENG","playtime":700,"items_purged":[],"score":126,"play_id":"1b89c959-24b7-4054-b0a6-75c63e475b33","local_time":"20210125110710","is_ascension_mode":true,"campfire_choices":[{"data":"bronze:Replicate","floor":1,"key":"SMITH"},{"data":"bronze:Goto","floor":10,"key":"SMITH"}],"circlet_count":0,"master_deck":["bronze:Strike","bronze:Strike","bronze:Strike","bronze:Defend","bronze:Defend","bronze:Defend","bronze:Defend","bronze:Replicate+1","bronze:Goto+1","bronze:OilSpill","bronze:Flail","bronze:ItsAFeature","bronze:OilSpill","bronze:Turbo","bronze:BuggyMess","Doubt","bronze:Repair","bronze:OilSpill","bronze:Frontload","bronze:Flail","bronze:Allocate"],"relics":["bronze:BronzeCore","Frozen Egg 2","InkBottle","Calipers","Membership Card","MealTicket","WingedGreaves"],"acts_visited":["Exordium"],"potions_floor_usage":[12,16,16],"damage_taken":[{"damage":1,"enemies":"Cultist","floor":2,"turns":4},{"damage":0,"enemies":"downfall:FleeingMerchant","floor":3,"turns":4},{"damage":0,"enemies":"Small Slimes","floor":4,"turns":2},{"damage":3,"enemies":"downfall:FleeingMerchant","floor":5,"turns":4},{"damage":1,"enemies":"Jaw Worm","floor":6,"turns":3},{"damage":6,"enemies":"Lagavulin","floor":8,"turns":4},{"damage":10,"enemies":"Exordium Wildlife","floor":11,"turns":3},{"damage":5,"enemies":"3 Sentries","floor":12,"turns":9},{"damage":15,"enemies":"downfall:FleeingMerchant","floor":13,"turns":4},{"damage":14,"enemies":"Gremlin Nob","floor":14,"turns":3},{"damage":13,"enemies":"2 Fungi Beasts","floor":15,"turns":3},{"damage":35,"enemies":"DF_ARCHETYPE_STREAMLINE","floor":16,"turns":6}],"seed_played":"-3602979870560609962","potions_obtained":[{"floor":6,"key":"bronze:CleanCodePotion"},{"floor":11,"key":"Strength Potion"},{"floor":14,"key":"bronze:BuildAFunctionPotion"},{"floor":15,"key":"SkillPotion"}],"is_trial":false,"path_per_floor":["R","M","$","M","$","M","T","E","?","R","M","E","$","E","M","B"],"character_chosen":"THE_AUTOMATON","items_purchased":["bronze:ItsAFeature","Membership Card","bronze:OilSpill","MealTicket","bronze:Frontload"],"campfire_rested":0,"item_purchase_floors":[3,13,13,13,13],"current_hp_per_floor":[70,69,69,69,66,65,65,59,59,59,49,51,43,36,30,0,0,0],"gold":56,"neow_bonus":"REMOVE_CARD","is_daily":false,"chose_seed":false,"campfire_upgraded":2,"win_rate":0.0,"timestamp":1611569230,"path_taken":["R","M","?","M","?","M","T","E","?","R","?","E","$","E","M","BOSS"],"items_purchased_type":["Card","Relic","Card","Relic","Card"],"build_version":"2020-12-22","purchased_purges":0,"victory":false,"max_hp_per_floor":[70,70,70,70,70,70,70,70,70,70,70,70,70,70,70,70,70,70],"card_choices":[{"not_picked":["bronze:Allocate","bronze:Shield"],"picked":"bronze:OilSpill","floor":2},{"not_picked":["bronze:WhirlingStrike","bronze:Separator"],"picked":"bronze:Flail","floor":3},{"not_picked":["bronze:InfiniteBeams","bronze:CutThrough"],"picked":"bronze:OilSpill","floor":4},{"not_picked":["bronze:CleanCode","bronze:Separator"],"picked":"bronze:Turbo","floor":5},{"not_picked":["bronze:Deprecate","bronze:CloningBeam","bronze:Flail"],"picked":"SKIP","floor":6},{"not_picked":["bronze:BugBarrage","bronze:Separator"],"picked":"bronze:BuggyMess","floor":8},{"not_picked":["bronze:Optimize+1","bronze:BugBarrage"],"picked":"bronze:Repair","floor":11},{"not_picked":["bronze:Optimize+1","bronze:HardenedForm+1","bronze:BitShift"],"picked":"SKIP","floor":12},{"not_picked":["bronze:Branch","bronze:WildBeam","bronze:DigitalCarnage"],"picked":"SKIP","floor":13},{"not_picked":["bronze:WhirlingStrike","bronze:CutThrough"],"picked":"bronze:Flail","floor":14},{"not_picked":["bronze:WildBeam","bronze:Deprecate"],"picked":"bronze:Allocate","floor":15}],"player_experience":965119,"relics_obtained":[{"floor":7,"key":"Frozen Egg 2"},{"floor":8,"key":"InkBottle"},{"floor":12,"key":"Calipers"},{"floor":14,"key":"WingedGreaves"}],"event_choices":[],"is_beta":false,"boss_relics":[],"items_purged_floors":[],"is_endless":false,"potions_floor_spawned":[6,11,14,15],"killed_by":"DF_ARCHETYPE_STREAMLINE","ascension_level":1}}