{"host":"srk2drlvga69hbot","time":1611548708,"event":{"mods":["BaseMod","Bestiary","Block Reminder","Colored Map","Colored Powertips","Dark Map","DeckTracker","Highlight Path","Minty Spire (QoL Compilation)","Quick Restart","Rare Cards Sparkle","Relic Stats","SuperFastMode","Unceasing Turn Reminder"],"gold_per_floor":[109,123,123,48,68,68,98,114,114,144,160,335,348,358,358,458,458,468,468,532,582,632,632,651,800,826,859,872,872,1022,1091,1091,1191,1191,1204,1254,469,482,614,614,648,658,658,722,787,804,880,911,911,911],"floor_reached":51,"language":"ZHS","playtime":2543,"items_purged":["Defend_G","Doubt"],"score":1164,"play_id":"cd3eac67-563b-4a01-9164-449f2c81bc34","local_time":"20210125122508","is_ascension_mode":true,"campfire_choices":[{"data":"Neutralize","floor":6.0,"key":"SMITH"},{"floor":15.0,"key":"REST"},{"floor":23,"key":"REST"},{"data":"Envenom","floor":29,"key":"SMITH"},{"floor":32,"key":"REST"},{"data":"After Image","floor":40,"key":"SMITH"},{"data":"After Image","floor":49,"key":"SMITH"}],"circlet_count":0,"master_deck":["Survivor","Neutralize+1","Deadly Poison","Dash","Footwork","Die Die Die","Backflip","Flying Knee","PiercingWail","Envenom+1","After Image+1","Slice","Slice","Eviscerate","Cloak And Dagger","All Out Attack","Slice","Storm of Steel","Catalyst","Acrobatics","Necronomicurse","Backstab","Escape Plan","Escape Plan","Phantasmal Killer","CurseOfTheBell","PiercingWail+1","Finesse","Crippling Poison+1","Backstab+1","After Image+1","Concentrate","Acrobatics+1","Footwork","Reflex","After Image+1"],"relics":["Ring of the Snake","Torii","HornCleat","Mango","Du-Vu Doll","Pandora\u0027s Box","SsserpentHead","MutagenicStrength","Necronomicon","Tiny Chest","Bird Faced Urn","Calipers","Kunai","Calling Bell","Bag of Marbles","Sundial","Prayer Wheel","Paper Crane","Gambling Chip","Lee\u0027s Waffle","Mercury Hourglass","Mummified Hand","Darkstone Periapt","Toy Ornithopter","Vajra"],"acts_visited":["Exordium","TheCity","TheBeyond"],"potions_floor_usage":[],"damage_taken":[{"damage":0.0,"enemies":"2 Louse","floor":1.0,"turns":3.0},{"damage":1.0,"enemies":"Cultist","floor":2.0,"turns":4.0},{"damage":1.0,"enemies":"Jaw Worm","floor":5.0,"turns":4.0},{"damage":19.0,"enemies":"Gremlin Nob","floor":7.0,"turns":5.0},{"damage":9.0,"enemies":"Large Slime","floor":8.0,"turns":6.0},{"damage":1.0,"enemies":"3 Sentries","floor":10.0,"turns":9.0},{"damage":0.0,"enemies":"Gremlin Gang","floor":11.0,"turns":2.0},{"damage":0.0,"enemies":"2 Fungi Beasts","floor":13.0,"turns":3.0},{"damage":0.0,"enemies":"Looter","floor":14.0,"turns":4.0},{"damage":39.0,"enemies":"Hexaghost","floor":16.0,"turns":11.0},{"damage":11.0,"enemies":"2 Thieves","floor":18.0,"turns":4.0},{"damage":24.0,"enemies":"Spheric Guardian","floor":20.0,"turns":6.0},{"damage":3,"enemies":"Snake Plant","floor":24,"turns":4},{"damage":2,"enemies":"Slavers","floor":27,"turns":7},{"damage":0,"enemies":"Snecko","floor":28,"turns":3},{"damage":13,"enemies":"Colosseum Slavers","floor":30,"turns":3},{"damage":0,"enemies":"Colosseum Nobs","floor":30,"turns":4},{"damage":13,"enemies":"Chosen and Byrds","floor":31,"turns":5},{"damage":27,"enemies":"Collector","floor":33,"turns":9},{"damage":0,"enemies":"3 Shapes","floor":35,"turns":3},{"damage":11,"enemies":"3 Darklings","floor":38,"turns":5},{"damage":39,"enemies":"Nemesis","floor":41,"turns":5},{"damage":0,"enemies":"Jaw Worm Horde","floor":44,"turns":4},{"damage":0,"enemies":"Spire Growth","floor":45,"turns":4},{"damage":0,"enemies":"Maw","floor":46,"turns":8},{"damage":0,"enemies":"Giant Head","floor":48,"turns":8},{"damage":2,"enemies":"Time Eater","floor":50,"turns":14}],"seed_played":"-9048834982764319056","potions_obtained":[{"floor":10.0,"key":"PowerPotion"},{"floor":11.0,"key":"DistilledChaos"},{"floor":13.0,"key":"GhostInAJar"},{"floor":20.0,"key":"CultistPotion"}],"is_trial":false,"path_per_floor":["M","M","?","$","M","R","E","M","T","E","M","?","M","M","R","B",null,"M","?","M","?","?","R","M","?","T","E","M","R","?","M","R","B",null,"M","?","$","M","T","R","E","?","T","M","M","M","T","E","R","B",null],"character_chosen":"THE_SILENT","items_purchased":["Paper Crane","Gambling Chip","Lee\u0027s Waffle"],"campfire_rested":3,"item_purchase_floors":[37,37,37],"current_hp_per_floor":[45,44,44,44,43,43,24,15,29,28,28,28,28,28,53,14,67,56,56,32,32,16,41,38,38,38,36,38,38,35,28,53,32,71,75,75,91,80,80,80,45,45,45,49,57,67,67,77,77,87],"gold":911,"neow_bonus":"ONE_RARE_RELIC","is_daily":false,"chose_seed":false,"campfire_upgraded":4,"win_rate":0.0,"timestamp":1611548708,"path_taken":["M","M","?","?","M","R","E","M","T","E","M","?","?","M","R","BOSS","M","?","?","?","?","R","M","?","T","E","M","R","?","?","R","BOSS","M","?","$","M","?","R","E","?","T","?","?","M","?","E","R","BOSS"],"items_purchased_type":["Relic","Relic","Relic"],"build_version":"2020-12-22","purchased_purges":2,"victory":true,"max_hp_per_floor":[70,70,70,70,70,70,70,70,84,84,84,84,84,84,84,84,84,84,84,84,84,84,84,84,84,84,84,84,84,84,84,84,84,84,84,84,91,91,91,91,91,91,91,91,91,91,91,91,91,91],"relic_stats":{"Darkstone Periapt":0,"Lee\u0027s Waffle":16,"Torii":38,"counters":[27,147],"Mercury Hourglass":[113],"SsserpentHead":600,"Sundial":[4],"Mummified Hand":[23],"Bird Faced Urn":[76],"Gambling Chip":[5],"Pandora\u0027s Box":["Slice","Slice","Eviscerate","Cloak And Dagger","All Out Attack","Slice","Storm of Steel","Catalyst"],"Tiny Chest":2,"Prayer Wheel":5,"Necronomicon":[25],"Kunai":[35],"obtain_stats":[{"Darkstone Periapt":43,"Calipers":30,"Torii":0,"Vajra":48,"Mango":9,"SsserpentHead":19,"HornCleat":7,"Sundial":34,"Mummified Hand":41,"Gambling Chip":37,"Tiny Chest":26,"Prayer Wheel":34,"Necronomicon":22,"Kunai":30,"Ring of the Snake":0,"Lee\u0027s Waffle":37,"Paper Crane":37,"Mercury Hourglass":39,"Du-Vu Doll":10,"Calling Bell":34,"MutagenicStrength":21,"Bird Faced Urn":27,"Pandora\u0027s Box":17,"Bag of Marbles":34,"Toy Ornithopter":47},{"Darkstone Periapt":22,"Calipers":17,"Torii":0,"Vajra":26,"Mango":5,"SsserpentHead":11,"HornCleat":4,"Sundial":19,"Mummified Hand":22,"Gambling Chip":20,"Tiny Chest":13,"Prayer Wheel":19,"Necronomicon":12,"Kunai":17,"Ring of the Snake":0,"Lee\u0027s Waffle":20,"Paper Crane":20,"Mercury Hourglass":21,"Du-Vu Doll":6,"Calling Bell":19,"MutagenicStrength":12,"Bird Faced Urn":14,"Pandora\u0027s Box":10,"Bag of Marbles":19,"Toy Ornithopter":25},{"Darkstone Periapt":109,"Calipers":82,"Torii":0,"Vajra":133,"Mango":22,"SsserpentHead":55,"HornCleat":16,"Sundial":96,"Mummified Hand":109,"Gambling Chip":99,"Tiny Chest":65,"Prayer Wheel":96,"Necronomicon":61,"Kunai":82,"Ring of the Snake":0,"Lee\u0027s Waffle":99,"Paper Crane":99,"Mercury Hourglass":104,"Du-Vu Doll":31,"Calling Bell":96,"MutagenicStrength":61,"Bird Faced Urn":72,"Pandora\u0027s Box":51,"Bag of Marbles":96,"Toy Ornithopter":125}],"Toy Ornithopter":0,"Ring of the Snake":[54]},"card_choices":[{"not_picked":["Dodge and Roll","Prepared"],"picked":"Deadly Poison","floor":1.0},{"not_picked":["Outmaneuver","Setup"],"picked":"Dash","floor":2.0},{"not_picked":["Dodge and Roll","Deflect"],"picked":"Footwork","floor":5.0},{"not_picked":["Poisoned Stab","Underhanded Strike"],"picked":"Die Die Die","floor":7.0},{"not_picked":["Flechettes","Cloak And Dagger"],"picked":"Backflip","floor":8.0},{"not_picked":["Skewer","Underhanded Strike"],"picked":"Flying Knee","floor":10.0},{"not_picked":["Accuracy","Quick Slash"],"picked":"PiercingWail","floor":11.0},{"not_picked":["Quick Slash","Well Laid Plans"],"picked":"Envenom","floor":13.0},{"not_picked":["Blade Dance","Eviscerate","PiercingWail"],"picked":"SKIP","floor":14.0},{"not_picked":["Grand Finale","Bullet Time"],"picked":"After Image","floor":16.0},{"not_picked":["Cloak And Dagger","Riddle With Holes+1"],"picked":"Acrobatics","floor":18.0},{"not_picked":["Leg Sweep","Deadly Poison","Deflect+1"],"picked":"SKIP","floor":20.0},{"not_picked":["Bane","Dagger Spray+1","Slice+1"],"picked":"SKIP","floor":24},{"not_picked":["PiercingWail","Dodge and Roll","Quick Slash"],"picked":"SKIP","floor":27},{"not_picked":["Caltrops","Underhanded Strike+1"],"picked":"Backstab","floor":28},{"not_picked":["Dash","Slice"],"picked":"Escape Plan","floor":30},{"not_picked":["Masterful Stab","Skewer+1"],"picked":"Escape Plan","floor":31},{"not_picked":["Wraith Form v2","Bullet Time"],"picked":"Phantasmal Killer","floor":33},{"not_picked":["Dagger Throw","Dodge and Roll"],"picked":"PiercingWail+1","floor":35},{"not_picked":["Deadly Poison+1","Accuracy+1","Poisoned Stab+1"],"picked":"SKIP","floor":35},{"not_picked":["Madness","Good Instincts"],"picked":"Finesse","floor":36},{"not_picked":["Deadly Poison","Dagger Spray"],"picked":"Crippling Poison+1","floor":38},{"not_picked":["Bane","Acrobatics+1"],"picked":"Backstab+1","floor":38},{"not_picked":["Flying Knee","Dagger Throw"],"picked":"After Image","floor":41},{"not_picked":["Infinite Blades","Dagger Spray+1"],"picked":"Concentrate","floor":44},{"not_picked":["Bane+1","Flying Knee"],"picked":"Acrobatics+1","floor":44},{"not_picked":["Concentrate","Backflip"],"picked":"Footwork","floor":45},{"not_picked":["Predator+1","Heel Hook+1"],"picked":"Reflex","floor":45},{"not_picked":["Deadly Poison","Cloak And Dagger","Bane"],"picked":"SKIP","floor":46},{"not_picked":["Flying Knee+1","Cloak And Dagger","Prepared"],"picked":"SKIP","floor":46},{"not_picked":["Envenom","Flying Knee"],"picked":"After Image","floor":48}],"player_experience":237832,"relics_obtained":[{"floor":7.0,"key":"HornCleat"},{"floor":9.0,"key":"Mango"},{"floor":10.0,"key":"Du-Vu Doll"},{"floor":22,"key":"Necronomicon"},{"floor":26,"key":"Tiny Chest"},{"floor":27,"key":"Bird Faced Urn"},{"floor":30,"key":"Calipers"},{"floor":30,"key":"Kunai"},{"floor":34,"key":"Bag of Marbles"},{"floor":34,"key":"Sundial"},{"floor":34,"key":"Prayer Wheel"},{"floor":39,"key":"Mercury Hourglass"},{"floor":41,"key":"Mummified Hand"},{"floor":43,"key":"Darkstone Periapt"},{"floor":47,"key":"Toy Ornithopter"},{"floor":48,"key":"Vajra"}],"event_choices":[{"cards_removed":["Strike_G"],"damage_healed":0.0,"max_hp_gain":0.0,"max_hp_loss":0.0,"gold_gain":0.0,"event_name":"Bonfire Elementals","player_choice":"Offered Basic","floor":3.0,"gold_loss":0.0,"damage_taken":0.0},{"damage_healed":0.0,"max_hp_gain":0.0,"max_hp_loss":0.0,"gold_gain":175.0,"event_name":"Liars Game","player_choice":"AGREE","floor":12.0,"gold_loss":0.0,"damage_taken":0.0,"cards_obtained":["Doubt"]},{"damage_healed":0.0,"max_hp_gain":0.0,"max_hp_loss":0.0,"gold_gain":0.0,"event_name":"FaceTrader","player_choice":"Trade","floor":19.0,"gold_loss":0.0,"damage_taken":0.0,"relics_obtained":["SsserpentHead"]},{"damage_healed":0.0,"max_hp_gain":0.0,"max_hp_loss":0.0,"gold_gain":0.0,"event_name":"Drug Dealer","player_choice":"Inject Mutagens","floor":21.0,"gold_loss":0.0,"damage_taken":0.0,"relics_obtained":["MutagenicStrength"]},{"damage_healed":0,"gold_gain":0,"player_choice":"Obtained Book","damage_taken":16,"max_hp_gain":0,"max_hp_loss":0,"event_name":"Cursed Tome","floor":22,"gold_loss":0},{"damage_healed":0,"gold_gain":99,"player_choice":"Stole From Cult","damage_taken":0,"max_hp_gain":0,"max_hp_loss":0,"event_name":"Nest","floor":25,"gold_loss":0},{"damage_healed":0,"gold_gain":0,"player_choice":"Fight","damage_taken":0,"max_hp_gain":0,"max_hp_loss":0,"event_name":"Colosseum","floor":30,"gold_loss":0},{"damage_healed":0,"gold_gain":0,"player_choice":"Fought Nobs","damage_taken":0,"max_hp_gain":0,"max_hp_loss":0,"event_name":"Colosseum","floor":30,"gold_loss":0},{"damage_healed":0,"gold_gain":0,"player_choice":"Memory 1","damage_taken":0,"max_hp_gain":0,"max_hp_loss":0,"event_name":"SensoryStone","floor":36,"gold_loss":0},{"damage_healed":0,"gold_gain":0,"player_choice":"Upgrade","damage_taken":0,"max_hp_gain":0,"max_hp_loss":0,"event_name":"Designer","floor":42,"gold_loss":40,"cards_upgraded":["After Image"]}],"is_beta":false,"boss_relics":[{"not_picked":["Astrolabe","Fusion Hammer"],"picked":"Pandora\u0027s Box"},{"not_picked":["SacredBark","Cursed Key"],"picked":"Calling Bell"}],"items_purged_floors":[4,37],"is_endless":false,"potions_floor_spawned":[10,11,13,14,16,20,28,30,31,38,41,44,45],"ascension_level":7}}