{"host":"fuszjwm6fqgjjp4d","time":1611551914,"event":{"mods":["BaseMod","Bestiary","Colored Map","DeckTracker","Minty Spire (QoL Compilation)","Permanent Neow","Relic Sorter","Relic Stats","StSLib"],"gold_per_floor":[114,125,125,200,200,200,231,246,294,318,357,357,47,66,66,66,66],"floor_reached":16,"language":"ENG","playtime":333,"items_purged":["Strike_P"],"score":220,"play_id":"051892e5-0118-446b-950b-b79105647ab3","local_time":"20210124231834","is_ascension_mode":true,"campfire_choices":[{"data":"FlurryOfBlows","floor":6.0,"key":"SMITH"},{"floor":12,"key":"REST"},{"data":"ForeignInfluence","floor":15,"key":"SMITH"}],"circlet_count":0,"master_deck":["AscendersBane","Strike_P","Strike_P","Strike_P","Defend_P","Defend_P","Defend_P","Defend_P","Eruption+1","Vigilance","FlyingSleeves","FlurryOfBlows+1","ForeignInfluence+1","Protect","Sanctity","Brilliance","Conclude"],"relics":["SlaversCollar","Golden Idol","Smiling Mask","Centennial Puzzle","Anchor","Oddly Smooth Stone"],"acts_visited":["Exordium"],"potions_floor_usage":[16],"damage_taken":[{"damage":2.0,"enemies":"Cultist","floor":1.0,"turns":3.0},{"damage":7.0,"enemies":"Small Slimes","floor":2.0,"turns":3.0},{"damage":35.0,"enemies":"Lagavulin","floor":7.0,"turns":4.0},{"damage":0.0,"enemies":"2 Louse","floor":8.0,"turns":2.0},{"damage":0.0,"enemies":"Exordium Thugs","floor":10.0,"turns":4.0},{"damage":5,"enemies":"Gremlin Nob","floor":11,"turns":3},{"damage":0,"enemies":"3 Louse","floor":14,"turns":3},{"damage":22,"enemies":"Hexaghost","floor":16,"turns":9}],"seed_played":"2306306946194128555","potions_obtained":[{"floor":8.0,"key":"SkillPotion"},{"floor":10.0,"key":"LiquidMemories"}],"is_trial":false,"path_per_floor":["M","M","?","?","?","R","E","M","T","M","E","R","$","M","R","B"],"character_chosen":"WATCHER","items_purchased":["Oddly Smooth Stone","Conclude"],"campfire_rested":1,"item_purchase_floors":[13,13],"current_hp_per_floor":[59,52,52,41,41,41,6,6,6,6,1,19,19,19,19,0,0],"gold":66,"neow_bonus":"BOSS_RELIC","is_daily":false,"chose_seed":false,"campfire_upgraded":2,"win_rate":0.0,"timestamp":1611551914,"path_taken":["M","?","?","?","?","R","E","M","T","?","E","R","$","M","R","BOSS"],"items_purchased_type":["Relic","Card"],"build_version":"2020-12-22","purchased_purges":1,"victory":false,"max_hp_per_floor":[68,68,62,62,62,62,62,62,62,62,62,62,62,62,62,62,62],"relic_stats":{"Centennial Puzzle":[6],"counters":[8,31],"Golden Idol":26,"Smiling Mask":25,"obtain_stats":[{"SlaversCollar":0,"Centennial Puzzle":9,"Anchor":11,"Golden Idol":3,"Oddly Smooth Stone":13,"PureWater":0,"Smiling Mask":7},{"SlaversCollar":0,"Centennial Puzzle":4,"Anchor":6,"Golden Idol":2,"Oddly Smooth Stone":6,"PureWater":0,"Smiling Mask":3},{"SlaversCollar":0,"Centennial Puzzle":12,"Anchor":19,"Golden Idol":6,"Oddly Smooth Stone":19,"PureWater":0,"Smiling Mask":10}]},"card_choices":[{"not_picked":["Protect","Halt"],"picked":"FlyingSleeves","floor":1.0},{"not_picked":["ClearTheMind","Halt"],"picked":"FlurryOfBlows","floor":2.0},{"not_picked":["EmptyBody","CrushJoints"],"picked":"ForeignInfluence","floor":7.0},{"not_picked":["SignatureMove","ClearTheMind"],"picked":"Protect","floor":8.0},{"not_picked":["BowlingBash","DeusExMachina"],"picked":"Sanctity","floor":10.0},{"not_picked":["Sanctity","ForeignInfluence"],"picked":"Brilliance","floor":11},{"not_picked":["JustLucky","Worship","EmptyMind"],"picked":"SKIP","floor":14}],"player_experience":1346345,"relics_obtained":[{"floor":7.0,"key":"Smiling Mask"},{"floor":9.0,"key":"Centennial Puzzle"},{"floor":11,"key":"Anchor"}],"event_choices":[{"damage_healed":0.0,"max_hp_gain":0.0,"max_hp_loss":6.0,"gold_gain":0.0,"event_name":"Golden Idol","player_choice":"Lose Max HP","floor":3.0,"gold_loss":0.0,"damage_taken":0.0,"relics_obtained":["Golden Idol"]},{"damage_healed":0.0,"max_hp_gain":0.0,"max_hp_loss":0.0,"gold_gain":75.0,"event_name":"World of Goop","player_choice":"Gather Gold","floor":4.0,"gold_loss":0.0,"damage_taken":11.0},{"damage_healed":0.0,"max_hp_gain":0.0,"max_hp_loss":0.0,"gold_gain":0.0,"event_name":"Upgrade Shrine","player_choice":"Upgraded","floor":5.0,"gold_loss":0.0,"damage_taken":0.0,"cards_upgraded":["Eruption"]}],"is_beta":false,"boss_relics":[],"items_purged_floors":[13],"is_endless":false,"potions_floor_spawned":[8,10],"killed_by":"Hexaghost","ascension_level":20}}