{"host":"9l4mw5jqza9qz9hr","time":1611593947,"event":{"mods":["AchievementEnabler","Always Whale","BaseMod","Colored Map","Minty Spire (QoL Compilation)","StSLib","SuperFastMode"],"gold_per_floor":[114,114,64,64,64,94,94,109,134,134,149,149,164,179,179,279,279,294,69,84,84,99,129,144,144,144,159,189,204,104,119,119,219,219,234,234,234,249,73,103,118,118,118,118,51,66,102,132,132,132],"floor_reached":51,"language":"KOR","playtime":7206,"items_purged":["Strike_B","Defend_G","Defend_P"],"score":847,"play_id":"bd259c12-efb2-4895-9d79-11e473576e97","local_time":"20210126015907","daily_mods":["Chimera","Time Dilation","Lethality"],"is_ascension_mode":false,"campfire_choices":[{"data":"Pummel","floor":7,"key":"SMITH"},{"data":"Bash","floor":10,"key":"SMITH"},{"data":"Cleave","floor":12,"key":"SMITH"},{"data":"Flex","floor":15,"key":"SMITH"},{"data":"Limit Break","floor":25,"key":"SMITH"},{"data":"Survivor","floor":32,"key":"SMITH"},{"data":"Warcry","floor":42,"key":"SMITH"},{"data":"Inflame","floor":49,"key":"SMITH"}],"circlet_count":0,"master_deck":["Bash+1","Survivor+1","Zap","Eruption+1","Strike_R+1","Defend_R","Whirlwind+1","Pummel+1","Cleave+1","Flex+1","Limit Break+1","Heavy Blade+1","Pommel Strike+1","Warcry+1","Uppercut+1","Spot Weakness","Heavy Blade+1","Warcry+1","Secret Technique","Secret Technique","Inflame+1","Pommel Strike+1","Disarm+1"],"relics":["Burning Blood","Darkstone Periapt","Omamori","Sozu","Bag of Marbles","Du-Vu Doll","Gremlin Horn","Whetstone","Cursed Key","Bronze Scales","Self Forming Clay","CaptainsWheel","Centennial Puzzle"],"acts_visited":["Exordium","TheCity","TheBeyond"],"potions_floor_usage":[33,50,50],"damage_taken":[{"damage":4,"enemies":"Cultist","floor":1,"turns":3},{"damage":0,"enemies":"Gremlin Nob","floor":6,"turns":2},{"damage":0,"enemies":"2 Louse","floor":8,"turns":1},{"damage":0,"enemies":"Small Slimes","floor":11,"turns":1},{"damage":35,"enemies":"Exordium Thugs","floor":13,"turns":4},{"damage":0,"enemies":"Exordium Wildlife","floor":14,"turns":1},{"damage":0,"enemies":"Slime Boss","floor":16,"turns":3},{"damage":8,"enemies":"2 Thieves","floor":18,"turns":2},{"damage":0,"enemies":"Chosen","floor":20,"turns":1},{"damage":0,"enemies":"3 Cultists","floor":22,"turns":1},{"damage":0,"enemies":"Gremlin Leader","floor":23,"turns":2},{"damage":0,"enemies":"Snake Plant","floor":24,"turns":1},{"damage":0,"enemies":"Sentry and Sphere","floor":27,"turns":1},{"damage":36,"enemies":"Book of Stabbing","floor":28,"turns":3},{"damage":0,"enemies":"Cultist and Chosen","floor":29,"turns":1},{"damage":0,"enemies":"Snake Plant","floor":31,"turns":1},{"damage":4,"enemies":"Champ","floor":33,"turns":3},{"damage":0,"enemies":"3 Darklings","floor":35,"turns":2},{"damage":13,"enemies":"Orb Walker","floor":38,"turns":2},{"damage":0,"enemies":"Reptomancer","floor":40,"turns":1},{"damage":0,"enemies":"Jaw Worm Horde","floor":41,"turns":1},{"damage":0,"enemies":"Spire Growth","floor":46,"turns":2},{"damage":0,"enemies":"2 Orb Walkers","floor":47,"turns":1},{"damage":13,"enemies":"Giant Head","floor":48,"turns":3},{"damage":26,"enemies":"Donu and Deca","floor":50,"turns":3}],"seed_played":"7295166269203286773","potions_obtained":[{"floor":1,"key":"FearPotion"},{"floor":6,"key":"DistilledChaos"},{"floor":8,"key":"Strength Potion"},{"floor":11,"key":"Explosive Potion"}],"is_trial":false,"path_per_floor":["M","?","?","?","?","E","R","M","T","R","M","R","M","M","R","B",null,"M","$","M","?","M","E","M","R","T","M","E","M","$","M","R","B",null,"M","?","?","M","$","E","M","R","T","?","$","M","?","E","R","B",null],"character_chosen":"IRONCLAD","items_purchased":["Bag of Marbles","Warcry","Inflame"],"campfire_rested":0,"item_purchase_floors":[19,39,45],"current_hp_per_floor":[80,85,85,68,68,74,74,80,80,80,85,85,56,62,62,68,85,83,83,85,85,85,85,85,85,85,85,55,61,61,67,67,69,85,85,85,85,78,78,84,85,85,85,75,75,81,85,78,78,58],"gold":132,"neow_bonus":"","is_daily":true,"chose_seed":false,"campfire_upgraded":8,"win_rate":0.0,"timestamp":1611593947,"path_taken":["M","?","?","?","?","E","R","M","T","R","M","R","M","M","R","BOSS","M","$","?","?","M","E","M","R","T","M","E","M","?","M","R","BOSS","M","?","?","M","$","E","M","R","T","?","$","M","?","E","R","BOSS"],"items_purchased_type":["Relic","Card","Card"],"build_version":"2020-12-22","purchased_purges":3,"victory":true,"max_hp_per_floor":[80,85,85,85,85,85,85,85,85,85,85,85,85,85,85,85,85,85,85,85,85,85,85,85,85,85,85,85,85,85,85,85,85,85,85,85,85,85,85,85,85,85,85,85,85,85,85,85,85,85],"card_choices":[{"not_picked":["Bloodletting","Clothesline"],"picked":"Whirlwind","floor":1},{"not_picked":["Seeing Red","Disarm"],"picked":"Pummel","floor":6},{"not_picked":["Fire Breathing","Power Through"],"picked":"Cleave","floor":8},{"not_picked":["Thunderclap","Havoc","Clothesline"],"picked":"SKIP","floor":11},{"not_picked":["Body Slam","Headbutt","Ghostly Armor"],"picked":"SKIP","floor":13},{"not_picked":["Blood for Blood","Clothesline"],"picked":"Flex","floor":14},{"not_picked":["Demon Form","Reaper"],"picked":"Limit Break","floor":16},{"not_picked":["Burning Pact","Shrug It Off"],"picked":"Heavy Blade+1","floor":18},{"not_picked":["Disarm","Body Slam","Whirlwind"],"picked":"SKIP","floor":20},{"not_picked":["Headbutt+1","Metallicize","Twin Strike"],"picked":"SKIP","floor":22},{"not_picked":["Rampage","Dropkick+1"],"picked":"True Grit+1","floor":23},{"not_picked":["Anger","Hemokinesis","Ghostly Armor"],"picked":"SKIP","floor":24},{"not_picked":["Barricade","Infernal Blade+1","Cleave"],"picked":"SKIP","floor":27},{"not_picked":["Armaments","Rage"],"picked":"Pommel Strike+1","floor":28},{"not_picked":["Reckless Charge","Havoc"],"picked":"Warcry+1","floor":29},{"not_picked":["Flex+1","Body Slam+1"],"picked":"Uppercut+1","floor":31},{"not_picked":["Headbutt+1","Wild Strike"],"picked":"Spot Weakness","floor":35},{"not_picked":["Dark Embrace","Clothesline"],"picked":"Heavy Blade+1","floor":38},{"not_picked":["Metallicize","Berserk","Armaments"],"picked":"SKIP","floor":40},{"not_picked":["Heavy Blade+1","Rampage","Hemokinesis+1"],"picked":"SKIP","floor":41},{"not_picked":["Trip","Madness"],"picked":"Secret Technique","floor":44},{"not_picked":["Madness","Enlightenment"],"picked":"Secret Technique","floor":44},{"not_picked":["Havoc+1","Armaments+1"],"picked":"Pommel Strike+1","floor":46},{"not_picked":["Shrug It Off+1","Sever Soul"],"picked":"Disarm+1","floor":47},{"not_picked":["Clothesline+1","Intimidate","Headbutt+1"],"picked":"SKIP","floor":48}],"player_experience":244987,"relics_obtained":[{"floor":6,"key":"Darkstone Periapt"},{"floor":9,"key":"Omamori"},{"floor":23,"key":"Du-Vu Doll"},{"floor":26,"key":"Gremlin Horn"},{"floor":28,"key":"Whetstone"},{"floor":40,"key":"Bronze Scales"},{"floor":43,"key":"Self Forming Clay"},{"floor":47,"key":"CaptainsWheel"},{"floor":48,"key":"Centennial Puzzle"}],"event_choices":[{"damage_healed":0,"gold_gain":0,"player_choice":"Donut","damage_taken":0,"max_hp_gain":5,"max_hp_loss":0,"event_name":"Big Fish","floor":2,"gold_loss":0},{"cards_removed":["Strike_G"],"damage_healed":0,"gold_gain":0,"player_choice":"Card Removal","damage_taken":0,"max_hp_gain":0,"max_hp_loss":0,"event_name":"The Cleric","floor":3,"gold_loss":50},{"damage_healed":0,"gold_gain":0,"player_choice":"Entered Light","damage_taken":17,"max_hp_gain":0,"max_hp_loss":0,"event_name":"Shining Light","floor":4,"gold_loss":0,"cards_upgraded":["Strike_R","Whirlwind"]},{"damage_healed":0,"gold_gain":0,"player_choice":"Upgraded","damage_taken":0,"max_hp_gain":0,"max_hp_loss":0,"event_name":"Upgrade Shrine","floor":5,"gold_loss":0,"cards_upgraded":["Eruption"]},{"damage_healed":0,"gold_gain":0,"player_choice":"0 cards matched","damage_taken":0,"max_hp_gain":0,"max_hp_loss":0,"event_name":"Match and Keep!","floor":21,"gold_loss":0,"cards_obtained":[]},{"damage_healed":0,"gold_gain":0,"player_choice":"Ignored","damage_taken":0,"max_hp_gain":0,"max_hp_loss":0,"event_name":"Tomb of Lord Red Mask","floor":36,"gold_loss":0},{"cards_removed":["True Grit"],"damage_healed":0,"gold_gain":0,"player_choice":"Removed Skill","damage_taken":0,"max_hp_gain":0,"max_hp_loss":0,"event_name":"Falling","floor":37,"gold_loss":0},{"damage_healed":0,"gold_gain":0,"player_choice":"Memory 3","damage_taken":10,"max_hp_gain":0,"max_hp_loss":0,"event_name":"SensoryStone","floor":44,"gold_loss":0},{"damage_healed":0,"gold_gain":0,"player_choice":"Fight","damage_taken":0,"max_hp_gain":0,"max_hp_loss":0,"event_name":"Mysterious Sphere","floor":47,"gold_loss":0}],"is_beta":false,"boss_relics":[{"not_picked":["Pandora\u0027s Box","Fusion Hammer"],"picked":"Sozu"},{"not_picked":["Busted Crown","Velvet Choker"],"picked":"Cursed Key"}],"items_purged_floors":[19,30,39],"is_endless":false,"potions_floor_spawned":[1,6,8,11,22,27,29,31,40,41,46,47],"ascension_level":0}}