{"host":"1tl36azeqm6yhdgj","time":1611593211,"event":{"mods":["AchievementEnabler","BaseMod","Minty Spire (QoL Compilation)","StSLib","The IronCluck","everything is the same but u backflip on backflip"],"gold_per_floor":[114,114,127,145,161,187,246,246,246,1,20,34,34,59,59,136,136,152,152,152,169,184,184,196,223,223,223,242,242,242],"floor_reached":29,"language":"ENG","playtime":964,"items_purged":[],"score":514,"play_id":"b2454982-6787-4b6b-8c2d-076036d1fdd3","local_time":"20210125114651","is_ascension_mode":true,"campfire_choices":[{"data":"Flame Barrier","floor":8.0,"key":"SMITH"},{"data":"Thunderclap","floor":13.0,"key":"SMITH"},{"floor":15.0,"key":"REST"},{"floor":23.0,"key":"RECALL"},{"floor":27,"key":"REST"}],"circlet_count":0,"master_deck":["AscendersBane","Strike_R+1","Strike_R+1","Strike_R","Strike_R","Defend_R","Defend_R+1","Defend_R+1","Defend_R","Bash","Cleave","Bludgeon","Flame Barrier+1","Flex","Shrug It Off","Shockwave","Dropkick","Thunderclap+1","Reckless Charge","Reaper","Spot Weakness"],"relics":["Burning Blood","Whetstone","War Paint","Omamori","Blue Candle","Busted Crown","Peace Pipe","Matryoshka"],"acts_visited":["Exordium","TheCity"],"potions_floor_usage":[],"damage_taken":[{"damage":6.0,"enemies":"Cultist","floor":1.0,"turns":3.0},{"damage":2.0,"enemies":"2 Louse","floor":3.0,"turns":3.0},{"damage":7.0,"enemies":"Jaw Worm","floor":4.0,"turns":3.0},{"damage":13.0,"enemies":"Blue Slaver","floor":5.0,"turns":2.0},{"damage":9.0,"enemies":"3 Sentries","floor":6.0,"turns":8.0},{"damage":0.0,"enemies":"2 Fungi Beasts","floor":11.0,"turns":3.0},{"damage":5.0,"enemies":"Large Slime","floor":12.0,"turns":5.0},{"damage":28.0,"enemies":"Gremlin Nob","floor":14.0,"turns":4.0},{"damage":35.0,"enemies":"The Guardian","floor":16.0,"turns":13.0},{"damage":16.0,"enemies":"Shell Parasite","floor":18.0,"turns":7.0},{"damage":16.0,"enemies":"3 Byrds","floor":21.0,"turns":4.0},{"damage":3.0,"enemies":"Centurion and Healer","floor":22.0,"turns":6.0},{"damage":26.0,"enemies":"Cultist and Chosen","floor":24.0,"turns":7.0},{"damage":48,"enemies":"Slavers","floor":25,"turns":8},{"damage":21,"enemies":"Shelled Parasite and Fungi","floor":28,"turns":5},{"damage":56,"enemies":"Gremlin Leader","floor":29,"turns":6}],"seed_played":"-2913379473503564346","potions_obtained":[{"floor":4.0,"key":"Explosive Potion"},{"floor":5.0,"key":"ColorlessPotion"},{"floor":14.0,"key":"Strength Potion"},{"floor":18.0,"key":"Weak Potion"},{"floor":22.0,"key":"DistilledChaos"}],"is_trial":false,"path_per_floor":["M","?","M","M","M","E","?","R","T","$","M","M","R","E","R","B",null,"M","?","?","M","M","R","M","E","T","R","M","E"],"character_chosen":"IRONCLAD","items_purchased":["Omamori","Dropkick"],"campfire_rested":2,"item_purchase_floors":[10,10],"current_hp_per_floor":[68,68,72,71,64,61,61,61,61,61,67,68,68,46,68,39,66,65,65,65,65,75,75,61,33,33,55,52,0,0],"gold":242,"neow_bonus":"RANDOM_COMMON_RELIC","is_daily":false,"chose_seed":false,"campfire_upgraded":2,"win_rate":0.0,"timestamp":1611593211,"path_taken":["M","?","M","M","M","E","?","R","T","$","M","?","R","E","R","BOSS","M","?","?","M","M","R","M","E","T","R","M","E"],"items_purchased_type":["Relic","Card"],"build_version":"2020-12-22","purchased_purges":0,"victory":false,"max_hp_per_floor":[75,75,75,75,75,75,75,75,75,75,75,75,75,75,75,75,75,75,75,75,75,75,75,75,75,75,75,75,75,75],"card_choices":[{"not_picked":["Iron Wave","Body Slam"],"picked":"Cleave","floor":1.0},{"not_picked":["Dark Embrace","Wild Strike"],"picked":"Flame Barrier","floor":3.0},{"not_picked":["Perfected Strike","Wild Strike"],"picked":"Flex","floor":4.0},{"not_picked":["Havoc","Anger"],"picked":"Shrug It Off","floor":5.0},{"not_picked":["Body Slam","Wild Strike"],"picked":"Shockwave","floor":6.0},{"not_picked":["Shrug It Off","Shockwave","Sword Boomerang"],"picked":"SKIP","floor":11.0},{"not_picked":["Body Slam","Cleave"],"picked":"Thunderclap","floor":12.0},{"not_picked":["Dual Wield","Perfected Strike"],"picked":"Reckless Charge","floor":14.0},{"not_picked":["Brutality","Berserk"],"picked":"Reaper","floor":16.0},{"not_picked":["Armaments"],"picked":"SKIP","floor":18.0},{"not_picked":["Shrug It Off"],"picked":"SKIP","floor":21.0},{"not_picked":["Evolve"],"picked":"SKIP","floor":22.0},{"not_picked":["Iron Wave"],"picked":"SKIP","floor":24.0},{"not_picked":["Body Slam"],"picked":"SKIP","floor":25},{"not_picked":["Sever Soul"],"picked":"SKIP","floor":28}],"player_experience":2046958,"relics_obtained":[{"floor":6.0,"key":"War Paint"},{"floor":14.0,"key":"Blue Candle"},{"floor":25,"key":"Peace Pipe"},{"floor":26,"key":"Matryoshka"}],"event_choices":[{"damage_healed":0.0,"max_hp_gain":0.0,"max_hp_loss":0.0,"gold_gain":0.0,"cards_transformed":["Strike_R"],"event_name":"Living Wall","player_choice":"Change","floor":2.0,"gold_loss":0.0,"damage_taken":0.0,"cards_obtained":["Bludgeon"]},{"damage_healed":0.0,"max_hp_gain":0.0,"max_hp_loss":0.0,"gold_gain":59.0,"event_name":"Golden Wing","player_choice":"Gained Gold","floor":7.0,"gold_loss":0.0,"damage_taken":0.0},{"damage_healed":0.0,"max_hp_gain":0.0,"max_hp_loss":0.0,"gold_gain":0.0,"event_name":"The Library","player_choice":"Read","floor":19.0,"gold_loss":0.0,"damage_taken":0.0,"cards_obtained":["Spot Weakness"]},{"damage_healed":0.0,"max_hp_gain":0.0,"max_hp_loss":0.0,"gold_gain":0.0,"event_name":"Vampires","player_choice":"Ignored","floor":20.0,"gold_loss":0.0,"damage_taken":0.0}],"is_beta":false,"boss_relics":[{"not_picked":["Cursed Key","Philosopher\u0027s Stone"],"picked":"Busted Crown"}],"items_purged_floors":[],"is_endless":false,"potions_floor_spawned":[4,5,14,18,22],"killed_by":"Gremlin Leader","ascension_level":20}}