{"host":"pi8b3ffzwvxqztac","time":1611536863,"event":{"mods":["BaseMod","Colored Map","Downfall","Minty Spire (QoL Compilation)","StSLib"],"gold_per_floor":[99,99,125,138,138,170,170,182,208,8,24,9,9,184,202,298,298,198,208,208,227,247,259,283,140,171,189,189,208,208,224,234,332,382,382,400,400,400,415,150,150,128,128,128,145,145,145,2,18,18,18,18],"floor_reached":50,"language":"ENG","playtime":3531,"items_purged":["downfall:Bewildered","Doubt","champ:Strike"],"score":665,"play_id":"8853a722-d0a2-4f35-9d61-563c5c16b13a","local_time":"20210125140743","is_ascension_mode":true,"campfire_choices":[{"floor":1.0,"key":"RECALL"},{"data":"champ:Taunt","floor":10.0,"key":"SMITH"},{"data":"champ:HoldFirm","floor":13.0,"key":"SMITH"},{"data":"champ:EnchantCrown","floor":18.0,"key":"SMITH"},{"floor":28,"key":"REST"},{"data":"champ:TripleStrike","floor":30,"key":"SMITH"},{"data":"champ:GladiatorForm","floor":35,"key":"SMITH"},{"data":"champ:ShieldWall","floor":43,"key":"SMITH"},{"data":"champ:PerfectedStrike","floor":46,"key":"SMITH"}],"circlet_count":0,"master_deck":["champ:Strike+1","champ:Strike","champ:Strike","champ:Defend","champ:Defend","champ:Defend","champ:Defend","champ:Execute+1","champ:Taunt+1","champ:ShieldWall+1","champ:AdrenalArmor","champ:BerserkersShout","champ:HoldFirm+1","champ:TornadoPunch","champ:Backstep+1","champ:EnchantCrown+1","champ:Endure+1","champ:EnGarde+1","champ:BringItOn+1","champ:TripleStrike+1","champ:GladiatorStyle","champ:DefensiveShout","champ:PerfectedStrike+1","champ:DefensiveStyle+1","champ:IronFortress","champ:PerfectedStrike+1","champ:GutPunch","champ:GladiatorForm+1","champ:Shatter+1","champ:PreciseThrust+1","champ:ShieldSigil","champ:ShieldSigil+1","champ:StanceDance","champ:GutPunch+1","champ:ShieldSlam+1","champ:FanOfKnives+1","champ:AdrenalArmor+1","champ:AdrenalArmor+1"],"relics":["champ:ChampionCrown","downfall:ShatteredFragment","Dream Catcher","Nunchaku","Question Card","downfall:HeartBlessingGreen","downfall:HeartBlessingRed","sneckomod:SneckoTalon","downfall:HeartBlessingBlue","sneckomod:BabySnecko","Ancient Tea Set","Happy Flower","Tiny House","Ice Cream","Orrery","Whetstone","hexamod:CandleOfCauterizing","Bottled Flame","champ:FightingForDummies"],"acts_visited":["Exordium","TheCity","TheBeyond"],"potions_floor_usage":[19,19,22,22,26,27,31,33,45,49,50,50],"damage_taken":[{"damage":17.0,"enemies":"Jaw Worm","floor":4.0,"turns":4.0},{"damage":55.0,"enemies":"Lagavulin","floor":6.0,"turns":7.0},{"damage":1.0,"enemies":"2 Louse","floor":8.0,"turns":3.0},{"damage":65.0,"enemies":"3 Sentries","floor":9.0,"turns":6.0},{"damage":10.0,"enemies":"Cultist","floor":11.0,"turns":3.0},{"damage":25.0,"enemies":"downfall:FleeingMerchant","floor":12.0,"turns":4.0},{"damage":23.0,"enemies":"2 Fungi Beasts","floor":15.0,"turns":3.0},{"damage":51.0,"enemies":"DF_ARCHETYPE_STREAMLINE","floor":16.0,"turns":12.0},{"damage":25,"enemies":"Chosen","floor":19,"turns":4},{"damage":27,"enemies":"3 Byrds","floor":21,"turns":4},{"damage":20,"enemies":"3 Cultists","floor":22,"turns":5},{"damage":5,"enemies":"Cultist and Chosen","floor":23,"turns":5},{"damage":44,"enemies":"downfall:FleeingMerchant","floor":25,"turns":4},{"damage":46,"enemies":"Gremlin Leader","floor":26,"turns":7},{"damage":18,"enemies":"Snake Plant","floor":27,"turns":2},{"damage":25,"enemies":"Sentry and Sphere","floor":29,"turns":3},{"damage":12,"enemies":"Centurion and Healer","floor":31,"turns":5},{"damage":5,"enemies":"3 Cultists","floor":32,"turns":2},{"damage":21,"enemies":"WA_ARCHETYPE_CALM","floor":33,"turns":9},{"damage":35,"enemies":"Orb Walker","floor":36,"turns":4},{"damage":30,"enemies":"3 Shapes","floor":39,"turns":3},{"damage":50,"enemies":"downfall:FleeingMerchant","floor":40,"turns":4},{"damage":20,"enemies":"downfall:FleeingMerchant","floor":42,"turns":4},{"damage":45,"enemies":"Maw","floor":45,"turns":5},{"damage":49,"enemies":"Writhing Mass","floor":49,"turns":4},{"damage":95,"enemies":"IC_BLOCK_ARCHETYPE","floor":50,"turns":4}],"seed_played":"7732110978068603387","potions_obtained":[{"floor":6.0,"key":"SteroidPotion"},{"floor":9.0,"key":"SteroidPotion"},{"floor":15.0,"key":"champ:UltimateStancePotion"},{"floor":16.0,"key":"Guardian:BlockOnCardUsePotion"},{"floor":19,"key":"PowerPotion"},{"floor":21,"key":"Energy Potion"},{"floor":26,"key":"champ:CounterPotion"},{"floor":27,"key":"DuplicationPotion"},{"floor":29,"key":"hexamod:SoulburnPotion"},{"floor":31,"key":"sneckomod:MuddlingPotion"},{"floor":34,"key":"BlessingOfTheForge"},{"floor":36,"key":"champ:OpenerPotion"},{"floor":49,"key":"ColorlessPotion"}],"is_trial":false,"path_per_floor":["R","?","T","M","?","E","T","M","E","R","M","$","R","?","M","B",null,"R","M","?","M","M","M","T","$","E","M","R","M","R","M","M","B",null,"R","M","?","T","M","?","T","$","R","$","M","R","T","$","M","B"],"character_chosen":"THE_CHAMP","items_purchased":["champ:DefensiveShout","Orrery","hexamod:CandleOfCauterizing","champ:FightingForDummies"],"campfire_rested":1,"item_purchase_floors":[25,40,42,48],"current_hp_per_floor":[99,72,72,70,65,55,55,54,44,44,44,44,44,44,41,25,81,91,91,91,79,79,79,79,70,49,31,63,63,63,61,61,55,101,101,91,91,91,91,91,91,91,91,91,76,76,76,76,52,0,0,0],"gold":18,"neow_bonus":"TEN_PERCENT_HP_BONUS","is_daily":false,"chose_seed":false,"campfire_upgraded":7,"win_rate":0.0,"timestamp":1611536863,"path_taken":["R","?","?","M","?","E","T","?","E","R","M","$","R","?","M","BOSS","R","M","?","M","M","M","T","$","E","M","R","M","R","M","M","BOSS","R","M","?","?","M","?","T","?","R","$","?","R","?","$","M","BOSS"],"items_purchased_type":["Card","Relic","Relic","Relic"],"build_version":"2020-12-22","purchased_purges":3,"victory":false,"max_hp_per_floor":[99,99,99,99,99,99,99,99,99,99,99,99,99,99,99,99,99,109,109,109,109,109,109,109,109,109,109,109,109,109,109,109,109,114,114,114,114,114,114,114,114,114,114,114,114,114,114,114,114,114,114,114],"card_choices":[{"not_picked":["champ:Backstep","champ:BerserkersShout"],"picked":"champ:ShieldWall","floor":4.0},{"not_picked":["champ:CalledShot","champ:FaceSlap"],"picked":"champ:AdrenalArmor","floor":6.0},{"not_picked":["champ:RecklessLeap","champ:CalledShot"],"picked":"champ:BerserkersShout","floor":8.0},{"not_picked":["champ:BerserkersShout","champ:FalseCounter"],"picked":"champ:HoldFirm","floor":9.0},{"not_picked":["champ:FancyFootwork","champ:EnragedBash","champ:ViciousMockery"],"picked":"champ:GladiatorStyle","floor":11.0},{"not_picked":["champ:BerserkerStyle","champ:SwordSigil","champ:ShieldSigil"],"picked":"champ:TornadoPunch","floor":12.0},{"not_picked":["champ:TornadoPunch","champ:FaceSlap","champ:PreciseThrust"],"picked":"champ:Backstep","floor":15.0},{"not_picked":["champ:MurderStrike","champ:DancingMaster","champ:ShieldThrow"],"picked":"champ:EnchantCrown","floor":16.0},{"not_picked":["champ:Shatter","champ:EnGarde+1","champ:GutPunch"],"picked":"champ:Endure+1","floor":19},{"not_picked":["champ:RisingSlash","champ:RapidStrikes","champ:FocusedDefense+1"],"picked":"champ:EnGarde+1","floor":21},{"not_picked":["champ:DefensiveShout","champ:TornadoPunch","champ:BerserkersShout"],"picked":"champ:BringItOn+1","floor":22},{"not_picked":["champ:RageSigil","champ:DefensiveShout+1","champ:BringItOn"],"picked":"champ:TripleStrike","floor":23},{"not_picked":["champ:DefensiveShout","champ:DeathBlow","champ:EndlessRage+1"],"picked":"champ:GladiatorStyle","floor":25},{"not_picked":["champ:PreemptiveStrike","champ:StanceDance+1","champ:Parry"],"picked":"champ:PerfectedStrike+1","floor":26},{"not_picked":["champ:StanceDance","champ:FaceSlap","champ:Endure"],"picked":"champ:DefensiveStyle+1","floor":27},{"not_picked":["champ:DeathBlow","champ:CrownThrow","champ:RisingSlash+1"],"picked":"champ:IronFortress","floor":29},{"not_picked":["champ:Haymaker+1","champ:PreemptiveStrike+1","champ:SkillfulDodge"],"picked":"champ:PerfectedStrike","floor":31},{"not_picked":["champ:Backstep","champ:ArenaPreparation+1","champ:Haymaker"],"picked":"champ:GutPunch","floor":32},{"not_picked":["champ:UltimateStance","champ:ShieldThrow","champ:IgnorePain"],"picked":"champ:GladiatorForm","floor":33},{"not_picked":["champ:ShieldSigil","champ:DefensiveShout","champ:Circumvent"],"picked":"champ:Shatter+1","floor":34},{"not_picked":["champ:HeartStrike+1","champ:TornadoPunch","champ:Shatter+1"],"picked":"champ:PreciseThrust+1","floor":36},{"not_picked":["champ:FalseCounter+1","champ:SwordSigil+1","champ:EndlessRage+1"],"picked":"champ:ShieldSigil","floor":39},{"not_picked":["champ:Shatter","champ:EnGarde","champ:SwordSigil+1"],"picked":"champ:ShieldSigil+1","floor":40},{"not_picked":["champ:RecklessLeap","champ:BerserkersShout+1","champ:BerserkerStyle"],"picked":"champ:StanceDance","floor":40},{"not_picked":["champ:GladiatorStyle+1","champ:ArenaPreparation+1","champ:EnGarde+1"],"picked":"champ:GutPunch+1","floor":40},{"not_picked":["champ:ArenaPreparation+1","champ:Encircle","champ:BerserkerStyle+1"],"picked":"champ:ShieldSlam+1","floor":40},{"not_picked":["champ:BerserkersShout","champ:SkillfulDodge+1","champ:AdrenalArmor"],"picked":"champ:FanOfKnives+1","floor":40},{"not_picked":["champ:FancyFootwork+1","champ:EnGarde","champ:Shatter+1"],"picked":"champ:AdrenalArmor+1","floor":42},{"not_picked":["champ:ShieldSigil","champ:DefensiveStyle","champ:BerserkerStyle"],"picked":"champ:AdrenalArmor+1","floor":45},{"not_picked":["champ:StanceDance+1","champ:PerfectedStrike+1","champ:SwordThrow","champ:FlashCut+1"],"picked":"SKIP","floor":49}],"player_experience":600567,"relics_obtained":[{"floor":6.0,"key":"Dream Catcher"},{"floor":7.0,"key":"Nunchaku"},{"floor":9.0,"key":"Question Card"},{"floor":24,"key":"Ancient Tea Set"},{"floor":26,"key":"Happy Flower"},{"floor":38,"key":"Ice Cream"},{"floor":41,"key":"Whetstone"},{"floor":47,"key":"Bottled Flame"}],"event_choices":[{"cards_removed":["champ:GladiatorStyle"],"damage_healed":0,"gold_gain":0,"player_choice":"Removed Power","damage_taken":0,"max_hp_gain":0,"max_hp_loss":0,"event_name":"Falling","floor":37,"gold_loss":0}],"is_beta":false,"boss_relics":[{"not_picked":["Coffee Dripper","champ:ChampionCrownUpgraded"],"picked":"sneckomod:SneckoTalon"},{"not_picked":["SacredBark","SlaversCollar"],"picked":"Tiny House"}],"items_purged_floors":[25,40,42],"is_endless":false,"potions_floor_spawned":[6,9,15,16,19,21,26,27,29,31,36,49],"killed_by":"IC_BLOCK_ARCHETYPE","ascension_level":5}}