{"host":"ha6p5pdchuduffeg","time":1611540134,"event":{"mods":["Act Like it!","BaseMod","Gensokyo","KinomotoSakuraMod(ƒæ÷Æ±æ”£)","Koishi","Marisa£®ÏF”Í°°ƒß¿Ì…≥£©","Minty Spire (QoL Compilation)","Reimu£®≤©¿ˆ¡È√Œ£©","Remilia£®¿Ÿ√◊¿Ú—«£©","Replay The Spire","StSLib","The Servant 0.9.4","Youmu£®ªÍ∆«—˝√Œ£©"],"gold_per_floor":[117,29,29,104,104,104,129,129,183,183,193,208,208,208,208,306,306,316,316,67,77,88,117,117,131,131,131,131,166,183,196,196,196,196],"floor_reached":33,"language":"ZHS","playtime":1980,"items_purged":[],"score":393,"play_id":"52238b19-a3f7-41c9-9952-953dcf5f33cb","local_time":"20210125100214","is_ascension_mode":true,"campfire_choices":[{"data":"Bash","floor":6.0,"key":"SMITH"},{"floor":8.0,"key":"REST"},{"floor":10.0,"key":"REST"},{"data":"Infernal Blade","floor":13.0,"key":"SMITH"},{"data":"Perfected Strike","floor":15.0,"key":"SMITH"},{"floor":24.0,"key":"REST"},{"floor":28.0,"key":"REST"},{"floor":32,"key":"REST"}],"circlet_count":0,"master_deck":["Strike_R","Strike_R","Strike_R","Strike_R","Strike_R","Defend_R","Defend_R","Defend_R","Defend_R","Bash+1","Discovery+1","Impervious","Perfected Strike+1","Shrug It Off","Cleave","Infernal Blade+1","Rampage","ReplayTheSpireMod:Stacked+1","Bludgeon","Shockwave"],"relics":["Burning Blood","Bag of Marbles","Prayer Wheel","Strawberry","Anchor","Philosopher\u0027s Stone","Darkstone Periapt","Bag of Preparation","Pear","Happy Flower"],"acts_visited":[],"potions_floor_usage":[31,33,33],"damage_taken":[{"damage":7.0,"enemies":"Small Slimes","floor":1.0,"turns":4.0},{"damage":35.0,"enemies":"3 Sentries","floor":7.0,"turns":9.0},{"damage":7.0,"enemies":"Jaw Worm","floor":11.0,"turns":3.0},{"damage":2.0,"enemies":"2 Louse","floor":12.0,"turns":2.0},{"damage":66.0,"enemies":"Hexaghost","floor":16.0,"turns":9.0},{"damage":0.0,"enemies":"Chosen","floor":18.0,"turns":3.0},{"damage":2.0,"enemies":"Shell Parasite","floor":21.0,"turns":3.0},{"damage":4.0,"enemies":"Centurion and Healer","floor":22.0,"turns":5.0},{"damage":67.0,"enemies":"Book of Stabbing","floor":23.0,"turns":7.0},{"damage":39.0,"enemies":"Snake Plant","floor":25.0,"turns":4.0},{"damage":30.0,"enemies":"Slavers","floor":29.0,"turns":6.0},{"damage":3.0,"enemies":"Snecko","floor":30.0,"turns":4.0},{"damage":0,"enemies":"Centurion and Healer","floor":31,"turns":2},{"damage":59,"enemies":"Champ","floor":33,"turns":9}],"seed_played":"4907390292685782373","potions_obtained":[{"floor":11.0,"key":"BlessingOfTheForge"},{"floor":16.0,"key":"Strength Potion"},{"floor":19.0,"key":"CultistPotion"},{"floor":31,"key":"AttackPotion"}],"is_trial":false,"path_per_floor":["M","$","?","?","?","R","E","R","T","R","M","M","R","?","R","B",null,"M","?","$","M","M","E","R","M","T","$","R","E","M","M","R","B"],"character_chosen":"IRONCLAD","items_purchased":["Discovery","Darkstone Periapt"],"campfire_rested":5,"item_purchase_floors":[2,20],"current_hp_per_floor":[71,71,71,60,60,60,31,55,62,87,86,87,87,75,75,15,69,75,75,75,79,81,20,46,13,23,23,52,28,31,37,66,7,7],"gold":196,"neow_bonus":"RANDOM_COMMON_RELIC","is_daily":false,"chose_seed":false,"campfire_upgraded":3,"win_rate":0.0,"timestamp":1611540134,"path_taken":["M","$","?","?","?","R","E","R","T","R","?","M","R","?","R","BOSS","M","?","$","?","M","E","R","M","T","$","R","E","M","M","R","BOSS"],"items_purchased_type":["Card","Relic"],"build_version":"2020-12-22","purchased_purges":0,"victory":false,"max_hp_per_floor":[80,80,80,80,80,80,80,80,87,87,87,87,87,87,87,87,87,87,87,87,87,87,87,87,87,97,97,97,97,97,97,97,97,97],"card_choices":[{"not_picked":["Wild Strike","Iron Wave","Fire Breathing"],"picked":"SKIP","floor":1.0},{"not_picked":["Body Slam","Dark Embrace"],"picked":"Impervious","floor":7.0},{"not_picked":["Iron Wave","Pommel Strike"],"picked":"Perfected Strike","floor":11.0},{"not_picked":["Clash","Headbutt"],"picked":"Shrug It Off","floor":11.0},{"not_picked":["Anger","Twin Strike"],"picked":"Cleave","floor":12.0},{"not_picked":["Wild Strike","Sentinel"],"picked":"Infernal Blade","floor":12.0},{"not_picked":["Evolve","Armaments","Pommel Strike"],"picked":"SKIP","floor":18.0},{"not_picked":["Anger+1","Cleave","Searing Blow"],"picked":"SKIP","floor":18.0},{"not_picked":["Infernal Blade","Shockwave"],"picked":"Rampage","floor":21.0},{"not_picked":["Clash","Shrug It Off","Searing Blow"],"picked":"SKIP","floor":21.0},{"not_picked":["Reckless Charge","Wild Strike","Dark Embrace+1"],"picked":"SKIP","floor":22.0},{"not_picked":["Headbutt+1","Shrug It Off","Flame Barrier+1"],"picked":"SKIP","floor":22.0},{"not_picked":["Combust","Heavy Blade","Power Through"],"picked":"SKIP","floor":23.0},{"not_picked":["ReplayTheSpireMod:Strike From Hell","Thunderclap"],"picked":"ReplayTheSpireMod:Stacked+1","floor":25.0},{"not_picked":["Anger","Twin Strike"],"picked":"Bludgeon","floor":25.0},{"not_picked":["Replay:Many Hands","Entrench","Shrug It Off"],"picked":"SKIP","floor":29.0},{"not_picked":["Massacre","Dropkick","Carnage"],"picked":"SKIP","floor":30.0},{"not_picked":["Rupture","Anger","Thunderclap+1"],"picked":"SKIP","floor":30.0},{"not_picked":["Warcry+1","Sword Boomerang"],"picked":"Shockwave","floor":31},{"not_picked":["Iron Wave+1","ReplayTheSpireMod:Strike From Hell","Armaments+1"],"picked":"SKIP","floor":31}],"player_experience":89925,"relics_obtained":[{"floor":7.0,"key":"Prayer Wheel"},{"floor":9.0,"key":"Strawberry"},{"floor":23.0,"key":"Bag of Preparation"},{"floor":26.0,"key":"Pear"},{"floor":29.0,"key":"Happy Flower"}],"event_choices":[{"damage_healed":0.0,"max_hp_gain":0.0,"max_hp_loss":0.0,"gold_gain":0.0,"event_name":"Shining Light","player_choice":"Ignored","floor":3.0,"gold_loss":0.0,"damage_taken":0.0},{"damage_healed":0.0,"max_hp_gain":0.0,"max_hp_loss":0.0,"gold_gain":75.0,"event_name":"World of Goop","player_choice":"Gather Gold","floor":4.0,"gold_loss":0.0,"damage_taken":11.0},{"damage_healed":0.0,"max_hp_gain":0.0,"max_hp_loss":0.0,"gold_gain":0.0,"event_name":"Upgrade Shrine","player_choice":"Upgraded","floor":5.0,"gold_loss":0.0,"damage_taken":0.0,"cards_upgraded":["Discovery"]},{"damage_healed":0.0,"max_hp_gain":0.0,"max_hp_loss":0.0,"gold_gain":0.0,"event_name":"Scrap Ooze","player_choice":"Success","floor":14.0,"gold_loss":0.0,"damage_taken":12.0,"relics_obtained":["Anchor"]},{"damage_healed":0.0,"max_hp_gain":0.0,"max_hp_loss":0.0,"gold_gain":0.0,"event_name":"Lab","player_choice":"Got Potions","floor":19.0,"gold_loss":0.0,"damage_taken":0.0}],"is_beta":false,"boss_relics":[{"not_picked":["Runic Dome","Busted Crown"],"picked":"Philosopher\u0027s Stone"}],"items_purged_floors":[],"is_endless":false,"potions_floor_spawned":[11,16,21,25,29,31],"killed_by":"Champ","ascension_level":6}}