{"host":"z2o61o1qvcmvhuul","time":1611592647,"event":{"mods":["BaseMod","Minty Spire (QoL Compilation)","Quick Restart","StSLib","SuperFastMode"],"gold_per_floor":[115,13,24,42,117,117,131,131,131,131,192,208,239,231,243,350,362,392,404,434,464,495,507,533,565,600,631,643,754,766,527,527,631,631,647,647,647,522,522,551,551,566,593,593,593,391,406,426,426,426],"floor_reached":51,"language":"ZHS","playtime":1636,"items_purged":["Defend_G","Strike_G","Strike_G","Strike_G+1"],"score":1078,"play_id":"bb240414-9eae-4b9b-8943-c8f7d2f0adaf","local_time":"20210126003727","is_ascension_mode":true,"campfire_choices":[{"data":"Footwork","floor":6.0,"key":"SMITH"},{"data":"Well Laid Plans","floor":8.0,"key":"SMITH"},{"data":"Blade Dance","floor":10.0,"key":"SMITH"},{"data":"Neutralize","floor":15.0,"key":"SMITH"},{"floor":23,"key":"REST"},{"data":"Acrobatics","floor":30,"key":"SMITH"},{"data":"Acrobatics","floor":32,"key":"SMITH"},{"floor":41,"key":"RECALL"}],"circlet_count":0,"master_deck":["Defend_G+1","Defend_G+1","Defend_G+1","Defend_G+1","Survivor+1","Neutralize+1","Blade Dance+1","Acrobatics+1","Footwork+1","Well Laid Plans+1","Corpse Explosion+1","Deflect+1","Dodge and Roll+1","A Thousand Cuts+1","Glass Knife+1","Storm of Steel+1","Blade Dance+1","Acrobatics+1","Escape Plan+1","Terror+1","Concentrate+1","PiercingWail+1","Adrenaline+1","Envenom+1","Master of Strategy+1","Backflip+1"],"relics":["Ring of the Snake","NeowsBlessing","Kunai","FossilizedHelix","MawBank","Astrolabe","Snake Skull","Oddly Smooth Stone","Coffee Dripper","Mark of the Bloom","Torii","Smiling Mask","Orrery"],"acts_visited":["Exordium","TheCity","TheBeyond"],"potions_floor_usage":[33,33,48,50,50],"damage_taken":[{"damage":0.0,"enemies":"Jaw Worm","floor":1.0,"turns":1.0},{"damage":0.0,"enemies":"Cultist","floor":3.0,"turns":1.0},{"damage":0.0,"enemies":"Small Slimes","floor":4.0,"turns":1.0},{"damage":3.0,"enemies":"Looter","floor":7.0,"turns":4.0},{"damage":23.0,"enemies":"Gremlin Nob","floor":11.0,"turns":4.0},{"damage":17.0,"enemies":"Exordium Thugs","floor":12.0,"turns":4.0},{"damage":10.0,"enemies":"Lagavulin","floor":13.0,"turns":5.0},{"damage":0.0,"enemies":"The Guardian","floor":16.0,"turns":13.0},{"damage":0.0,"enemies":"Shell Parasite","floor":18.0,"turns":4.0},{"damage":9.0,"enemies":"Spheric Guardian","floor":20.0,"turns":5.0},{"damage":14.0,"enemies":"Centurion and Healer","floor":21.0,"turns":4.0},{"damage":12.0,"enemies":"Snake Plant","floor":22.0,"turns":4.0},{"damage":6,"enemies":"Chosen and Byrds","floor":24,"turns":4},{"damage":0,"enemies":"Snecko","floor":25,"turns":5},{"damage":0,"enemies":"Centurion and Healer","floor":27,"turns":5},{"damage":20,"enemies":"Automaton","floor":33,"turns":12},{"damage":0,"enemies":"3 Darklings","floor":35,"turns":4},{"damage":0,"enemies":"Nemesis","floor":40,"turns":3},{"damage":0,"enemies":"3 Shapes","floor":42,"turns":1},{"damage":0,"enemies":"Maw","floor":47,"turns":5},{"damage":0,"enemies":"Writhing Mass","floor":48,"turns":5},{"damage":0,"enemies":"Donu and Deca","floor":50,"turns":5}],"seed_played":"-8047413781177097851","potions_obtained":[{"floor":1.0,"key":"DuplicationPotion"},{"floor":4.0,"key":"ColorlessPotion"},{"floor":12.0,"key":"LiquidBronze"},{"floor":14.0,"key":"PowerPotion"},{"floor":16.0,"key":"ColorlessPotion"},{"floor":22.0,"key":"FearPotion"},{"floor":24,"key":"Explosive Potion"},{"floor":27,"key":"Strength Potion"},{"floor":40,"key":"Swift Potion"},{"floor":42,"key":"LiquidBronze"}],"is_trial":false,"path_per_floor":["M","$","M","M","?","R","M","R","T","R","?","M","E","?","R","B",null,"M","?","M","M","M","R","M","M","T","M","?","?","R","$","R","B",null,"M","?","?","$","?","E","R","M","T","?","?","$","M","M","R","B",null],"character_chosen":"THE_SILENT","items_purchased":["Acrobatics","Oddly Smooth Stone","Orrery"],"campfire_rested":1,"item_purchase_floors":[2,31,46],"current_hp_per_floor":[70,70,70,70,63,63,60,60,60,60,37,20,10,10,10,10,55,55,42,33,19,7,29,23,23,23,23,23,23,23,23,23,3,57,57,47,47,47,47,47,47,47,47,47,47,47,47,47,47,47],"gold":426,"neow_bonus":"THREE_ENEMY_KILL","is_daily":false,"chose_seed":false,"campfire_upgraded":6,"win_rate":0.0,"timestamp":1611592647,"path_taken":["M","$","M","M","?","R","?","R","T","R","?","M","E","?","R","BOSS","M","?","M","M","M","R","M","M","T","M","?","?","R","$","R","BOSS","M","?","?","$","?","E","R","M","T","?","?","$","?","M","R","BOSS"],"items_purchased_type":["Card","Relic","Relic"],"build_version":"2020-12-22","purchased_purges":4,"victory":true,"max_hp_per_floor":[70,70,70,70,70,70,70,70,70,70,70,70,70,70,70,70,70,70,75,75,75,75,75,75,75,75,75,75,75,75,75,75,75,75,75,75,75,75,75,75,75,75,75,75,71,71,71,71,71,71],"card_choices":[{"not_picked":["Dodge and Roll","Dagger Throw"],"picked":"Blade Dance","floor":1.0},{"not_picked":["Quick Slash","Cloak And Dagger"],"picked":"Footwork","floor":3.0},{"not_picked":["Flying Knee","Dagger Spray"],"picked":"Well Laid Plans","floor":4.0},{"not_picked":["Dodge and Roll","Flying Knee"],"picked":"Corpse Explosion","floor":7.0},{"not_picked":["Prepared","Deadly Poison"],"picked":"Endless Agony","floor":11.0},{"not_picked":["Outmaneuver","Deadly Poison"],"picked":"Deflect","floor":12.0},{"not_picked":["Endless Agony","Expertise"],"picked":"Dodge and Roll","floor":13.0},{"not_picked":["Tools of the Trade","Bullet Time"],"picked":"A Thousand Cuts","floor":16.0},{"not_picked":["PiercingWail+1","Dagger Spray"],"picked":"Acrobatics","floor":18.0},{"not_picked":["Flying Knee","Grand Finale"],"picked":"Escape Plan","floor":20.0},{"not_picked":["Blade Dance+1","Prepared"],"picked":"Terror","floor":21.0},{"not_picked":["Outmaneuver","Underhanded Strike+1"],"picked":"Concentrate","floor":22.0},{"not_picked":["Bane","Outmaneuver"],"picked":"PiercingWail+1","floor":24},{"not_picked":["Dagger Spray","Sucker Punch+1","Prepared"],"picked":"SKIP","floor":25},{"not_picked":["Underhanded Strike","Leg Sweep+1","Bane"],"picked":"SKIP","floor":27},{"not_picked":["Unload","Glass Knife"],"picked":"Envenom","floor":33},{"not_picked":["Well Laid Plans+1","Dagger Throw","Deadly Poison"],"picked":"SKIP","floor":35},{"not_picked":["Deep Breath","Jack Of All Trades"],"picked":"Master of Strategy","floor":36},{"not_picked":["Eviscerate+1","Flechettes","Dagger Spray"],"picked":"SKIP","floor":40},{"not_picked":["Outmaneuver","Dodge and Roll+1"],"picked":"Backflip+1","floor":42},{"not_picked":["Cloak And Dagger","Setup","Leg Sweep+1"],"picked":"SKIP","floor":47},{"not_picked":["Prepared","Deadly Poison","Calculated Gamble+1"],"picked":"SKIP","floor":48}],"player_experience":310558,"relics_obtained":[{"floor":9.0,"key":"Kunai"},{"floor":11.0,"key":"FossilizedHelix"},{"floor":13.0,"key":"MawBank"},{"floor":26,"key":"Snake Skull"},{"floor":40,"key":"Torii"},{"floor":43,"key":"Smiling Mask"}],"event_choices":[{"damage_healed":0.0,"max_hp_gain":0.0,"max_hp_loss":0.0,"gold_gain":75.0,"event_name":"FaceTrader","player_choice":"Touch","floor":5.0,"gold_loss":0.0,"damage_taken":7.0},{"damage_healed":0.0,"max_hp_gain":0.0,"max_hp_loss":0.0,"gold_gain":0.0,"event_name":"Dead Adventurer","player_choice":"Searched \u00271\u0027 times","floor":11.0,"gold_loss":0.0,"damage_taken":0.0},{"damage_healed":0.0,"max_hp_gain":0.0,"max_hp_loss":0.0,"gold_gain":0.0,"event_name":"The Woman in Blue","player_choice":"Bought 1 Potion","floor":14.0,"gold_loss":0.0,"damage_taken":0.0},{"damage_healed":0.0,"max_hp_gain":5.0,"max_hp_loss":0.0,"gold_gain":0.0,"event_name":"Forgotten Altar","player_choice":"Shed Blood","floor":19.0,"gold_loss":0.0,"damage_taken":18.0},{"damage_healed":0,"gold_gain":0,"player_choice":"Read","damage_taken":0,"max_hp_gain":0,"max_hp_loss":0,"event_name":"The Library","floor":28,"gold_loss":0,"cards_obtained":["Adrenaline"]},{"damage_healed":0,"gold_gain":99,"player_choice":"Stole From Cult","damage_taken":0,"max_hp_gain":0,"max_hp_loss":0,"event_name":"Nest","floor":29,"gold_loss":0},{"damage_healed":0,"gold_gain":0,"player_choice":"Memory 3","damage_taken":10,"max_hp_gain":0,"max_hp_loss":0,"event_name":"SensoryStone","floor":36,"gold_loss":0},{"damage_healed":0,"gold_gain":0,"player_choice":"Ignored","damage_taken":0,"max_hp_gain":0,"max_hp_loss":0,"event_name":"Mysterious Sphere","floor":37,"gold_loss":0},{"damage_healed":0,"gold_gain":0,"player_choice":"Upgrade","damage_taken":0,"relics_obtained":["Mark of the Bloom"],"max_hp_gain":0,"max_hp_loss":0,"event_name":"MindBloom","floor":39,"gold_loss":0,"cards_upgraded":["Strike_G","Defend_G","Defend_G","Defend_G","Defend_G","Survivor","Corpse Explosion","Deflect","Dodge and Roll","A Thousand Cuts","Escape Plan","Terror","Concentrate","Adrenaline","Envenom","Master of Strategy"]},{"damage_healed":0,"gold_gain":0,"player_choice":"Ignored","damage_taken":0,"max_hp_gain":0,"max_hp_loss":0,"event_name":"Tomb of Lord Red Mask","floor":44,"gold_loss":0},{"damage_healed":0,"gold_gain":0,"player_choice":"Max HP","damage_taken":0,"max_hp_gain":0,"max_hp_loss":4,"event_name":"Winding Halls","floor":45,"gold_loss":0}],"is_beta":false,"boss_relics":[{"not_picked":["Calling Bell","Philosopher\u0027s Stone"],"picked":"Astrolabe"},{"not_picked":["Sozu","Runic Dome"],"picked":"Coffee Dripper"}],"items_purged_floors":[2,31,38,46],"is_endless":false,"potions_floor_spawned":[1,4,12,16,21,22,24,27,40,42],"ascension_level":5}}