{"host":"lxpbhjtp8ycf0c4w","time":1611541823,"event":{"mods":["BaseMod","Downfall","Minty Spire (QoL Compilation)","StSLib"],"gold_per_floor":[99,99,99,99,99,99,99,99,113,13,28,38,38,38,55,152,152,152],"floor_reached":16,"language":"ZHS","playtime":685,"items_purged":[],"score":145,"play_id":"d8c342ec-560e-48db-b097-4d01ec3aedaf","local_time":"20210125103023","is_ascension_mode":true,"campfire_choices":[{"data":"Slimebound:Split","floor":1,"key":"SMITH"},{"data":"Slimebound:SplitMire","floor":6,"key":"SMITH"},{"data":"Slimebound:ServeAndProtect","floor":8,"key":"SMITH"},{"floor":10,"key":"RECALL"}],"circlet_count":0,"master_deck":["Slimebound:Strike_Slimebound+1","Slimebound:Strike_Slimebound","Slimebound:Tackle","Slimebound:Defend_Slimebound","Slimebound:Defend_Slimebound","Slimebound:Defend_Slimebound","Slimebound:Defend_Slimebound+1","Slimebound:Split+1","Slimebound:CorrosiveSpit+1","Slimebound:SplitAcid","Slimebound:ServeAndProtect+1","Slimebound:SplitMire+1","downfall:Malfunctioning"],"relics":["Slimebound:AbsorbEndCombat","downfall:HeartsMalice","downfall:HeartBlessingBlue"],"acts_visited":["Exordium"],"potions_floor_usage":[],"damage_taken":[{"damage":0,"enemies":"Small Slimes","floor":2,"turns":1},{"damage":0,"enemies":"Jaw Worm","floor":3,"turns":1},{"damage":0,"enemies":"2 Louse","floor":5,"turns":1},{"damage":13,"enemies":"Red Slaver","floor":9,"turns":4},{"damage":9,"enemies":"Blue Slaver","floor":11,"turns":3},{"damage":7,"enemies":"2 Fungi Beasts","floor":12,"turns":3},{"damage":6,"enemies":"Exordium Wildlife","floor":15,"turns":4},{"damage":52,"enemies":"DF_ARCHETYPE_STREAMLINE","floor":16,"turns":14}],"seed_played":"5109500334445743190","potions_obtained":[{"floor":9,"key":"EssenceOfSteel"},{"floor":15,"key":"champ:CounterPotion"},{"floor":16,"key":"ColorlessPotion"}],"is_trial":false,"path_per_floor":["R","M","M","?","M","R","T","R","M","R","M","M","?","?","M","B"],"character_chosen":"SLIMEBOUND","items_purchased":[],"campfire_rested":0,"item_purchase_floors":[],"current_hp_per_floor":[65,65,65,65,65,65,65,65,54,64,59,56,56,56,56,12,12],"gold":152,"neow_bonus":"THREE_ENEMY_KILL","is_daily":false,"chose_seed":false,"campfire_upgraded":3,"win_rate":0.0,"timestamp":1611541823,"path_taken":["R","M","M","?","M","R","T","R","M","R","M","M","?","?","M","BOSS"],"items_purchased_type":[],"build_version":"2020-12-22","purchased_purges":0,"victory":false,"max_hp_per_floor":[65,65,65,65,65,65,65,65,65,75,75,75,75,75,75,75,75,75],"card_choices":[{"not_picked":["Slimebound:FlameTackle","Slimebound:LeechingTouch"],"picked":"Slimebound:SplitAcid","floor":2},{"not_picked":["Slimebound:ViciousTackle","Slimebound:Prepare"],"picked":"Slimebound:ServeAndProtect","floor":3},{"not_picked":["Slimebound:SamplingLick","Slimebound:GoopSpray"],"picked":"Slimebound:SplitMire","floor":5},{"not_picked":["Slimebound:SamplingLick","Slimebound:LeechEnergy","Slimebound:LivingWall"],"picked":"SKIP","floor":9},{"not_picked":["Slimebound:LivingWall","Slimebound:PressTheAttack","Slimebound:SamplingLick"],"picked":"SKIP","floor":11},{"not_picked":["Slimebound:Prepare","Slimebound:SplitMire","Slimebound:PressTheAttack"],"picked":"SKIP","floor":12},{"not_picked":["Slimebound:FinishingTackle","Slimebound:Dissolve","Slimebound:HungryTackle"],"picked":"SKIP","floor":15}],"player_experience":138541,"relics_obtained":[],"event_choices":[{"cards_removed":["Slimebound:Strike_Slimebound"],"damage_healed":0,"gold_gain":0,"player_choice":"Card Removal","damage_taken":0,"max_hp_gain":0,"max_hp_loss":0,"event_name":"The Cleric","floor":4,"gold_loss":0}],"is_beta":false,"boss_relics":[],"items_purged_floors":[],"is_endless":false,"potions_floor_spawned":[9,15,16],"killed_by":"DF_ARCHETYPE_STREAMLINE","ascension_level":1}}