{"host":"6qo42zgaknezulyg","time":1611585673,"event":{"mods":["2.2 Compatiblity","BaseMod","Faster Ascension Climbing","Keyboard Shortcuts","Minty Spire (QoL Compilation)","Permanent Neow","Quick Restart","StSLib","SuperFastMode","The Bug Knight","The Disciple"],"gold_per_floor":[366,291,291,173,184,210,210,223,223,223,257,69,18,12,12,88,88,60,60,60,72,72,72,90,90,116,116,135,235,135,0,0,79,79,97,97,109,109,109,109],"floor_reached":39,"language":"ENG","playtime":2965,"items_purged":["Strike_Br","Strike_Br+1"],"score":870,"play_id":"4c32dc74-4454-42b5-a31a-f006e6a8d863","local_time":"20210125234113","is_ascension_mode":true,"campfire_choices":[{"data":"LockedPlans","floor":7.0,"key":"SMITH"},{"floor":10.0,"key":"REST"},{"floor":15.0,"key":"REST"},{"floor":23.0,"key":"REST"},{"data":"Accruing","floor":25.0,"key":"SMITH"},{"floor":27.0,"key":"REST"},{"floor":32.0,"key":"REST"}],"circlet_count":0,"master_deck":["AscendersBane","Strike_Br+1","Defend_Br+1","Defend_Br+1","Defend_Br+1","Defend_Br+1","SecondHand","PatternShift","PrimeTime","LockedPlans+1","Accruing+1","Flay","TickedOff","LockedThread","ExoVibe","HandsUpB","LockedOrichalcum","LockedFlame","LockedUrn","RitualDagger","Analog","Stagnate","RageCommand","LockedOrichalcum","Pendulum","Facsimile+1","LockedMedicine"],"relics":["Chronometer","IceCream?","MysticCrockPot","Toy Ornithopter","Du-Vu Doll","HandDrill","Metronome","SpringShield","Unceasing Top","Letter Opener","Snecko Eye","White Beast Statue"],"acts_visited":["Exordium","TheCity","TheBeyond"],"potions_floor_usage":[39],"damage_taken":[{"damage":11.0,"enemies":"2 Louse","floor":1.0,"turns":5.0},{"damage":10.0,"enemies":"Small Slimes","floor":5.0,"turns":6.0},{"damage":10.0,"enemies":"Lagavulin","floor":6.0,"turns":7.0},{"damage":2.0,"enemies":"Jaw Worm","floor":8.0,"turns":4.0},{"damage":28.0,"enemies":"3 Sentries","floor":11.0,"turns":15.0},{"damage":9.0,"enemies":"Exordium Thugs","floor":14.0,"turns":5.0},{"damage":0.0,"enemies":"The Guardian","floor":16.0,"turns":16.0},{"damage":17.0,"enemies":"2 Thieves","floor":18.0,"turns":4.0},{"damage":8.0,"enemies":"Spheric Guardian","floor":21.0,"turns":8.0},{"damage":11.0,"enemies":"Chosen and Byrds","floor":24.0,"turns":6.0},{"damage":14.0,"enemies":"Centurion and Healer","floor":28.0,"turns":8.0},{"damage":11.0,"enemies":"Colosseum Slavers","floor":29.0,"turns":6.0},{"damage":7.0,"enemies":"Colosseum Nobs","floor":29.0,"turns":7.0},{"damage":23.0,"enemies":"Automaton","floor":33.0,"turns":12.0},{"damage":8.0,"enemies":"3 Darklings","floor":35.0,"turns":5.0},{"damage":0.0,"enemies":"Orb Walker","floor":37.0,"turns":5.0},{"damage":74,"enemies":"Transient","floor":39,"turns":2}],"seed_played":"-8443977141262101707","potions_obtained":[{"floor":5.0,"key":"ColorlessPotion"},{"floor":6.0,"key":"DistilledChaos"},{"floor":14.0,"key":"PowerPotion"},{"floor":24.0,"key":"Ancient Potion"},{"floor":37.0,"key":"LiquidMemories"}],"is_trial":false,"path_per_floor":["M","?","?","$","M","E","R","M","T","R","E","$","$","M","R","B",null,"M","?","?","M","?","R","M","R","T","R","M","?","$","?","R","B",null,"M","?","M","?","M"],"character_chosen":"CHRONO_CLASS","items_purchased":["LockedPlans","HandDrill","ExoVibe","HandsUpB"],"campfire_rested":5,"item_purchase_floors":[4,12,12,13],"current_hp_per_floor":[45,45,45,45,35,25,25,23,23,39,16,16,16,7,23,23,48,31,25,25,17,17,33,26,26,26,42,30,21,21,21,37,16,46,38,38,42,42,0,0],"gold":109,"neow_bonus":"TWO_FIFTY_GOLD","is_daily":false,"chose_seed":false,"campfire_upgraded":2,"win_rate":0.0,"timestamp":1611585673,"path_taken":["M","?","?","$","M","E","R","M","T","R","E","?","$","?","R","BOSS","M","?","?","M","?","R","M","R","T","R","M","?","?","?","R","BOSS","M","?","M","?","?"],"items_purchased_type":["Card","Relic","Card","Card"],"build_version":"2020-12-22","purchased_purges":2,"victory":false,"max_hp_per_floor":[56,56,56,56,56,56,56,56,56,56,56,56,56,56,56,56,56,56,56,56,56,56,56,56,56,56,56,56,56,56,56,56,56,56,56,53,53,53,53,53],"card_choices":[{"not_picked":["CrunchTime","Break"],"picked":"PrimeTime","floor":1.0},{"not_picked":["PrimeTime","AlternateTimeline"],"picked":"Accruing","floor":5.0},{"not_picked":["WakeUpCall","ExoVibe"],"picked":"Flay","floor":6.0},{"not_picked":["ExoVibe","BlueShift"],"picked":"TickedOff","floor":8.0},{"not_picked":["Engulf","BiteCommand"],"picked":"LockedThread","floor":11.0},{"not_picked":["LockedMedicine","TickedOff"],"picked":"LockedOrichalcum","floor":14.0},{"not_picked":["OverTime","MasterKey"],"picked":"LockedFlame","floor":16.0},{"not_picked":["Engulf","WindUp"],"picked":"LockedUrn","floor":18.0},{"not_picked":["CrunchTime","LockedMedicine"],"picked":"Analog","floor":21.0},{"not_picked":["ExoVibe","BiteCommand"],"picked":"Stagnate","floor":24.0},{"not_picked":["ExoVibe","LockedWarPaint+1"],"picked":"RageCommand","floor":28.0},{"not_picked":["SlimeSpray","BeatsPerMinute"],"picked":"LockedOrichalcum","floor":29.0},{"not_picked":["RageCommand","LockedCalendar"],"picked":"Pendulum","floor":33.0},{"not_picked":["Tempo","WatchCommand"],"picked":"Facsimile+1","floor":35.0},{"not_picked":["BlueShift+1","ReapSow"],"picked":"LockedMedicine","floor":37.0}],"player_experience":759694,"relics_obtained":[{"floor":6.0,"key":"MysticCrockPot"},{"floor":9.0,"key":"Toy Ornithopter"},{"floor":11.0,"key":"Du-Vu Doll"},{"floor":26.0,"key":"SpringShield"},{"floor":29.0,"key":"Unceasing Top"},{"floor":29.0,"key":"Letter Opener"}],"event_choices":[{"cards_removed":["Strike_Br"],"damage_healed":0.0,"max_hp_gain":0.0,"max_hp_loss":0.0,"gold_gain":0.0,"event_name":"The Cleric","player_choice":"Card Removal","floor":2.0,"gold_loss":75.0,"damage_taken":0.0},{"damage_healed":0.0,"max_hp_gain":0.0,"max_hp_loss":0.0,"gold_gain":0.0,"event_name":"Nest","player_choice":"Joined the Cult","floor":19.0,"gold_loss":0.0,"damage_taken":6.0,"cards_obtained":["RitualDagger"]},{"damage_healed":0.0,"max_hp_gain":0.0,"max_hp_loss":0.0,"gold_gain":0.0,"event_name":"Cursed Tome","player_choice":"Ignored","floor":20.0,"gold_loss":0.0,"damage_taken":0.0},{"damage_healed":0.0,"max_hp_gain":0.0,"max_hp_loss":0.0,"gold_gain":0.0,"event_name":"Back to Basics","player_choice":"Simplicity","floor":22.0,"gold_loss":0.0,"damage_taken":0.0,"cards_upgraded":["Strike_Br","Strike_Br","Defend_Br","Defend_Br","Defend_Br","Defend_Br"]},{"damage_healed":0.0,"max_hp_gain":0.0,"max_hp_loss":0.0,"gold_gain":0.0,"event_name":"Colosseum","player_choice":"Fight","floor":29.0,"gold_loss":0.0,"damage_taken":0.0},{"damage_healed":0.0,"max_hp_gain":0.0,"max_hp_loss":0.0,"gold_gain":0.0,"event_name":"Colosseum","player_choice":"Fought Nobs","floor":29.0,"gold_loss":0.0,"damage_taken":0.0},{"damage_healed":0.0,"max_hp_gain":0.0,"max_hp_loss":0.0,"gold_gain":0.0,"event_name":"Masked Bandits","player_choice":"Paid Fearfully","floor":31.0,"gold_loss":135.0,"damage_taken":0.0},{"damage_healed":0.0,"max_hp_gain":0.0,"max_hp_loss":3.0,"gold_gain":0.0,"event_name":"Winding Halls","player_choice":"Max HP","floor":36.0,"gold_loss":0.0,"damage_taken":0.0},{"damage_healed":0.0,"max_hp_gain":0.0,"max_hp_loss":0.0,"gold_gain":0.0,"event_name":"WeMeetAgain","player_choice":"Gave Potion","floor":38.0,"gold_loss":0.0,"damage_taken":0.0,"relics_obtained":["White Beast Statue"]}],"is_beta":false,"boss_relics":[{"not_picked":["Chronograph","Empty Cage"],"picked":"Metronome"},{"not_picked":["Cursed Key","Busted Crown"],"picked":"Snecko Eye"}],"items_purged_floors":[4,30],"is_endless":false,"potions_floor_spawned":[5,6,14,24,28,37],"killed_by":"Transient","ascension_level":20}}