{"host":"gjfulft9y42c2y2c","time":1611558322,"event":{"mods":["AchievementEnabler","BaseMod","Colored Map","DeckTracker","Keyboard Shortcuts","Minty Spire (QoL Compilation)","Permanent Neow","StSLib","SuperFastMode","everything is the same but u backflip on backflip"],"gold_per_floor":[110,124,134,149,74,74,107,107,132,164,177,177,177,198,198,302,302,313,328,328,328],"floor_reached":20,"language":"KOR","playtime":778,"items_purged":["Strike_G"],"score":267,"play_id":"86a55731-451e-42d2-b0ee-d0b3e06948a0","local_time":"20210125160522","is_ascension_mode":true,"campfire_choices":[{"data":"Bullet Time","floor":6,"key":"SMITH"},{"floor":8,"key":"REST"},{"floor":12,"key":"REST"},{"data":"Choke","floor":15,"key":"SMITH"}],"circlet_count":0,"master_deck":["Strike_G","Strike_G","Strike_G","Strike_G","Defend_G","Defend_G","Defend_G","Defend_G","Defend_G","Survivor","Neutralize","Bullet Time+1","Choke+1","PiercingWail","Dagger Spray","Blade Dance","Footwork","Escape Plan","Masterful Stab","Terror","After Image","Deadly Poison+1","Dash+1"],"relics":["Ring of the Snake","Nunchaku","Bag of Marbles","Tiny Chest","Odd Mushroom","SlaversCollar"],"acts_visited":["Exordium","TheCity"],"potions_floor_usage":[7,10,20],"damage_taken":[{"damage":0,"enemies":"Cultist","floor":1,"turns":4},{"damage":0,"enemies":"Jaw Worm","floor":2,"turns":2},{"damage":0,"enemies":"Small Slimes","floor":3,"turns":1},{"damage":16,"enemies":"Exordium Thugs","floor":4,"turns":5},{"damage":31,"enemies":"Lagavulin","floor":7,"turns":9},{"damage":23,"enemies":"3 Sentries","floor":10,"turns":8},{"damage":0,"enemies":"Red Slaver","floor":11,"turns":5},{"damage":0,"enemies":"The Mushroom Lair","floor":14,"turns":3},{"damage":41,"enemies":"Slime Boss","floor":16,"turns":15},{"damage":17,"enemies":"2 Thieves","floor":18,"turns":4},{"damage":9,"enemies":"Spheric Guardian","floor":19,"turns":4},{"damage":34,"enemies":"Centurion and Healer","floor":20,"turns":4}],"seed_played":"-4679401675399708561","potions_obtained":[{"floor":2,"key":"CultistPotion"},{"floor":3,"key":"AttackPotion"},{"floor":16,"key":"Strength Potion"},{"floor":18,"key":"FearPotion"},{"floor":19,"key":"Poison Potion"}],"is_trial":false,"path_per_floor":["M","M","M","M","$","R","E","R","T","E","M","R","?","?","R","B",null,"M","M","M"],"character_chosen":"THE_SILENT","items_purchased":[],"campfire_rested":2,"item_purchase_floors":[],"current_hp_per_floor":[63,63,63,47,47,47,16,34,34,11,11,29,50,50,50,9,50,33,24,0,0],"gold":328,"neow_bonus":"THREE_RARE_CARDS","is_daily":false,"chose_seed":false,"campfire_upgraded":2,"win_rate":0.0,"timestamp":1611558322,"path_taken":["M","M","M","M","$","R","E","R","T","E","M","R","?","?","R","BOSS","M","M","M"],"items_purchased_type":[],"build_version":"2020-12-22","purchased_purges":1,"victory":false,"max_hp_per_floor":[63,63,63,63,63,63,63,63,63,63,63,63,63,63,63,63,63,63,63,63,63],"card_choices":[{"not_picked":["Tools of the Trade","After Image"],"picked":"Bullet Time","floor":0},{"not_picked":["PiercingWail","Dagger Throw"],"picked":"Choke","floor":1},{"not_picked":["Calculated Gamble","Concentrate"],"picked":"PiercingWail","floor":2},{"not_picked":["PiercingWail","Underhanded Strike"],"picked":"Dagger Spray","floor":3},{"not_picked":["Outmaneuver","Slice"],"picked":"Blade Dance","floor":4},{"not_picked":["Masterful Stab","Flying Knee"],"picked":"Footwork","floor":7},{"not_picked":["Blade Dance","Tactician"],"picked":"Escape Plan","floor":10},{"not_picked":["Poisoned Stab","Deflect"],"picked":"Masterful Stab","floor":11},{"not_picked":["Deflect","Storm of Steel"],"picked":"Terror","floor":14},{"not_picked":["Envenom","Night Terror"],"picked":"After Image","floor":16},{"not_picked":["Dodge and Roll","Skewer"],"picked":"Deadly Poison+1","floor":18},{"not_picked":["Dagger Throw","Dagger Spray"],"picked":"Dash+1","floor":19}],"player_experience":269304,"relics_obtained":[{"floor":7,"key":"Nunchaku"},{"floor":9,"key":"Bag of Marbles"},{"floor":10,"key":"Tiny Chest"},{"floor":14,"key":"Odd Mushroom"}],"event_choices":[{"damage_healed":21,"gold_gain":0,"player_choice":"Banana","damage_taken":0,"max_hp_gain":0,"max_hp_loss":0,"event_name":"Big Fish","floor":13,"gold_loss":0},{"damage_healed":0,"gold_gain":0,"player_choice":"Fought Mushrooms","damage_taken":0,"max_hp_gain":0,"max_hp_loss":0,"event_name":"Mushrooms","floor":14,"gold_loss":0}],"is_beta":false,"boss_relics":[{"not_picked":["Empty Cage","Fusion Hammer"],"picked":"SlaversCollar"}],"items_purged_floors":[5],"is_endless":false,"potions_floor_spawned":[2,3,16,18,19],"killed_by":"Centurion and Healer","ascension_level":9}}