{"host":"zomwe5n2owcqokh9","time":1611543581,"event":{"mods":["2.2 Compatiblity","AchievementEnabler","Act Like it!","BaseMod","BetterRewards","Colored Map","Colored Powertips","Hero for Fun","Highlight Path","Hubris","Marisa????????","Minty Spire (QoL Compilation)","Quick Restart","Rare Cards Sparkle","Replay The Spire","Shop Mod","StSLib","SuperFastMode"],"gold_per_floor":[21,21,21,33,33,33,53,83,83,95,114,64,64,81,81,185,185,204,220,65,65,75,75,89,89,89,89,89],"floor_reached":27,"language":"ENG","playtime":213,"items_purged":[],"score":340,"play_id":"9dc65737-60a9-4303-907c-21558476c3bd","local_time":"20210124205941","is_ascension_mode":false,"campfire_choices":[{"data":"Strike_Y","floor":6,"key":"SMITH"},{"data":"Do_Nothing","floor":13,"key":"SMITH"},{"data":"Ignore","floor":15,"key":"SMITH"},{"data":"Hip_Strike","floor":23,"key":"SMITH"}],"circlet_count":0,"master_deck":["Strike_Y","Strike_Y+1","Strike_Y","Strike_Y","Strike_Y+1","Defend_Y+1","Defend_Y+1","Defend_Y+1","Defend_Y+1","Yawn+1","Wear_Disguise","Side_Hop","Toss_Stone","Do_Nothing+1","Ignore+1","Hip_Strike+1","ReplayTheSpireMod:Faulty Equipment","hubris:Envy","hubris:Disease","Side_Hop","Ghostly","Ghostly","Ghostly","Ghostly","Ghostly","Serious_Side_Hops","Do_Nothing+1"],"relics":["Cape","TungstenRod","Replay:Bottled Eggs","Replay:Ancient Bell","Nunchaku","Matryoshka","Lizard Tail","Lantern","hubris:Towel","Simple Rune"],"acts_visited":["Exordium","TheCity"],"potions_floor_usage":[],"damage_taken":[{"damage":0,"enemies":"2 Louse","floor":1,"turns":1},{"damage":0,"enemies":"Small Slimes","floor":4,"turns":1},{"damage":0,"enemies":"Cultist","floor":7,"turns":1},{"damage":0,"enemies":"Replay:BlueRogue","floor":8,"turns":1},{"damage":0,"enemies":"Large Slime","floor":10,"turns":1},{"damage":0,"enemies":"Looter","floor":11,"turns":1},{"damage":0,"enemies":"2 Fungi Beasts","floor":14,"turns":2},{"damage":0,"enemies":"Hexaghost","floor":16,"turns":1},{"damage":0,"enemies":"2 Thieves","floor":18,"turns":1},{"damage":0,"enemies":"Shell Parasite","floor":19,"turns":2},{"damage":0,"enemies":"Sentry and Sphere","floor":22,"turns":2},{"damage":0,"enemies":"Snake Plant","floor":24,"turns":1},{"damage":0,"enemies":"3 Cultists","floor":27,"turns":1}],"seed_played":"1724896929570135023","potions_obtained":[{"floor":8,"key":"Energy Potion"},{"floor":10,"key":"SteroidPotion"},{"floor":11,"key":"Strength Potion"}],"is_trial":false,"path_per_floor":["M","?","?","M","?","R","M","E","T","M","M","?","R","M","R","B",null,"M","M","$","?","M","R","M","?","T","M"],"character_chosen":"OPM","items_purchased":["Lantern"],"campfire_rested":0,"item_purchase_floors":[20],"current_hp_per_floor":[1098,1098,1098,1098,1098,1098,1098,1098,1098,1098,1098,1098,1098,1098,1098,1098,1098,1098,1098,1098,549,549,549,549,549,549,549,549],"gold":89,"neow_bonus":"TEN_PERCENT_HP_BONUS","is_daily":false,"chose_seed":false,"campfire_upgraded":4,"win_rate":0.0,"timestamp":1611543581,"path_taken":["M","?","?","M","?","R","M","E","T","M","?","?","R","M","R","BOSS","M","M","$","?","M","R","M","?","T","M"],"items_purchased_type":["Relic"],"build_version":"2020-12-22","purchased_purges":0,"victory":false,"max_hp_per_floor":[1098,1098,1098,1098,1098,1098,1098,1098,1098,1098,1098,1098,1098,1098,1098,1098,1098,1098,1098,1098,549,549,549,549,549,549,549,549],"card_choices":[{"not_picked":["Ignore","Side_Hop"],"picked":"Yawn","floor":1},{"not_picked":["Yawn","Hop"],"picked":"Wear_Disguise","floor":4},{"not_picked":["Yawn","Ignore"],"picked":"Wear_Disguise","floor":7},{"not_picked":["Ignore","Consecutive_Normal_Punch"],"picked":"Side_Hop","floor":8},{"not_picked":["Slap","Yawn"],"picked":"Toss_Stone","floor":10},{"not_picked":["Hop","Ignore"],"picked":"Do_Nothing","floor":11},{"not_picked":["Side_Hop","Hop"],"picked":"Ignore","floor":14},{"not_picked":["Serious_Side_Hops","Get_Hopes_Up"],"picked":"Hip_Strike","floor":16},{"not_picked":["Languid","Pain"],"picked":"ReplayTheSpireMod:Faulty Equipment","floor":17},{"not_picked":["hubris:Gluttony","ReplayTheSpireMod:Splinters"],"picked":"hubris:Envy","floor":17},{"not_picked":["Voices","Looming Evil"],"picked":"hubris:Disease","floor":17},{"not_picked":["Slap","Wear_Disguise","Do_Nothing"],"picked":"SKIP","floor":18},{"not_picked":["Yawn+1","Ignore+1"],"picked":"Side_Hop","floor":19},{"not_picked":["Slap","Consecutive_Normal_Punch"],"picked":"Serious_Side_Hops","floor":22},{"not_picked":["Yawn","Ignore"],"picked":"Do_Nothing+1","floor":24}],"player_experience":62453,"relics_obtained":[{"floor":8,"key":"TungstenRod"},{"floor":9,"key":"Replay:Bottled Eggs"},{"floor":26,"key":"Simple Rune"}],"event_choices":[{"damage_healed":0,"gold_gain":0,"player_choice":"Grow","damage_taken":0,"max_hp_gain":0,"max_hp_loss":0,"event_name":"Living Wall","floor":3,"gold_loss":0,"cards_upgraded":["Yawn"]},{"cards_removed":["Wear_Disguise"],"damage_healed":0,"gold_gain":0,"player_choice":"Offered Uncommon","damage_taken":0,"max_hp_gain":0,"max_hp_loss":0,"event_name":"Bonfire Elementals","floor":5,"gold_loss":0},{"cards_removed":["Defend_Y"],"damage_healed":0,"gold_gain":0,"player_choice":"Card Removal","damage_taken":0,"max_hp_gain":0,"max_hp_loss":0,"event_name":"The Cleric","floor":12,"gold_loss":50},{"damage_healed":0,"gold_gain":0,"player_choice":"Became a Ghost","damage_taken":0,"max_hp_gain":0,"max_hp_loss":549,"event_name":"Ghosts","floor":21,"gold_loss":0,"cards_obtained":["Ghostly","Ghostly","Ghostly","Ghostly","Ghostly"]}],"is_beta":false,"boss_relics":[{"not_picked":["Runic Dome","hubris:GrandSneckoEye"],"picked":"Replay:Ancient Bell"},{"not_picked":["Replay:Mystery Machine","Happy Flower"],"picked":"Nunchaku"},{"not_picked":["StrikeDummy","InkBottle"],"picked":"Matryoshka"},{"not_picked":["hubris:MedicalManual","Shovel"],"picked":"Lizard Tail"}],"items_purged_floors":[],"is_endless":false,"potions_floor_spawned":[8,10,11,16,19,24],"killed_by":"3 Cultists","ascension_level":0}}