{"host":"rgy6n2eoa9ji6d0c","time":1611606721,"event":{"mods":["BaseMod","Downfall","Minty Spire (QoL Compilation)","Quick Restart","StSLib"],"gold_per_floor":[99,110,121,121,221,291,315,327,357,157,66,116,130,122687,122705,122802,122802,122802,122813,122832,122842,122892,122060,122060,121960,121453,121453,121484,121484,121071,121087,121103,121103,121103,121103],"floor_reached":33,"language":"ENG","playtime":1796,"items_purged":["bronze:Strike","bronze:Overheat","bronze:Strike","bronze:Strike"],"score":405,"play_id":"4c04c694-3b7e-470a-8d26-4476f9998b5d","local_time":"20210125213201","is_ascension_mode":true,"campfire_choices":[{"floor":1.0,"key":"RECALL"},{"data":"bronze:AlphaBuild","floor":10.0,"key":"SMITH"},{"data":"bronze:Library","floor":18.0,"key":"SMITH"},{"data":"bronze:ClassDefault","floor":25,"key":"SMITH"},{"data":"bronze:InfiniteLoop","floor":27,"key":"SMITH"},{"data":"bronze:ClassDefault","floor":29,"key":"SMITH"}],"circlet_count":0,"master_deck":["bronze:Strike","bronze:Defend","bronze:Defend","bronze:Defend","bronze:Defend","bronze:Replicate","bronze:Goto","bronze:DigitalCarnage","bronze:AlphaBuild+1","bronze:ClassDefault+1","bronze:ClassDefault+1","bronze:Backtrace","bronze:Library+1","bronze:Flail+1","bronze:BronzeOrb","bronze:Iterate","bronze:InfiniteLoop+1","expansioncontent:AwakenDeath+1","bronze:BronzeOrb","bronze:Backtrace+1","bronze:Backtrace+1"],"relics":["Velvet Choker","downfall:CloakOfManyFaces","CultistMask","FaceOfCleric","NlothsMask","GremlinMask","SsserpentHead","Boot","downfall:HeartBlessingRed","downfall:HeartBlessingGreen","Mummified Hand","Juzu Bracelet","Coffee Dripper","ClockworkSouvenir","CaptainsWheel","Question Card","downfall:HeartBlessingBlue","Frozen Egg 2","Akabeko","MealTicket","Molten Egg 2","Lee\u0027s Waffle"],"acts_visited":["Exordium","TheCity"],"potions_floor_usage":[23],"damage_taken":[{"damage":5.0,"enemies":"Small Slimes","floor":2.0,"turns":4.0},{"damage":6.0,"enemies":"Cultist","floor":3.0,"turns":3.0},{"damage":44.0,"enemies":"downfall:FaceTrader","floor":5.0,"turns":13.0},{"damage":1.0,"enemies":"Jaw Worm","floor":6.0,"turns":3.0},{"damage":0.0,"enemies":"Large Slime","floor":8.0,"turns":4.0},{"damage":6.0,"enemies":"Gremlin Nob","floor":9.0,"turns":3.0},{"damage":0.0,"enemies":"downfall:FleeingMerchant","floor":11.0,"turns":4.0},{"damage":0.0,"enemies":"Exordium Thugs","floor":13.0,"turns":3.0},{"damage":9.0,"enemies":"downfall:FleeingMerchant","floor":14.0,"turns":4.0},{"damage":13.0,"enemies":"Blue Slaver","floor":15.0,"turns":3.0},{"damage":134.0,"enemies":"IC_STATUS_ARCHETYPE","floor":16.0,"turns":17.0},{"damage":30.0,"enemies":"3 Byrds","floor":19.0,"turns":6.0},{"damage":20,"enemies":"Shell Parasite","floor":20,"turns":4},{"damage":25,"enemies":"Cultist and Chosen","floor":21,"turns":5},{"damage":3,"enemies":"downfall:FleeingMerchant","floor":23,"turns":4},{"damage":3,"enemies":"downfall:FleeingMerchant","floor":26,"turns":4},{"damage":9,"enemies":"Book of Stabbing","floor":28,"turns":4},{"damage":0,"enemies":"downfall:FleeingMerchant","floor":30,"turns":1},{"damage":8,"enemies":"Centurion and Healer","floor":31,"turns":3},{"damage":0,"enemies":"Snecko","floor":32,"turns":3},{"damage":0,"enemies":"DF_ARCHETYPE_CLAW","floor":33,"turns":1}],"seed_played":"-7834550409212361840","potions_obtained":[{"floor":5.0,"key":"SpeedPotion"},{"floor":6.0,"key":"BlessingOfTheForge"},{"floor":13.0,"key":"Dexterity Potion"},{"floor":31,"key":"EntropicBrew"}],"is_trial":false,"path_per_floor":["R","M","M","?","?","M","T","M","E","R","$","?","M","$","M","B",null,"R","M","M","M","?","$","T","R","$","R","E","R","$","M","M","B"],"character_chosen":"THE_AUTOMATON","items_purchased":["bronze:ClassDefault","Mummified Hand","Juzu Bracelet","bronze:ClassDefault","ClockworkSouvenir","CaptainsWheel","Question Card","Frozen Egg 2","bronze:InfiniteLoop","expansioncontent:AwakenDeath+1","MealTicket","Molten Egg 2","Lee\u0027s Waffle","bronze:Backtrace+1"],"campfire_rested":0,"item_purchase_floors":[11,14,14,14,23,23,23,26,26,26,30,30,30,30],"current_hp_per_floor":[70,65,59,59,15,15,15,16,11,11,12,17,18,72,60,16,83,83,54,35,11,11,9,9,19,17,17,9,9,107,100,101,101,101,101],"gold":121103,"neow_bonus":"BOSS_RELIC","is_daily":false,"chose_seed":false,"campfire_upgraded":5,"win_rate":0.0,"timestamp":1611606721,"path_taken":["R","M","M","?","?","?","T","M","E","R","$","?","M","$","M","BOSS","R","M","M","M","?","$","T","R","?","R","E","R","$","M","M","BOSS"],"items_purchased_type":["Card","Relic","Relic","Card","Relic","Relic","Relic","Relic","Card","Card","Relic","Relic","Relic","Card"],"build_version":"2020-12-22","purchased_purges":4,"victory":false,"max_hp_per_floor":[70,70,70,70,70,71,71,72,73,73,74,79,80,81,82,83,83,83,84,85,86,86,87,87,97,98,98,99,99,107,108,109,109,109,109],"card_choices":[{"not_picked":["bronze:DelayedGuard","bronze:Overheat","bronze:ItsAFeature"],"picked":"SKIP","floor":2.0},{"not_picked":["bronze:DelayedGuard","bronze:ItsAFeature"],"picked":"bronze:Overheat","floor":2.0},{"not_picked":["bronze:BitShift","bronze:DelayedSlice","bronze:Shield"],"picked":"SKIP","floor":3.0},{"not_picked":["bronze:FineTuning","bronze:Return","bronze:Branch"],"picked":"SKIP","floor":6.0},{"not_picked":["bronze:Turbo","bronze:Iterate"],"picked":"bronze:DigitalCarnage","floor":8.0},{"not_picked":["bronze:Invalidate","bronze:BitShift"],"picked":"bronze:AlphaBuild","floor":9.0},{"not_picked":["bronze:Separator","bronze:DelayedGuard","bronze:Deprecate"],"picked":"SKIP","floor":11.0},{"not_picked":["bronze:BitShift","bronze:Return","bronze:CutThrough"],"picked":"SKIP","floor":13.0},{"not_picked":["bronze:CutThrough","bronze:DelayedGuard","bronze:BuggyMess"],"picked":"SKIP","floor":14.0},{"not_picked":["bronze:DarkDash","bronze:Optimize"],"picked":"bronze:Backtrace","floor":15.0},{"not_picked":["bronze:FindAndReplace","bronze:Hardcode"],"picked":"bronze:Library","floor":16.0},{"not_picked":["bronze:BuggyMess","bronze:Invalidate","bronze:BitShift"],"picked":"SKIP","floor":19.0},{"not_picked":["bronze:Constructor","bronze:BuggyMess+1"],"picked":"bronze:Flail+1","floor":20},{"not_picked":["bronze:Hardcode","bronze:Constructor+1"],"picked":"bronze:BronzeOrb","floor":21},{"not_picked":["bronze:Overheat","bronze:GetLatest+1","bronze:DelayedGuard"],"picked":"SKIP","floor":23},{"not_picked":["bronze:Constructor","bronze:BitShift","bronze:BronzeArmor"],"picked":"bronze:Iterate","floor":26},{"not_picked":["bronze:DelayedSlice","bronze:Boost+1","bronze:Frontload","bronze:Constructor"],"picked":"SKIP","floor":28},{"not_picked":["bronze:BugBarrage+1","bronze:Branch","bronze:Turbo"],"picked":"bronze:BronzeOrb","floor":30},{"not_picked":["bronze:Overload","bronze:BronzeOrb+1","bronze:Repair"],"picked":"bronze:Backtrace+1","floor":31},{"not_picked":["bronze:BuggyMess","bronze:NullPointer+1","bronze:BitShift","bronze:Shield"],"picked":"SKIP","floor":32}],"player_experience":1483956,"relics_obtained":[{"floor":5.0,"key":"downfall:CloakOfManyFaces"},{"floor":9.0,"key":"Boot"},{"floor":28,"key":"Akabeko"}],"event_choices":[{"damage_healed":0.0,"max_hp_gain":5.0,"max_hp_loss":0.0,"gold_gain":0.0,"event_name":"Big Fish","player_choice":"Donut","floor":12.0,"gold_loss":0.0,"damage_taken":0.0}],"is_beta":false,"boss_relics":[{"not_picked":["Runic Dome","bronze:MakeshiftBattery"],"picked":"Coffee Dripper"}],"items_purged_floors":[14,23,26,30],"is_endless":false,"potions_floor_spawned":[5,6,13,15,20,31,32],"killed_by":"DF_ARCHETYPE_CLAW","ascension_level":1}}