{"host":"a3oe3gstxz77c7qu","time":1611600190,"event":{"mods":["2.2 Compatiblity","Act Like it!","Astrologer","BaseMod","Bestiary","Better Altar","Better Match","Better Note","Better Skull","Better Third Choice","Block Reminder","Curses Come First","Custom Start","Dark Map","Downfall","Fox Events","Friendly Minions","GifTheSpireLib","Hallownest","Hermit","Jorbs\u0027s Wanderer Trilogy","Lobotomy","LobotomyExtend","Marisa????????","Minty Spire (QoL Compilation)","Permanent Neow","Quick Restart","Relic Stats","Spire Arcade","StSLib","The Bug Knight","The Cursed","The Disciple","The Jungle","Uncapped","Unknown Chances","Wandering Minibosses"],"gold_per_floor":[112,132,148,148,165,197,197,211,211,211,211,20,37,37,37,137,137,137,137,137,137,137,137,137,137,137,137,137,62,62,62,62,62,62,62,62,62,62,62,62,62,62,62,62,62,62,62,11,11,11,11],"floor_reached":50,"language":"ENG","playtime":2983,"items_purged":["Regret"],"score":618,"play_id":"f3640513-07a9-4bdf-94d0-185b5545f2af","local_time":"20210125184310","is_ascension_mode":true,"campfire_choices":[{"data":"hermit:WideOpen","floor":7.0,"key":"SMITH"},{"data":"hermit:Defend_Hermit","floor":10.0,"key":"SMITH"},{"data":"hermit:Dive","floor":15.0,"key":"SMITH"},{"data":"hermit:Covet","floor":30.0,"key":"PURGE"},{"data":"hermit:Defend_Hermit","floor":32.0,"key":"PURGE"},{"data":"hermit:Roughhouse","floor":40,"key":"SMITH"},{"data":"hermit:Manifest","floor":45,"key":"SMITH"},{"floor":49,"key":"REST"}],"circlet_count":0,"master_deck":["QueenOfHatred","hermit:Strike_Hermit","hermit:Strike_Hermit","hermit:Strike_Hermit","hermit:Strike_Hermit","hermit:Defend_Hermit+1","hermit:Defend_Hermit","hermit:Defend_Hermit","hermit:Snapshot","hermit:WideOpen+1","Scorched","UniverseFragment","hermit:Dive+1","hermit:Manifest+1","hermit:Dive","hermit:Roughhouse+1","hermit:Glare+1","BlackArmy","BlueStar"],"relics":["hermit:Momento","CogitoBucket","RabbitCall","LetterFromLob","Kunai","TreeSap","Bronze Scales","Blood Vial","Oddly Smooth Stone","HollowMod:PaleOreRelic","Ectoplasm","SsserpentHead","AdjustmentMirror","Pear","Peace Pipe","Eternal Feather","AtMidnight","SkinProphecy","Old Coin","sneckomod:BlankCard","Akabeko","Pen Nib","MawBank","InTheNameOfLoveAndHate_r"],"acts_visited":["Exordium","TheCity","TheBeyond"],"potions_floor_usage":[35,39,41,50,50],"damage_taken":[{"damage":13.0,"enemies":"Jaw Worm","floor":1.0,"turns":4.0},{"damage":0.0,"enemies":"Cultist","floor":2.0,"turns":2.0},{"damage":0.0,"enemies":"Small Slimes","floor":3.0,"turns":1.0},{"damage":6.0,"enemies":"Looter","floor":5.0,"turns":3.0},{"damage":16.0,"enemies":"HollowMod:MossKnight","floor":6.0,"turns":5.0},{"damage":0.0,"enemies":"Blue Slaver","floor":8.0,"turns":2.0},{"damage":0.0,"enemies":"Blue Slaver","floor":13.0,"turns":1.0},{"damage":31.0,"enemies":"Hexaghost","floor":16.0,"turns":10.0},{"damage":0.0,"enemies":"3 Byrds","floor":18.0,"turns":2.0},{"damage":1.0,"enemies":"Spheric Guardian","floor":21.0,"turns":3.0},{"damage":14.0,"enemies":"Centurion and Healer","floor":22.0,"turns":4.0},{"damage":0.0,"enemies":"Gremlin Leader","floor":23.0,"turns":7.0},{"damage":0.0,"enemies":"Sentry and Sphere","floor":24.0,"turns":4.0},{"damage":10.0,"enemies":"Cultist and Chosen","floor":25.0,"turns":7.0},{"damage":31.0,"enemies":"HollowMod:Nosk","floor":28.0,"turns":7.0},{"damage":63.0,"enemies":"Automaton","floor":33.0,"turns":13.0},{"damage":9,"enemies":"3 Darklings","floor":35,"turns":12},{"damage":8,"enemies":"Mind Bloom Boss Battle","floor":36,"turns":8},{"damage":0,"enemies":"Orb Walker","floor":38,"turns":4},{"damage":36,"enemies":"Transient","floor":39,"turns":5},{"damage":73,"enemies":"Giant Head","floor":41,"turns":9},{"damage":0,"enemies":"Jaw Worm Horde","floor":44,"turns":3},{"damage":8,"enemies":"Writhing Mass","floor":47,"turns":5},{"damage":68,"enemies":"Donu and Deca","floor":50,"turns":5}],"seed_played":"7353447761010252258","potions_obtained":[{"floor":1.0,"key":"bronze:BurnAndBuffPotion"},{"floor":2.0,"key":"hermit:Tonic"},{"floor":4.0,"key":"PowerPotion"},{"floor":21.0,"key":"Strength Potion"},{"floor":22.0,"key":"FearPotion"},{"floor":23.0,"key":"champ:CounterPotion"},{"floor":24.0,"key":"Fire Potion"},{"floor":28.0,"key":"PowerPotion"},{"floor":38,"key":"Regen Potion"},{"floor":44,"key":"sneckomod:MuddlingPotion"},{"floor":47,"key":"bronze:BurnAndBuffPotion"}],"is_trial":false,"path_per_floor":["M","M","M","?","M","E","R","M","T","R","?","$","M","?","R","B",null,"M","?","?","M","M","E","M","M","T","?","E","$","R","?","R","B",null,"M","?","?","M","M","R","E","?","T","M","R","?","M","$","R","B"],"character_chosen":"HERMIT","items_purchased":["Oddly Smooth Stone","hermit:Dive","Dexterity Potion"],"campfire_rested":1,"item_purchase_floors":[12,12,48],"current_hp_per_floor":[62,62,62,62,56,40,40,40,40,40,40,40,42,35,35,6,75,75,75,75,74,61,73,75,67,67,67,38,38,47,95,95,32,95,90,92,71,72,52,61,50,50,50,49,58,58,52,52,93,0,0],"gold":11,"neow_bonus":"","is_daily":false,"chose_seed":false,"campfire_upgraded":5,"win_rate":0.0,"timestamp":1611600190,"path_taken":["M","M","M","?","?","E","R","?","T","R","?","$","M","?","R","BOSS","M","?","?","M","M","E","M","M","T","?","E","$","R","?","R","BOSS","M","?","?","?","M","R","E","?","T","M","R","?","M","$","R","BOSS"],"items_purchased_type":["Relic","Card","Potion"],"build_version":"2020-12-22","purchased_purges":1,"victory":false,"max_hp_per_floor":[75,75,75,75,75,75,75,75,75,75,75,75,75,75,75,75,75,75,75,75,75,75,85,85,85,85,85,85,85,85,95,95,95,95,95,97,97,99,101,101,103,103,103,105,105,105,107,107,107,66,66],"relic_stats":{"Blood Vial":29,"Peace Pipe":2,"SsserpentHead":0,"counters":[28,130],"Bronze Scales":[481],"Eternal Feather":36,"Ectoplasm":1190,"Pen Nib":[2],"Kunai":[16],"MawBank":0,"obtain_stats":[{"RabbitCall":0,"Pear":23,"InTheNameOfLoveAndHate_r":47,"sneckomod:BlankCard":37,"Oddly Smooth Stone":12,"Eternal Feather":28,"Pen Nib":43,"AdjustmentMirror":22,"SkinProphecy":35,"MawBank":46,"Akabeko":41,"Old Coin":36,"Blood Vial":11,"Peace Pipe":26,"SsserpentHead":20,"CogitoBucket":0,"TreeSap":8,"Bronze Scales":9,"AtMidnight":35,"Ectoplasm":17,"LetterFromLob":1,"Kunai":6,"HollowMod:PaleOreRelic":14,"hermit:Momento":0},{"RabbitCall":0,"Pear":14,"InTheNameOfLoveAndHate_r":26,"sneckomod:BlankCard":21,"Oddly Smooth Stone":7,"Eternal Feather":17,"Pen Nib":24,"AdjustmentMirror":13,"SkinProphecy":20,"MawBank":25,"Akabeko":24,"Old Coin":21,"Blood Vial":7,"Peace Pipe":16,"SsserpentHead":10,"CogitoBucket":0,"TreeSap":7,"Bronze Scales":7,"AtMidnight":20,"Ectoplasm":9,"LetterFromLob":1,"Kunai":5,"HollowMod:PaleOreRelic":8,"hermit:Momento":0},{"RabbitCall":0,"Pear":46,"InTheNameOfLoveAndHate_r":122,"sneckomod:BlankCard":98,"Oddly Smooth Stone":18,"Eternal Feather":64,"Pen Nib":116,"AdjustmentMirror":39,"SkinProphecy":90,"MawBank":119,"Akabeko":116,"Old Coin":98,"Blood Vial":18,"Peace Pipe":57,"SsserpentHead":31,"CogitoBucket":0,"TreeSap":18,"Bronze Scales":18,"AtMidnight":90,"Ectoplasm":29,"LetterFromLob":4,"Kunai":15,"HollowMod:PaleOreRelic":19,"hermit:Momento":0}]},"card_choices":[{"not_picked":["hermit:Grudge","hermit:SprayPray"],"picked":"hermit:WideOpen","floor":1.0},{"not_picked":["UniverseFragment","MHz"],"picked":"Scorched","floor":1.0},{"not_picked":["BeautyBeast","Woodsman","WhitesApple"],"picked":"Singing Bowl","floor":2.0},{"not_picked":["hermit:Desperado","hermit:CalledShot","hermit:Coalescence"],"picked":"SKIP","floor":2.0},{"not_picked":["CherryBlossoms","BeautyBeast","Alriune"],"picked":"Singing Bowl","floor":3.0},{"not_picked":["Wellcheers","FairyFestival"],"picked":"UniverseFragment","floor":3.0},{"not_picked":["hermit:Roulette","hermit:SprayPray","hermit:ShadowCloak"],"picked":"SKIP","floor":3.0},{"not_picked":["LaLuna","Variant","ShyLook"],"picked":"Singing Bowl","floor":5.0},{"not_picked":["hermit:Dive","hermit:Desperado","hermit:SprayPray"],"picked":"SKIP","floor":5.0},{"not_picked":["VoidDream","SpiderBud","DespairKnight"],"picked":"Singing Bowl","floor":6.0},{"not_picked":["hermit:Dive","hermit:SprayPray","hermit:TakeAim"],"picked":"SKIP","floor":6.0},{"not_picked":["FieryBird","BeautyBeast","CherryBlossoms"],"picked":"Singing Bowl","floor":13.0},{"not_picked":["hermit:Grudge","hermit:Manifest","hermit:BodyArmor"],"picked":"SKIP","floor":13.0},{"not_picked":["MHz","BeautyBeast","CrumblingArmor"],"picked":"Singing Bowl","floor":16.0},{"not_picked":["hermit:Feint+1","hermit:BigShot"],"picked":"hermit:Manifest","floor":18.0},{"not_picked":["Wellcheers","BlackSwan","GreedKing"],"picked":"Singing Bowl","floor":18.0},{"not_picked":["SingingMachine","Laetitia","SpiderBud"],"picked":"Singing Bowl","floor":21.0},{"not_picked":["hermit:Manifest+1","hermit:Misfire+1","hermit:Feint"],"picked":"SKIP","floor":21.0},{"not_picked":["SilentOrchestra","Alriune","WallGazer"],"picked":"Singing Bowl","floor":22.0},{"not_picked":["hermit:HoleUp","hermit:Headshot","hermit:Snipe"],"picked":"SKIP","floor":22.0},{"not_picked":["VoidDream","Wellcheers","Woodsman"],"picked":"Singing Bowl","floor":23.0},{"not_picked":["hermit:Maintenance","hermit:FullyLoaded","hermit:Misfire"],"picked":"SKIP","floor":23.0},{"not_picked":["BigBird","Wellcheers","CherryBlossoms"],"picked":"Singing Bowl","floor":24.0},{"not_picked":["hermit:BodyArmor+1","hermit:HighCaliber","hermit:TrackingShot"],"picked":"SKIP","floor":24.0},{"not_picked":["hermit:WideOpen","hermit:Desperado"],"picked":"hermit:Dive","floor":25.0},{"not_picked":["CrumblingArmor","SnowQueen","MeatLantern"],"picked":"Singing Bowl","floor":25.0},{"not_picked":["Freischutz","OSAHOGD","QueenBee"],"picked":"Singing Bowl","floor":28.0},{"not_picked":["Yin","LittlePrince"],"picked":"BlackArmy","floor":28.0},{"not_picked":["hermit:Virtue+1","hermit:Misfire+1","hermit:OverwhelmingPower"],"picked":"SKIP","floor":28.0},{"not_picked":["hermit:FinalCanter","hermit:DeadOrAlive"],"picked":"hermit:Roughhouse","floor":33.0},{"not_picked":["FieryBird","Rudolta","ShyLook"],"picked":"Singing Bowl","floor":33.0},{"not_picked":["Woodsman","FieryBird"],"picked":"QueenOfHatred","floor":33.0},{"not_picked":["GalaxyChild","Woodsman","SingingMachine"],"picked":"Singing Bowl","floor":35},{"not_picked":["hermit:Dive+1","hermit:Coalescence+1"],"picked":"hermit:Glare+1","floor":35},{"not_picked":["BlueStar","Variant"],"picked":"BlackArmy","floor":36},{"not_picked":["LittlePrince","PunishingBird","CherryBlossoms"],"picked":"Singing Bowl","floor":38},{"not_picked":["hermit:LuckOfTheDraw","hermit:BodyArmor","hermit:Horror+1"],"picked":"SKIP","floor":38},{"not_picked":["RedShoes","CENSORED","BigBadWolf"],"picked":"Singing Bowl","floor":39},{"not_picked":["hermit:PistolWhip","hermit:ItchyTrigger","hermit:HighNoon"],"picked":"SKIP","floor":39},{"not_picked":["OSAHOGD","Freischutz","FieryBird"],"picked":"Singing Bowl","floor":41},{"not_picked":["hermit:Misfire+1","hermit:Headshot","hermit:Gambit"],"picked":"SKIP","floor":41},{"not_picked":["PunishingBird","SilentOrchestra","SpiderBud"],"picked":"Singing Bowl","floor":44},{"not_picked":["LongBird","Laetitia"],"picked":"BlueStar","floor":44},{"not_picked":["hermit:Quickdraw+1","hermit:NoHoldsBarred+1","hermit:ItchyTrigger"],"picked":"SKIP","floor":44},{"not_picked":["ShyLook","BigBadWolf","SpiderBud"],"picked":"Singing Bowl","floor":47},{"not_picked":["hermit:Enervate","hermit:Ricochet","hermit:Misfire+1"],"picked":"SKIP","floor":47}],"player_experience":1089443,"relics_obtained":[{"floor":1.0,"key":"LetterFromLob"},{"floor":6.0,"key":"Kunai"},{"floor":9.0,"key":"Bronze Scales"},{"floor":23.0,"key":"Pear"},{"floor":26.0,"key":"Peace Pipe"},{"floor":28.0,"key":"Eternal Feather"},{"floor":35,"key":"AtMidnight"},{"floor":36,"key":"Old Coin"},{"floor":41,"key":"Akabeko"},{"floor":43,"key":"Pen Nib"}],"event_choices":[{"damage_healed":0.0,"max_hp_gain":0.0,"max_hp_loss":0.0,"gold_gain":0.0,"event_name":"Lab","player_choice":"Got Potions","floor":4.0,"gold_loss":0.0,"damage_taken":0.0},{"damage_healed":0.0,"max_hp_gain":0.0,"max_hp_loss":0.0,"gold_gain":0.0,"event_name":"Big Fish","player_choice":"Box","floor":11.0,"gold_loss":0.0,"damage_taken":0.0,"relics_obtained":["Blood Vial"],"cards_obtained":["Regret"]},{"damage_healed":0.0,"max_hp_gain":0.0,"max_hp_loss":0.0,"gold_gain":0.0,"event_name":"betterThird:BetterScrap","player_choice":"Relic ","floor":14.0,"gold_loss":0.0,"damage_taken":7.0,"cards_obtained":["Setup"]},{"damage_healed":0.0,"max_hp_gain":0.0,"max_hp_loss":0.0,"gold_gain":0.0,"event_name":"FaceTrader","player_choice":"Trade","floor":20.0,"gold_loss":0.0,"damage_taken":0.0,"relics_obtained":["SsserpentHead"]},{"damage_healed":0.0,"max_hp_gain":0.0,"max_hp_loss":0.0,"gold_gain":99.0,"event_name":"betterThird:BetterNest","player_choice":"Steal","floor":27.0,"gold_loss":0.0,"damage_taken":0.0},{"cards_removed":["BlackArmy"],"damage_healed":38.0,"max_hp_gain":10.0,"max_hp_loss":0.0,"gold_gain":0.0,"event_name":"Bonfire Elementals","player_choice":"Offered Rare","floor":31.0,"gold_loss":0.0,"damage_taken":0.0},{"damage_healed":0,"gold_gain":0,"player_choice":"Fight","damage_taken":0,"max_hp_gain":0,"max_hp_loss":0,"event_name":"MindBloom","floor":36,"gold_loss":0},{"damage_healed":0,"gold_gain":0,"player_choice":"RE ","damage_taken":23,"relics_obtained":["sneckomod:BlankCard"],"max_hp_gain":0,"max_hp_loss":0,"event_name":"betterSkull:BetterSkull","floor":37,"gold_loss":0,"cards_upgraded":[]},{"damage_healed":0,"gold_gain":0,"player_choice":"Gave Potion","damage_taken":0,"relics_obtained":["MawBank"],"max_hp_gain":0,"max_hp_loss":0,"event_name":"WeMeetAgain","floor":46,"gold_loss":0}],"is_beta":false,"boss_relics":[{"not_picked":["Runic Pyramid","Tiny House"],"picked":"Ectoplasm"},{"not_picked":["Runic Dome","bronze:MakeshiftBattery","Astrolabe"]}],"items_purged_floors":[29],"is_endless":false,"potions_floor_spawned":[1,2,5,21,22,23,24,28,38,44,47],"killed_by":"Donu and Deca","ascension_level":3}}