{"host":"v3mpq6flurzldi5g","time":1611599279,"event":{"mods":["AchievementEnabler","BaseMod","Colored Powertips","Highlight Path","Minty Spire (QoL Compilation)","StSLib"],"gold_per_floor":[116,130,19,34,48,48,62,74,128,128,148,148,248,268,268,367,367,378,378,365,365,365],"floor_reached":21,"language":"ENG","playtime":1128,"items_purged":["Strike_G"],"score":280,"play_id":"b152abf0-bb9b-49c8-bdb7-9f493a39800c","local_time":"20210125132759","is_ascension_mode":true,"campfire_choices":[{"data":"Predator","floor":6,"key":"SMITH"},{"floor":10,"key":"REST"},{"floor":12,"key":"REST"},{"data":"Defend_G","floor":15,"key":"SMITH"}],"circlet_count":0,"master_deck":["AscendersBane","Strike_G","Strike_G","Defend_G","Defend_G","Defend_G","Defend_G","Survivor","Neutralize+1","Cloak And Dagger","Predator+1","Infinite Blades","Infinite Blades","Footwork","Caltrops","Adrenaline","Outmaneuver+1","Deflect+1","Finisher+1","Poisoned Stab+1","Decay","Crippling Poison"],"relics":["Ring of the Snake","Nunchaku","Astrolabe"],"acts_visited":["Exordium","TheCity"],"potions_floor_usage":[7,14,16,21],"damage_taken":[{"damage":3,"enemies":"2 Louse","floor":1,"turns":4},{"damage":0,"enemies":"Cultist","floor":2,"turns":4},{"damage":1,"enemies":"Jaw Worm","floor":4,"turns":5},{"damage":6,"enemies":"Looter","floor":5,"turns":3},{"damage":6,"enemies":"3 Louse","floor":7,"turns":2},{"damage":11,"enemies":"2 Fungi Beasts","floor":8,"turns":4},{"damage":12,"enemies":"Exordium Wildlife","floor":11,"turns":4},{"damage":8,"enemies":"Lots of Slimes","floor":14,"turns":5},{"damage":9,"enemies":"Hexaghost","floor":16,"turns":11},{"damage":18,"enemies":"Spheric Guardian","floor":18,"turns":5},{"damage":17,"enemies":"2 Thieves","floor":20,"turns":4},{"damage":34,"enemies":"Snecko","floor":21,"turns":5}],"seed_played":"6281830172883748744","potions_obtained":[{"floor":2,"key":"ColorlessPotion"},{"floor":4,"key":"Block Potion"},{"floor":5,"key":"LiquidBronze"},{"floor":11,"key":"Block Potion"},{"floor":14,"key":"LiquidMemories"},{"floor":20,"key":"BlessingOfTheForge"}],"is_trial":false,"path_per_floor":["M","M","$","M","M","R","M","M","T","R","M","R","?","M","R","B",null,"M","?","M","M"],"character_chosen":"THE_SILENT","items_purchased":["Infinite Blades"],"campfire_rested":2,"item_purchase_floors":[3],"current_hp_per_floor":[60,60,60,59,53,53,47,36,36,57,45,66,66,58,58,49,65,47,47,30,0,0],"gold":365,"neow_bonus":"UPGRADE_CARD","is_daily":false,"chose_seed":false,"campfire_upgraded":2,"win_rate":0.0,"timestamp":1611599279,"path_taken":["M","M","$","M","M","R","M","M","T","R","M","R","?","?","R","BOSS","M","?","M","M"],"items_purchased_type":["Card"],"build_version":"2020-12-22","purchased_purges":1,"victory":false,"max_hp_per_floor":[70,70,70,70,70,70,70,70,70,70,70,70,70,70,70,70,70,70,70,70,70,70],"card_choices":[{"not_picked":["Acrobatics","Poisoned Stab"],"picked":"Cloak And Dagger","floor":1},{"not_picked":["Blade Dance","Outmaneuver"],"picked":"Predator","floor":2},{"not_picked":["Dagger Spray","Reflex"],"picked":"Infinite Blades","floor":4},{"not_picked":["Flechettes","Bane","All Out Attack"],"picked":"SKIP","floor":5},{"not_picked":["Prepared","PiercingWail","Wraith Form v2"],"picked":"SKIP","floor":7},{"not_picked":["Poisoned Stab","Backstab"],"picked":"Footwork","floor":8},{"not_picked":["Prepared","Outmaneuver"],"picked":"Caltrops","floor":11},{"not_picked":["Bane","Underhanded Strike","Masterful Stab"],"picked":"SKIP","floor":14},{"not_picked":["Night Terror","Malaise"],"picked":"Adrenaline","floor":16},{"not_picked":["Sucker Punch+1","Underhanded Strike"],"picked":"Poisoned Stab+1","floor":18},{"not_picked":["Backflip","Dagger Throw"],"picked":"Crippling Poison","floor":20}],"player_experience":1051740,"relics_obtained":[{"floor":9,"key":"Nunchaku"}],"event_choices":[{"damage_healed":0,"gold_gain":100,"player_choice":"Pray","damage_taken":0,"max_hp_gain":0,"max_hp_loss":0,"event_name":"Golden Shrine","floor":13,"gold_loss":0},{"damage_healed":0,"gold_gain":0,"player_choice":"Cursed","damage_taken":0,"max_hp_gain":0,"max_hp_loss":0,"event_name":"Wheel of Change","floor":19,"gold_loss":0,"cards_obtained":["Decay"]}],"is_beta":false,"boss_relics":[{"not_picked":["Snecko Eye","Empty Cage"],"picked":"Astrolabe"}],"items_purged_floors":[3],"is_endless":false,"potions_floor_spawned":[2,4,5,11,14,20],"killed_by":"Snecko","ascension_level":12}}