{"host":"rjfefv2ruvigm2gb","time":1611595282,"event":{"mods":["Act Like it!","AlwaysNeverKeys","BaseMod","Better Third Choice","Block Reminder","Conspire","Curses Come First","Displayed Cursed Tome","Downfall","Elementarium","Fox Events","GifTheSpireLib","Gold Saver","Googly Eyes","HexUI Lib","Hubris","Infinite Spire","Ironclad Rager","Luminous","Marked Mod","Mimic Mod","Minty Spire (QoL Compilation)","Permanent Neow","Poor People Problems","Quick Restart","Relic Filter","Relic Stats","Replay The Spire","Retaliation","Shop Mod","Small Relic Pack","StS++","StSLib","Stuff the Spire","SuperFastMode","The Blue Laboratory","Transform Curses","Uncapped","Virulent Crown","Watcher Patcher"],"gold_per_floor":[620,640,657,507,523,523,573,573,643,643,674,674,674,750,815,815,815],"floor_reached":16,"language":"ENG","playtime":44608,"items_purged":[],"score":133,"play_id":"759b0d9f-4dbe-47bb-bbd9-0ff91cf41efb","local_time":"20210125112122","is_ascension_mode":false,"campfire_choices":[{"data":"Luminous:Concentrate_Luminous","floor":6,"key":"SMITH"},{"data":"Luminous:Fast_Spell_Luminous","floor":8,"key":"SMITH"},{"data":"Luminous:Ethereal_Form_Luminous","floor":10,"key":"SMITH"},{"data":"Luminous:Lunar_Tide_Luminous","floor":12,"key":"SMITH"}],"circlet_count":0,"master_deck":["Luminous:Light_Flash_Shower","Luminous:Light_Flash_Shower","Luminous:Light_Flash_Shower","Luminous:Dark_Abyssal_Drop","Luminous:Dark_Abyssal_Drop","Luminous:Dark_Abyssal_Drop","Luminous:Defend_Luminous","Luminous:Defend_Luminous","Luminous:Defend_Luminous","Luminous:Defend_Luminous","Luminous:Fast_Spell_Luminous+1","Luminous:Blinding_Pillar_Luminous","Luminous:Concentrate_Luminous+1","Luminous:Ethereal_Form_Luminous+1","Luminous:Switch_Luminous","Luminous:Lunar_Tide_Luminous+1","Luminous:Dark_Pressure_Void","Luminous:Light_Wash_Luminous+1"],"relics":["Luminous:MirrorRelic","downfall:HeartBlessingGreen","downfall:HeartBlessingRed","downfall:HeartBlessingBlue","infinitespire:EvilPickle","Gremlin Food","StuffTheSpire:Mouthbags","Frozen Egg 2","infinitespire:Eraser"],"acts_visited":["Exordium"],"potions_floor_usage":[9,11,14,15],"damage_taken":[{"damage":0,"enemies":"Small Slimes","floor":2,"turns":3},{"damage":0,"enemies":"Cultist","floor":3,"turns":4},{"damage":5,"enemies":"Jaw Worm","floor":5,"turns":4},{"damage":18,"enemies":"Lagavulin","floor":9,"turns":10},{"damage":20,"enemies":"Exordium Wildlife","floor":11,"turns":10},{"damage":30,"enemies":"3 Sentries","floor":14,"turns":9},{"damage":15,"enemies":"Exordium Wildlife","floor":15,"turns":7},{"damage":31,"enemies":"IC_STATUS_ARCHETYPE","floor":16,"turns":8}],"seed_played":"-3927143888494696762","potions_obtained":[{"floor":0,"key":"Regen Potion"},{"floor":0,"key":"Adrenaline Potion"},{"floor":0,"key":"blueLaboratory:BottledHope"},{"floor":3,"key":"blueLaboratory:RecallPotion"},{"floor":14,"key":"blueLaboratory:EmptyBottle"}],"is_trial":false,"path_per_floor":["R","M","M","?","M","R","T","R","E","R","MIM","R","T","E","M","B"],"character_chosen":"LuminousClass","items_purchased":[],"campfire_rested":0,"item_purchase_floors":[],"current_hp_per_floor":[85,85,85,95,90,90,90,90,84,84,64,64,64,34,19,0,0],"gold":815,"neow_bonus":"THREE_SMALL_POTIONS","is_daily":false,"chose_seed":false,"campfire_upgraded":4,"win_rate":0.0,"timestamp":1611595282,"path_taken":["R","M","M","?","?","R","T","R","E","R","?","R","?","E","M","BOSS"],"items_purchased_type":[],"build_version":"2020-12-22","purchased_purges":0,"victory":false,"max_hp_per_floor":[85,85,85,95,95,95,95,95,95,95,95,95,95,95,95,95,95],"relic_stats":{"counters":[8,55],"obtain_stats":[{"infinitespire:EvilPickle":7,"Gremlin Food":9,"downfall:HeartBlessingRed":1,"StuffTheSpire:Mouthbags":11,"downfall:HeartBlessingBlue":1,"downfall:HeartBlessingGreen":1,"Luminous:MirrorRelic":0,"Frozen Egg 2":13,"infinitespire:Eraser":14},{"infinitespire:EvilPickle":3,"Gremlin Food":4,"downfall:HeartBlessingRed":0,"StuffTheSpire:Mouthbags":5,"downfall:HeartBlessingBlue":0,"downfall:HeartBlessingGreen":0,"Luminous:MirrorRelic":0,"Frozen Egg 2":5,"infinitespire:Eraser":6},{"infinitespire:EvilPickle":11,"Gremlin Food":21,"downfall:HeartBlessingRed":0,"StuffTheSpire:Mouthbags":31,"downfall:HeartBlessingBlue":0,"downfall:HeartBlessingGreen":0,"Luminous:MirrorRelic":0,"Frozen Egg 2":31,"infinitespire:Eraser":40}]},"card_choices":[{"not_picked":["Luminous:Dark_Dim_Erosion","Luminous:Light_Sylvan_Lance"],"picked":"Luminous:Fast_Spell_Luminous","floor":2},{"not_picked":["Luminous:Light_Wash_Luminous","Luminous:Sympathy_Luminous"],"picked":"Luminous:Blinding_Pillar_Luminous","floor":3},{"not_picked":["Luminous:Accumulation_Luminous","Luminous:Light_Wash_Luminous"],"picked":"Luminous:Concentrate_Luminous","floor":5},{"not_picked":["Luminous:Dark_Raid","Luminous:Concentrate_Luminous"],"picked":"Luminous:Ethereal_Form_Luminous","floor":9},{"not_picked":["Luminous:Light_Sylvan_Lance","Luminous:Blinding_Pillar_Luminous"],"picked":"Luminous:Lunar_Tide_Luminous","floor":11},{"not_picked":["Luminous:Blinding_Pillar_Luminous","Luminous:Concentrate_Luminous"],"picked":"Luminous:Dark_Pressure_Void","floor":14},{"not_picked":["Luminous:Dark_Dim_Erosion","Luminous:Shadow_Shell_Luminous"],"picked":"Luminous:Light_Wash_Luminous+1","floor":15}],"player_experience":1068410,"relics_obtained":[{"floor":7,"key":"infinitespire:EvilPickle"},{"floor":9,"key":"Gremlin Food"},{"floor":11,"key":"StuffTheSpire:Mouthbags"},{"floor":13,"key":"Frozen Egg 2"},{"floor":14,"key":"infinitespire:Eraser"}],"event_choices":[],"is_beta":false,"boss_relics":[],"items_purged_floors":[],"is_endless":false,"potions_floor_spawned":[3,14],"killed_by":"IC_STATUS_ARCHETYPE","ascension_level":0}}