{"host":"lte3xujvwediduij","time":1611563591,"event":{"mods":["Aspiration","BaseMod","Better-Laid Plans","Minty Spire (QoL Compilation)","Spicy Shops","StSLib","¡¾ÒÅÎï¿¨ÅÆ¡¿REMEMod","óô»ðÖ¸ÄÏ"],"gold_per_floor":[110,125,135,135,152,181,195,225,225,225,225,36,51,51,51,149,149,168,168,168,186,198,225,225,150,196,208,221,75,75,75],"floor_reached":30,"language":"ZHS","playtime":1415,"items_purged":["Pain"],"score":262,"play_id":"c28ef4da-c93d-423b-a2b1-6e46fb5d8525","local_time":"20210125163311","is_ascension_mode":false,"campfire_choices":[{"floor":10.0,"key":"RECALL"},{"data":"Strike_B","floor":15.0,"key":"PURGE"},{"data":"Strike_B","floor":24,"key":"PURGE"}],"circlet_count":0,"master_deck":["Strike_B+1","Strike_B+1","Defend_B","Defend_B","Defend_B","Zap","Dualcast","Conserve Battery","Hologram","Ball Lightning","Amplify","Redo","Ball Lightning","White Noise","Defragment+1","Electrodynamics+1","CurseOfTheBell","Necronomicurse","White Noise","Redo+1","Storm+1","Barrage+1","White Noise+1","Loop+1"],"relics":["Cracked Core","REME_ComplimentaryCards","WarpedTongs","Matryoshka","Whetstone","aspiration:StickyExplosives_weak","Frozen Egg 2","Peace Pipe","Calling Bell","Blood Vial","Molten Egg 2","TungstenRod","Necronomicon","Regal Pillow","Orichalcum","Bag of Marbles","Sling"],"acts_visited":["Exordium","TheCity"],"potions_floor_usage":[23,30],"damage_taken":[{"damage":9.0,"enemies":"Small Slimes","floor":1.0,"turns":4.0},{"damage":0.0,"enemies":"Cultist","floor":2.0,"turns":4.0},{"damage":1.0,"enemies":"Jaw Worm","floor":3.0,"turns":4.0},{"damage":7.0,"enemies":"Looter","floor":5.0,"turns":3.0},{"damage":13.0,"enemies":"Lagavulin","floor":6.0,"turns":6.0},{"damage":14.0,"enemies":"Blue Slaver","floor":7.0,"turns":4.0},{"damage":11.0,"enemies":"Gremlin Nob","floor":8.0,"turns":3.0},{"damage":0.0,"enemies":"3 Louse","floor":13.0,"turns":3.0},{"damage":17.0,"enemies":"The Guardian","floor":16.0,"turns":8.0},{"damage":0.0,"enemies":"Spheric Guardian","floor":18.0,"turns":3.0},{"damage":3.0,"enemies":"3 Byrds","floor":21.0,"turns":3.0},{"damage":18.0,"enemies":"Sentry and Sphere","floor":22.0,"turns":5.0},{"damage":35,"enemies":"REME_1_Revenger","floor":23,"turns":5},{"damage":12,"enemies":"Snake Plant","floor":27,"turns":3},{"damage":1,"enemies":"Snecko","floor":28,"turns":3},{"damage":13,"enemies":"Gremlin Leader","floor":30,"turns":2}],"seed_played":"-8600082411420859513","potions_obtained":[{"floor":2.0,"key":"LiquidBronze"},{"floor":3.0,"key":"SneckoOil"},{"floor":6.0,"key":"DistilledChaos"},{"floor":22.0,"key":"PowerPotion"},{"floor":28,"key":"EssenceOfSteel"}],"is_trial":false,"path_per_floor":["M","M","M","?","M","E","M","E","T","R","?","R","M","?","R","B",null,"M","?","?","M","M","E","R","?","T","M","M","R","E"],"character_chosen":"DEFECT","items_purchased":["Defragment+1","Peace Pipe","Sling","Loop+1"],"campfire_rested":0,"item_purchase_floors":[12,12,29,29],"current_hp_per_floor":[73,73,72,72,65,52,38,27,27,27,27,27,27,20,20,3,82,82,70,70,69,53,20,20,20,20,10,11,11,0,0],"gold":75,"neow_bonus":"TEN_PERCENT_HP_BONUS","is_daily":false,"chose_seed":false,"campfire_upgraded":0,"win_rate":0.0,"timestamp":1611563591,"path_taken":["M","M","M","?","?","E","M","E","T","R","?","R","M","?","R","BOSS","M","?","?","M","M","E","R","?","T","M","M","R","E"],"items_purchased_type":["Card","Relic","Relic","Card"],"build_version":"2020-12-22","purchased_purges":1,"victory":false,"max_hp_per_floor":[82,82,82,82,82,82,82,82,82,82,82,82,82,82,82,82,82,82,82,82,82,82,82,82,82,82,82,82,82,82,82],"card_choices":[{"not_picked":["Coolheaded","Beam Cell"],"picked":"Conserve Battery","floor":1.0},{"not_picked":["Coolheaded","Steam"],"picked":"Hologram","floor":2.0},{"not_picked":["Conserve Battery","Fusion"],"picked":"Ball Lightning","floor":3.0},{"not_picked":["Coolheaded","Darkness"],"picked":"Amplify","floor":5.0},{"not_picked":["Blizzard","Streamline"],"picked":"Redo","floor":6.0},{"not_picked":["Rip and Tear","Conserve Battery"],"picked":"Ball Lightning","floor":7.0},{"not_picked":["Gash","Sweeping Beam"],"picked":"White Noise","floor":8.0},{"not_picked":["Fusion","Skim","Coolheaded"],"picked":"SKIP","floor":13.0},{"not_picked":["Hyperbeam","Buffer+1"],"picked":"Electrodynamics+1","floor":16.0},{"not_picked":["Compile Driver+1","Hologram","Streamline+1"],"picked":"SKIP","floor":18.0},{"not_picked":["Redo+1","Conserve Battery"],"picked":"White Noise","floor":21.0},{"not_picked":["Conserve Battery","Streamline+1"],"picked":"Redo+1","floor":22.0},{"not_picked":["Compile Driver+1","Streamline+1","Ball Lightning+1"],"picked":"Storm+1","floor":23},{"not_picked":["Ball Lightning+1","Rip and Tear+1"],"picked":"Barrage+1","floor":27},{"not_picked":["Thunder Strike+1","Sweeping Beam+1"],"picked":"White Noise+1","floor":28}],"player_experience":27370,"relics_obtained":[{"floor":6.0,"key":"Matryoshka"},{"floor":8.0,"key":"Whetstone"},{"floor":9.0,"key":"aspiration:StickyExplosives_weak"},{"floor":17.0,"key":"Blood Vial"},{"floor":17.0,"key":"Molten Egg 2"},{"floor":17.0,"key":"TungstenRod"},{"floor":19.0,"key":"Necronomicon"},{"floor":23,"key":"Regal Pillow"},{"floor":26,"key":"Orichalcum"},{"floor":26,"key":"Bag of Marbles"}],"event_choices":[{"damage_healed":0.0,"max_hp_gain":0.0,"max_hp_loss":0.0,"gold_gain":0.0,"event_name":"Accursed Blacksmith","player_choice":"Rummage","floor":4.0,"gold_loss":0.0,"damage_taken":0.0,"relics_obtained":["WarpedTongs"],"cards_obtained":["Pain"]},{"cards_removed":["Injury"],"damage_healed":0.0,"max_hp_gain":0.0,"max_hp_loss":0.0,"gold_gain":0.0,"event_name":"Golden Wing","player_choice":"Card Removal","floor":14.0,"gold_loss":0.0,"damage_taken":7.0},{"damage_healed":0.0,"max_hp_gain":0.0,"max_hp_loss":0.0,"gold_gain":0.0,"event_name":"Cursed Tome","player_choice":"Obtained Book","floor":19.0,"gold_loss":0.0,"damage_taken":16.0},{"damage_healed":0.0,"max_hp_gain":0.0,"max_hp_loss":0.0,"gold_gain":0.0,"event_name":"Ghosts","player_choice":"Ignored","floor":20.0,"gold_loss":0.0,"damage_taken":0.0},{"cards_removed":["Defend_B"],"damage_healed":0,"gold_gain":0,"player_choice":"Gave Gold","damage_taken":0,"max_hp_gain":0,"max_hp_loss":0,"event_name":"Beggar","floor":25,"gold_loss":75}],"is_beta":false,"boss_relics":[{"not_picked":["Snecko Eye","aspiration:RunicSpoon"],"picked":"Calling Bell"}],"items_purged_floors":[12],"is_endless":false,"potions_floor_spawned":[2,3,6,22,28],"killed_by":"Gremlin Leader","ascension_level":0}}