{"host":"f5gffvlv6a66yqkd","time":1611565550,"event":{"mods":["2.2 Compatiblity","BaseMod","Colored Map","Custom Start","DeckTracker","Keyboard Shortcuts","Minty Spire (QoL Compilation)","Permanent Neow","Quick Restart","Relic Stats","StSLib","SuperFastMode"],"gold_per_floor":[363,413,151,51,69,86,111,36,36,36,36,36,54,74,74,74,74],"floor_reached":16,"language":"KOR","playtime":385,"items_purged":["Doubt","Defend_G"],"score":200,"play_id":"416021f4-92d3-4049-ba2e-6eb4cd48ecc2","local_time":"20210125180550","is_ascension_mode":true,"campfire_choices":[{"data":"Blade Dance","floor":10.0,"key":"SMITH"},{"floor":12.0,"key":"REST"},{"data":"Flechettes","floor":15,"key":"SMITH"}],"circlet_count":0,"master_deck":["AscendersBane","Strike_G","Strike_G","Strike_G","Defend_G","Defend_G","Defend_G","Defend_G","Survivor","Neutralize","Quick Slash","Blade Dance+1","Dagger Throw","Well Laid Plans","Malaise","PiercingWail","Flechettes+1"],"relics":["Ring of the Snake","Bag of Preparation","WingedGreaves","Letter Opener"],"acts_visited":["Exordium"],"potions_floor_usage":[],"damage_taken":[{"damage":2.0,"enemies":"2 Louse","floor":1.0,"turns":4.0},{"damage":4.0,"enemies":"Cultist","floor":5.0,"turns":3.0},{"damage":3.0,"enemies":"Small Slimes","floor":6.0,"turns":3.0},{"damage":24.0,"enemies":"Lagavulin","floor":7.0,"turns":5.0},{"damage":0.0,"enemies":"3 Louse","floor":13.0,"turns":3.0},{"damage":21,"enemies":"Exordium Thugs","floor":14,"turns":5},{"damage":40,"enemies":"Slime Boss","floor":16,"turns":7}],"seed_played":"-4128644287342839833","potions_obtained":[{"floor":5.0,"key":"FearPotion"},{"floor":7.0,"key":"FairyPotion"}],"is_trial":false,"path_per_floor":["M","?","$","$","M","M","E","?","T","R","?","R","M","M","R","B"],"character_chosen":"THE_SILENT","items_purchased":["Bag of Preparation","Blade Dance"],"campfire_rested":1,"item_purchase_floors":[3,3],"current_hp_per_floor":[57,51,51,51,47,44,20,20,20,20,13,32,32,11,11,0,0],"gold":74,"neow_bonus":"TWO_FIFTY_GOLD","is_daily":false,"chose_seed":false,"campfire_upgraded":2,"win_rate":0.0,"timestamp":1611565550,"path_taken":["M","?","?","$","M","M","E","?","T","R","?","R","M","M","R","BOSS"],"items_purchased_type":["Relic","Card"],"build_version":"2020-12-22","purchased_purges":2,"victory":false,"max_hp_per_floor":[66,66,66,66,66,66,66,66,66,66,66,66,66,66,66,66,66],"relic_stats":{"counters":[7,30],"Bag of Preparation":[12],"Letter Opener":[5],"obtain_stats":[{"WingedGreaves":7,"Bag of Preparation":3,"Letter Opener":9,"Ring of the Snake":0},{"WingedGreaves":4,"Bag of Preparation":1,"Letter Opener":4,"Ring of the Snake":0},{"WingedGreaves":15,"Bag of Preparation":4,"Letter Opener":15,"Ring of the Snake":0}],"Ring of the Snake":[14]},"card_choices":[{"not_picked":["Blur","Dodge and Roll"],"picked":"Quick Slash","floor":1.0},{"not_picked":["Calculated Gamble","Bane"],"picked":"Dagger Throw","floor":5.0},{"not_picked":["Catalyst","Bouncing Flask"],"picked":"Well Laid Plans","floor":6.0},{"not_picked":["Blade Dance","Deflect"],"picked":"Malaise","floor":7.0},{"not_picked":["Deadly Poison","Setup"],"picked":"PiercingWail","floor":13.0},{"not_picked":["Calculated Gamble","Backflip"],"picked":"Flechettes","floor":14}],"player_experience":1612288,"relics_obtained":[{"floor":7.0,"key":"WingedGreaves"},{"floor":9.0,"key":"Letter Opener"}],"event_choices":[{"damage_healed":0.0,"max_hp_gain":0.0,"max_hp_loss":0.0,"gold_gain":50.0,"event_name":"FaceTrader","player_choice":"Touch","floor":2.0,"gold_loss":0.0,"damage_taken":6.0},{"cards_removed":["Strike_G"],"damage_healed":0.0,"max_hp_gain":0.0,"max_hp_loss":0.0,"gold_gain":0.0,"event_name":"The Cleric","player_choice":"Card Removal","floor":8.0,"gold_loss":75.0,"damage_taken":0.0},{"cards_removed":["Strike_G"],"damage_healed":0.0,"max_hp_gain":0.0,"max_hp_loss":0.0,"gold_gain":0.0,"event_name":"Golden Wing","player_choice":"Card Removal","floor":11.0,"gold_loss":0.0,"damage_taken":7.0}],"is_beta":false,"boss_relics":[],"items_purged_floors":[3,4],"is_endless":false,"potions_floor_spawned":[5,7],"killed_by":"Slime Boss","ascension_level":20}}