{"host":"hwrdjx5eod2cxh09","time":1611565437,"event":{"mods":["AchievementEnabler","BaseMod","Bestiary","Minty Spire (QoL Compilation)","Relic Stats"],"gold_per_floor":[15,34,34,34,50,77,77,87,132,132,143,185,206,224,224,322,372,388,399,413,413,338,338,238,238,264,279,292,115,127,144,144,239,239,255,266,116,127,127,127,141,170,221,221,221,221,221,232,232,232],"floor_reached":51,"language":"ENG","playtime":1753,"items_purged":["Strike_R","Strike_R","Defend_R","Thunderclap+1"],"score":843,"play_id":"f3eed50a-1901-49ed-b8fc-7357db70df75","local_time":"20210125180357","is_ascension_mode":false,"campfire_choices":[{"data":"Hemokinesis","floor":7.0,"key":"SMITH"},{"data":"Dropkick","floor":10.0,"key":"SMITH"},{"data":"Rage","floor":15.0,"key":"SMITH"},{"data":"Bash","floor":23.0,"key":"SMITH"},{"floor":32,"key":"REST"},{"floor":40,"key":"REST"},{"floor":45,"key":"REST"},{"floor":47,"key":"RECALL"},{"floor":49,"key":"REST"}],"circlet_count":0,"master_deck":["Bash+1","Hemokinesis+1","Dropkick+1","Rage+1"],"relics":["Burning Blood","Meat on the Bone","Orichalcum","CeramicFish","Tiny House","Whetstone","Empty Cage","Ice Cream","Bronze Scales"],"acts_visited":["Exordium","TheCity","TheBeyond"],"potions_floor_usage":[33,33,38,50,50],"damage_taken":[{"damage":8.0,"enemies":"Jaw Worm","floor":1.0,"turns":3.0},{"damage":2.0,"enemies":"Cultist","floor":2.0,"turns":2.0},{"damage":2.0,"enemies":"2 Louse","floor":5.0,"turns":2.0},{"damage":48.0,"enemies":"3 Sentries","floor":6.0,"turns":10.0},{"damage":3.0,"enemies":"2 Fungi Beasts","floor":8.0,"turns":3.0},{"damage":4.0,"enemies":"Gremlin Gang","floor":11.0,"turns":3.0},{"damage":12.0,"enemies":"Gremlin Nob","floor":12.0,"turns":3.0},{"damage":11.0,"enemies":"Lots of Slimes","floor":13.0,"turns":4.0},{"damage":4.0,"enemies":"Large Slime","floor":14.0,"turns":3.0},{"damage":34.0,"enemies":"Hexaghost","floor":16.0,"turns":9.0},{"damage":24.0,"enemies":"3 Byrds","floor":18.0,"turns":5.0},{"damage":4.0,"enemies":"2 Thieves","floor":19.0,"turns":3.0},{"damage":18.0,"enemies":"Centurion and Healer","floor":20.0,"turns":5.0},{"damage":20.0,"enemies":"Snake Plant","floor":27.0,"turns":4.0},{"damage":24,"enemies":"Shelled Parasite and Fungi","floor":28,"turns":4},{"damage":14,"enemies":"Centurion and Healer","floor":30,"turns":5},{"damage":16,"enemies":"Snecko","floor":31,"turns":4},{"damage":78,"enemies":"Champ","floor":33,"turns":11},{"damage":9,"enemies":"Orb Walker","floor":35,"turns":3},{"damage":12,"enemies":"3 Shapes","floor":36,"turns":3},{"damage":23,"enemies":"Writhing Mass","floor":38,"turns":3},{"damage":8,"enemies":"Jaw Worm Horde","floor":41,"turns":3},{"damage":51,"enemies":"Nemesis","floor":42,"turns":7},{"damage":10,"enemies":"Spire Growth","floor":48,"turns":4},{"damage":103,"enemies":"Time Eater","floor":50,"turns":11}],"seed_played":"-3884407393313058047","potions_obtained":[{"floor":6.0,"key":"Swift Potion"},{"floor":8.0,"key":"FairyPotion"},{"floor":11.0,"key":"EssenceOfSteel"},{"floor":13.0,"key":"DuplicationPotion"},{"floor":36,"key":"PowerPotion"},{"floor":41,"key":"SteroidPotion"},{"floor":42,"key":"Weak Potion"}],"is_trial":false,"path_per_floor":["M","M","?","?","M","E","R","M","T","R","M","E","M","M","R","B",null,"M","M","M","?","$","R","$","?","T","M","M","$","M","M","R","B",null,"M","M","$","M","$","R","M","E","T","$","R","?","R","M","R","B",null],"character_chosen":"IRONCLAD","items_purchased":["Weak Potion"],"campfire_rested":4,"item_purchase_floors":[29],"current_hp_per_floor":[78,80,80,80,80,38,38,53,53,53,55,49,56,58,58,42,85,67,69,57,57,57,57,57,57,57,55,49,49,53,55,80,20,85,82,76,76,59,59,84,82,49,49,49,74,74,74,70,85,41],"gold":232,"neow_bonus":"REMOVE_TWO","is_daily":false,"chose_seed":true,"campfire_upgraded":4,"win_rate":0.0,"timestamp":1611565437,"path_taken":["M","M","?","?","M","E","R","?","T","R","M","E","M","M","R","BOSS","M","?","M","?","$","R","$","?","T","M","M","$","?","M","R","BOSS","M","?","$","M","$","R","?","E","T","$","R","?","R","M","R","BOSS"],"items_purchased_type":["Potion"],"build_version":"2020-12-22","purchased_purges":4,"victory":true,"max_hp_per_floor":[80,80,80,80,80,80,80,80,80,80,80,80,80,80,80,80,85,85,85,85,85,85,85,85,85,85,85,85,85,85,85,85,85,85,85,85,85,85,85,85,85,85,85,85,85,85,85,85,85,85],"relic_stats":{"counters":[25,117],"CeramicFish":18,"Bronze Scales":[39],"Whetstone":[],"Orichalcum":[102],"obtain_stats":[{"Ice Cream":42,"Tiny House":17,"CeramicFish":12,"Bronze Scales":43,"Whetstone":26,"Orichalcum":9,"Empty Cage":34,"Burning Blood":0,"Meat on the Bone":6},{"Ice Cream":23,"Tiny House":10,"CeramicFish":7,"Bronze Scales":23,"Whetstone":13,"Orichalcum":5,"Empty Cage":18,"Burning Blood":0,"Meat on the Bone":4},{"Ice Cream":102,"Tiny House":42,"CeramicFish":26,"Bronze Scales":102,"Whetstone":55,"Orichalcum":20,"Empty Cage":83,"Burning Blood":0,"Meat on the Bone":17}],"Burning Blood":144,"Meat on the Bone":120},"card_choices":[{"not_picked":["Anger","Headbutt"],"picked":"Hemokinesis","floor":1.0},{"not_picked":["Wild Strike","True Grit"],"picked":"Dropkick","floor":2.0},{"not_picked":["Rampage","Armaments","Havoc"],"picked":"SKIP","floor":5.0},{"not_picked":["Flex","Iron Wave","Wild Strike"],"picked":"SKIP","floor":6.0},{"not_picked":["Combust","Dark Embrace","True Grit"],"picked":"SKIP","floor":8.0},{"not_picked":["Sword Boomerang","Anger","Havoc"],"picked":"SKIP","floor":11.0},{"not_picked":["Wild Strike","Iron Wave"],"picked":"Rage","floor":12.0},{"not_picked":["Iron Wave","Flex","Thunderclap"],"picked":"SKIP","floor":13.0},{"not_picked":["Iron Wave","Flex"],"picked":"Thunderclap","floor":13.0},{"not_picked":["True Grit","Fire Breathing","Pommel Strike"],"picked":"SKIP","floor":14.0},{"not_picked":["Thunderclap","Evolve","Carnage"],"picked":"SKIP","floor":18.0},{"not_picked":["Body Slam+1","Carnage","Perfected Strike+1"],"picked":"SKIP","floor":19.0},{"not_picked":["Armaments","Rampage","Shrug It Off"],"picked":"SKIP","floor":20.0},{"not_picked":["Power Through+1","Dark Embrace+1","Ghostly Armor"],"picked":"SKIP","floor":27.0},{"not_picked":["Havoc","Thunderclap","True Grit"],"picked":"SKIP","floor":28},{"not_picked":["Warcry","Pommel Strike","Shrug It Off"],"picked":"SKIP","floor":30},{"not_picked":["Whirlwind","Pommel Strike+1","Heavy Blade+1"],"picked":"SKIP","floor":31},{"not_picked":["Shrug It Off+1","True Grit","Flex+1"],"picked":"SKIP","floor":35},{"not_picked":["Cleave","Reckless Charge+1","Burning Pact"],"picked":"SKIP","floor":36},{"not_picked":["Double Tap","True Grit","Disarm"],"picked":"SKIP","floor":38},{"not_picked":["Twin Strike+1","True Grit+1","Iron Wave+1"],"picked":"SKIP","floor":41},{"not_picked":["Perfected Strike+1","Clothesline","Cleave+1"],"picked":"SKIP","floor":42},{"not_picked":["Carnage+1","Immolate","Heavy Blade+1"],"picked":"SKIP","floor":48},{"not_picked":["Carnage+1","Immolate","Heavy Blade+1"],"picked":"SKIP","floor":48}],"player_experience":289078,"relics_obtained":[{"floor":6.0,"key":"Meat on the Bone"},{"floor":9.0,"key":"Orichalcum"},{"floor":12.0,"key":"CeramicFish"},{"floor":26.0,"key":"Whetstone"},{"floor":42,"key":"Ice Cream"},{"floor":43,"key":"Bronze Scales"}],"event_choices":[{"cards_removed":["Strike_R"],"damage_healed":0.0,"max_hp_gain":0.0,"max_hp_loss":0.0,"gold_gain":0.0,"event_name":"Living Wall","player_choice":"Forget","floor":3.0,"gold_loss":0.0,"damage_taken":0.0},{"cards_removed":["Strike_R"],"damage_healed":0.0,"max_hp_gain":0.0,"max_hp_loss":0.0,"gold_gain":0.0,"event_name":"Bonfire Elementals","player_choice":"Offered Basic","floor":4.0,"gold_loss":0.0,"damage_taken":0.0},{"damage_healed":0.0,"max_hp_gain":0.0,"max_hp_loss":0.0,"gold_gain":0.0,"event_name":"Vampires","player_choice":"Ignored","floor":21.0,"gold_loss":0.0,"damage_taken":0.0},{"damage_healed":0.0,"max_hp_gain":0.0,"max_hp_loss":0.0,"gold_gain":0.0,"event_name":"NoteForYourself","player_choice":"Ignored","floor":25.0,"gold_loss":0.0,"damage_taken":0.0},{"damage_healed":0,"gold_gain":0,"player_choice":"Ignored","damage_taken":0,"max_hp_gain":0,"max_hp_loss":0,"event_name":"Mysterious Sphere","floor":46,"gold_loss":0}],"is_beta":false,"boss_relics":[{"not_picked":["Mark of Pain","Pandora\u0027s Box"],"picked":"Tiny House"},{"not_picked":["Fusion Hammer","Runic Dome"],"picked":"Empty Cage"}],"items_purged_floors":[22,24,29,37],"is_endless":false,"potions_floor_spawned":[6,8,11,13,18,19,20,36,41,42],"ascension_level":0}}