{"host":"owox7x4ngjt9htcc","time":1611560722,"event":{"mods":["BaseMod","Colored Map","DeckTracker","Keyboard Shortcuts","Minty Spire (QoL Compilation)","SuperFastMode"],"gold_per_floor":[114,114,64,79,79,79,94,124,149,164,179,194,224,239,239,339,339,354,23,23,38,53,83,98,98,98,113,143,158,158,173,173,273,273,288,288,288,303,318,348,363,393,468,365,15,30,0,30,30,30],"floor_reached":51,"language":"KOR","playtime":864,"items_purged":["Eruption","Zap","Strike_G"],"score":968,"play_id":"45edd13a-f67e-4c11-bcb8-577c10ce135e","local_time":"20210125164522","daily_mods":["Chimera","Time Dilation","Lethality"],"is_ascension_mode":false,"campfire_choices":[{"data":"Whirlwind","floor":6.0,"key":"SMITH"},{"data":"Double Tap","floor":15.0,"key":"SMITH"},{"data":"Armaments","floor":25.0,"key":"SMITH"},{"floor":32.0,"key":"REST"},{"floor":49.0,"key":"REST"}],"circlet_count":0,"master_deck":["Bash+1","Survivor","Strike_R+1","Strike_B","Defend_R+1","Defend_G","Defend_P","Whirlwind+1","Seeing Red+1","Cleave+1","Thunderclap","Ghostly Armor","Sword Boomerang","Double Tap+1","Rampage","Berserk","Heavy Blade+1","Armaments+1","Sword Boomerang","Sword Boomerang","Jack Of All Trades","Shrug It Off","Twin Strike","Dropkick+1","Barricade","Pommel Strike+1","Warcry+1","Sword Boomerang+1","Limit Break","Spot Weakness","Madness+1","Madness","Armaments+1","Burning Pact","Metallicize","Rampage+1","Body Slam","Shrug It Off","Pummel+1","Seeing Red+1"],"relics":["Burning Blood","Darkstone Periapt","Du-Vu Doll","Omamori","Whetstone","Sozu","Medical Kit","Bronze Scales","Gremlin Horn","Centennial Puzzle","Cursed Key","Self Forming Clay","Smiling Mask","War Paint","Mercury Hourglass","Unceasing Top","Red Mask","Ornamental Fan"],"acts_visited":["Exordium","TheCity","TheBeyond"],"potions_floor_usage":[50,50],"damage_taken":[{"damage":4.0,"enemies":"Cultist","floor":1.0,"turns":3.0},{"damage":0.0,"enemies":"2 Louse","floor":4.0,"turns":1.0},{"damage":0.0,"enemies":"Small Slimes","floor":7.0,"turns":1.0},{"damage":0.0,"enemies":"Gremlin Nob","floor":8.0,"turns":2.0},{"damage":15.0,"enemies":"Exordium Thugs","floor":10.0,"turns":2.0},{"damage":9.0,"enemies":"Exordium Wildlife","floor":11.0,"turns":3.0},{"damage":0.0,"enemies":"Looter","floor":12.0,"turns":2.0},{"damage":16.0,"enemies":"Lagavulin","floor":13.0,"turns":3.0},{"damage":0.0,"enemies":"2 Fungi Beasts","floor":14.0,"turns":1.0},{"damage":0.0,"enemies":"Slime Boss","floor":16.0,"turns":6.0},{"damage":21.0,"enemies":"2 Thieves","floor":18.0,"turns":2.0},{"damage":0.0,"enemies":"Chosen","floor":21.0,"turns":3.0},{"damage":0.0,"enemies":"3 Cultists","floor":22.0,"turns":2.0},{"damage":0.0,"enemies":"Gremlin Leader","floor":23.0,"turns":3.0},{"damage":0.0,"enemies":"Snake Plant","floor":24.0,"turns":2.0},{"damage":8.0,"enemies":"Sentry and Sphere","floor":27.0,"turns":3.0},{"damage":51.0,"enemies":"Book of Stabbing","floor":28.0,"turns":4.0},{"damage":6.0,"enemies":"Cultist and Chosen","floor":29.0,"turns":2.0},{"damage":0.0,"enemies":"Snake Plant","floor":31.0,"turns":2.0},{"damage":21.0,"enemies":"Champ","floor":33.0,"turns":6.0},{"damage":0.0,"enemies":"3 Darklings","floor":35.0,"turns":1.0},{"damage":0.0,"enemies":"Orb Walker","floor":38.0,"turns":2.0},{"damage":17.0,"enemies":"Jaw Worm Horde","floor":39.0,"turns":2.0},{"damage":11.0,"enemies":"Reptomancer","floor":40.0,"turns":4.0},{"damage":0.0,"enemies":"Spire Growth","floor":41.0,"turns":4.0},{"damage":24.0,"enemies":"Giant Head","floor":42.0,"turns":4.0},{"damage":0.0,"enemies":"Sphere and 2 Shapes","floor":46.0,"turns":3.0},{"damage":0.0,"enemies":"Reptomancer","floor":48.0,"turns":1.0},{"damage":20,"enemies":"Donu and Deca","floor":50,"turns":4}],"seed_played":"7295166269203286773","potions_obtained":[{"floor":1.0,"key":"FearPotion"},{"floor":4.0,"key":"DistilledChaos"},{"floor":7.0,"key":"Strength Potion"}],"is_trial":false,"path_per_floor":["M","?","?","M","?","R","M","E","T","M","M","M","E","M","R","B",null,"M","$","?","M","M","E","M","R","T","M","E","M","?","M","R","B",null,"M","?","T","M","M","E","M","E","T","$","$","M","?","E","R","B",null],"character_chosen":"IRONCLAD","items_purchased":["Armaments","Sword Boomerang","Medical Kit","Shrug It Off","Unceasing Top"],"campfire_rested":2,"item_purchase_floors":[19,19,19,44,45],"current_hp_per_floor":[80,86,86,86,69,69,75,81,81,72,69,75,65,71,71,77,86,71,71,71,77,83,86,86,86,86,84,39,39,31,37,62,47,86,86,75,75,81,70,65,71,53,53,53,53,59,59,65,86,72],"gold":30,"neow_bonus":"","is_daily":true,"chose_seed":false,"campfire_upgraded":3,"win_rate":0.0,"timestamp":1611560722,"path_taken":["M","?","?","M","?","R","M","E","T","M","M","M","E","M","R","BOSS","BOSS","M","$","?","?","M","E","M","R","T","M","E","M","?","M","R","BOSS","M","?","?","M","M","E","M","E","T","?","$","M","?","E","R","BOSS"],"items_purchased_type":["Card","Card","Relic","Card","Relic"],"build_version":"2020-12-22","purchased_purges":3,"victory":true,"max_hp_per_floor":[80,86,86,86,86,86,86,86,86,86,86,86,86,86,86,86,86,86,86,86,86,86,86,86,86,86,86,86,86,86,86,86,86,86,86,86,86,86,86,86,86,86,86,86,86,86,86,86,86,86],"card_choices":[{"not_picked":["Bloodletting","Clothesline"],"picked":"Whirlwind","floor":1.0},{"not_picked":["Pommel Strike","Disarm"],"picked":"Seeing Red","floor":4.0},{"not_picked":["Fire Breathing","Power Through"],"picked":"Cleave","floor":7.0},{"not_picked":["Havoc","Whirlwind"],"picked":"Thunderclap","floor":8.0},{"not_picked":["Body Slam","Headbutt"],"picked":"Ghostly Armor","floor":10.0},{"not_picked":["Blood for Blood","Clothesline","Flex"],"picked":"SKIP","floor":11.0},{"not_picked":["Headbutt","Searing Blow"],"picked":"Sword Boomerang","floor":12.0},{"not_picked":["Iron Wave","Headbutt"],"picked":"Double Tap","floor":13.0},{"not_picked":["Power Through","Burning Pact"],"picked":"Rampage","floor":14.0},{"not_picked":["Impervious","Bludgeon"],"picked":"Berserk","floor":16.0},{"not_picked":["Burning Pact","Shrug It Off"],"picked":"Heavy Blade+1","floor":18.0},{"not_picked":["Whirlwind","Thunderclap"],"picked":"Shrug It Off","floor":21.0},{"not_picked":["Headbutt+1","Metallicize"],"picked":"Twin Strike","floor":22.0},{"not_picked":["Rampage","True Grit+1"],"picked":"Dropkick+1","floor":23.0},{"not_picked":["Anger","Hemokinesis","Ghostly Armor"],"picked":"SKIP","floor":24.0},{"not_picked":["Infernal Blade+1","Cleave"],"picked":"Barricade","floor":27.0},{"not_picked":["Armaments","Rage"],"picked":"Pommel Strike+1","floor":28.0},{"not_picked":["Reckless Charge","Havoc"],"picked":"Warcry+1","floor":29.0},{"not_picked":["Offering","Thunderclap"],"picked":"Sword Boomerang+1","floor":31.0},{"not_picked":["Immolate","Reaper"],"picked":"Limit Break","floor":33.0},{"not_picked":["Headbutt+1","Spot Weakness","Wild Strike"],"picked":"SKIP","floor":35.0},{"not_picked":["Headbutt+1","Wild Strike"],"picked":"Spot Weakness","floor":35.0},{"not_picked":["Perfected Strike","Twin Strike"],"picked":"Armaments+1","floor":38.0},{"not_picked":["Sword Boomerang+1","Sever Soul"],"picked":"Burning Pact","floor":39.0},{"not_picked":["Sentinel","Berserk"],"picked":"Metallicize","floor":40.0},{"not_picked":["Whirlwind+1","Heavy Blade"],"picked":"Rampage+1","floor":41.0},{"not_picked":["Warcry","Clash+1"],"picked":"Body Slam","floor":42.0},{"not_picked":["Perfected Strike","Sword Boomerang+1"],"picked":"Pummel+1","floor":46.0},{"not_picked":["Havoc+1","Sever Soul"],"picked":"Seeing Red+1","floor":48.0}],"player_experience":899876,"relics_obtained":[{"floor":8.0,"key":"Du-Vu Doll"},{"floor":9.0,"key":"Omamori"},{"floor":13.0,"key":"Whetstone"},{"floor":23.0,"key":"Bronze Scales"},{"floor":26.0,"key":"Gremlin Horn"},{"floor":28.0,"key":"Centennial Puzzle"},{"floor":37.0,"key":"Self Forming Clay"},{"floor":40.0,"key":"Smiling Mask"},{"floor":42.0,"key":"War Paint"},{"floor":43.0,"key":"Mercury Hourglass"},{"floor":48.0,"key":"Ornamental Fan"}],"event_choices":[{"damage_healed":0.0,"max_hp_gain":0.0,"max_hp_loss":0.0,"gold_gain":0.0,"event_name":"Big Fish","player_choice":"Box","floor":2.0,"gold_loss":0.0,"damage_taken":0.0,"relics_obtained":["Darkstone Periapt"],"cards_obtained":["Regret"]},{"cards_removed":["Regret"],"damage_healed":0.0,"max_hp_gain":0.0,"max_hp_loss":0.0,"gold_gain":0.0,"event_name":"The Cleric","player_choice":"Card Removal","floor":3.0,"gold_loss":50.0,"damage_taken":0.0},{"damage_healed":0.0,"max_hp_gain":0.0,"max_hp_loss":0.0,"gold_gain":0.0,"event_name":"Shining Light","player_choice":"Entered Light","floor":5.0,"gold_loss":0.0,"damage_taken":17.0,"cards_upgraded":["Seeing Red","Bash"]},{"damage_healed":0.0,"max_hp_gain":0.0,"max_hp_loss":0.0,"gold_gain":0.0,"event_name":"Match and Keep!","player_choice":"2 cards matched","floor":20.0,"gold_loss":0.0,"damage_taken":0.0,"cards_obtained":["Sword Boomerang","Jack Of All Trades"]},{"damage_healed":0.0,"max_hp_gain":0.0,"max_hp_loss":0.0,"gold_gain":0.0,"event_name":"Wheel of Change","player_choice":"Damaged","floor":30.0,"gold_loss":0.0,"damage_taken":8.0},{"damage_healed":0.0,"max_hp_gain":0.0,"max_hp_loss":0.0,"gold_gain":0.0,"event_name":"Winding Halls","player_choice":"Embrace Madness","floor":36.0,"gold_loss":0.0,"damage_taken":11.0,"cards_obtained":["Madness","Madness"]},{"damage_healed":0.0,"max_hp_gain":0.0,"max_hp_loss":0.0,"gold_gain":0.0,"event_name":"Tomb of Lord Red Mask","player_choice":"Paid","floor":47.0,"gold_loss":30.0,"damage_taken":0.0,"relics_obtained":["Red Mask"]}],"is_beta":false,"boss_relics":[{"not_picked":["Pandora\u0027s Box","Fusion Hammer"],"picked":"Sozu"},{"not_picked":["Busted Crown","Velvet Choker"],"picked":"Cursed Key"}],"items_purged_floors":[19,44,45],"is_endless":false,"potions_floor_spawned":[1,4,7,8,23,24,31,33,40,41,42,46,48],"ascension_level":0}}