{"host":"newqdrzxfhh2im9e","time":1611549955,"event":{"mods":["AchievementEnabler","BaseMod","BetterRewards","Block Reminder","Colored Map","Jorbs\u0027s Wanderer Trilogy","Minty Spire (QoL Compilation)","Rare Cards Sparkle","Shop Mod","StSLib"],"gold_per_floor":[115,125,138,154,167,167,185,218,243,243,243,243,281,297,297,297,297],"floor_reached":16,"language":"ENG","playtime":352,"items_purged":[],"score":114,"play_id":"0739e5be-48d2-4785-a4a6-f2653d6e0bfa","local_time":"20210124204555","is_ascension_mode":false,"campfire_choices":[{"data":"Collect","floor":6,"key":"SMITH"},{"floor":12,"key":"REST"},{"floor":15,"key":"REST"}],"circlet_count":0,"master_deck":["Strike_P","Strike_P","Strike_P","Strike_P","Defend_P","Defend_P","Defend_P","Defend_P","Eruption","Vigilance","Tantrum","Collect+1","Consecrate","ConjureBlade+1","ReachHeaven","WreathOfFlame"],"relics":["PureWater","NeowsBlessing","Question Card","MealTicket","Golden Idol","Oddly Smooth Stone"],"acts_visited":["Exordium"],"potions_floor_usage":[4,8,13,13,16],"damage_taken":[{"damage":0,"enemies":"2 Louse","floor":1,"turns":1},{"damage":0,"enemies":"Jaw Worm","floor":2,"turns":1},{"damage":0,"enemies":"Cultist","floor":3,"turns":1},{"damage":0,"enemies":"Lots of Slimes","floor":4,"turns":2},{"damage":0,"enemies":"Large Slime","floor":5,"turns":3},{"damage":8,"enemies":"Exordium Wildlife","floor":7,"turns":5},{"damage":9,"enemies":"Gremlin Nob","floor":8,"turns":3},{"damage":52,"enemies":"Lagavulin","floor":13,"turns":4},{"damage":0,"enemies":"Looter","floor":14,"turns":2},{"damage":40,"enemies":"Hexaghost","floor":16,"turns":2}],"seed_played":"2398057549754421454","potions_obtained":[{"floor":2,"key":"Explosive Potion"},{"floor":5,"key":"Weak Potion"},{"floor":7,"key":"Regen Potion"},{"floor":8,"key":"DuplicationPotion"},{"floor":14,"key":"Dexterity Potion"}],"is_trial":false,"path_per_floor":["M","M","M","M","M","R","M","E","T","?","?","R","E","M","R","B"],"character_chosen":"WATCHER","items_purchased":[],"campfire_rested":2,"item_purchase_floors":[],"current_hp_per_floor":[72,72,72,72,72,72,64,55,55,37,37,58,15,15,36,0,0],"gold":297,"neow_bonus":"THREE_ENEMY_KILL","is_daily":false,"chose_seed":false,"campfire_upgraded":1,"win_rate":0.0,"timestamp":1611549955,"path_taken":["M","M","M","M","M","R","M","E","T","?","?","R","E","M","R","BOSS"],"items_purchased_type":[],"build_version":"2020-12-22","purchased_purges":0,"victory":false,"max_hp_per_floor":[72,72,72,72,72,72,72,72,72,72,72,72,72,72,72,72,72],"card_choices":[{"not_picked":["PathToVictory","EmptyFist","FlyingSleeves"],"picked":"SKIP","floor":1},{"not_picked":["Halt","CrushJoints","BowlingBash"],"picked":"SKIP","floor":2},{"not_picked":["EmptyBody","Halt"],"picked":"Tantrum","floor":3},{"not_picked":["PathToVictory","FlyingSleeves","Evaluate"],"picked":"SKIP","floor":4},{"not_picked":["Consecrate","DeceiveReality"],"picked":"Collect","floor":5},{"not_picked":["Prostrate","JustLucky"],"picked":"Consecrate","floor":7},{"not_picked":["InnerPeace","Adaptation"],"picked":"ConjureBlade","floor":8},{"not_picked":["Halt","Adaptation","WindmillStrike"],"picked":"ReachHeaven","floor":13},{"not_picked":["FlyingSleeves","Consecrate","Nirvana"],"picked":"WreathOfFlame","floor":14}],"player_experience":736061,"relics_obtained":[{"floor":8,"key":"Question Card"},{"floor":9,"key":"MealTicket"},{"floor":13,"key":"Oddly Smooth Stone"}],"event_choices":[{"damage_healed":0,"gold_gain":0,"player_choice":"Take Damage","damage_taken":18,"relics_obtained":["Golden Idol"],"max_hp_gain":0,"max_hp_loss":0,"event_name":"Golden Idol","floor":10,"gold_loss":0},{"damage_healed":0,"gold_gain":0,"player_choice":"Grow","damage_taken":0,"max_hp_gain":0,"max_hp_loss":0,"event_name":"Living Wall","floor":11,"gold_loss":0,"cards_upgraded":["ConjureBlade"]}],"is_beta":false,"boss_relics":[],"items_purged_floors":[],"is_endless":false,"potions_floor_spawned":[2,5,7,8,14],"killed_by":"Hexaghost","ascension_level":0}}