{"host":"dmp5wkeaoxsk0qwa","time":1611567626,"event":{"mods":["AchievementEnabler","BaseMod","BetterRewards","Colored Map","Colored Powertips","Curses Come First","Minty Spire (QoL Compilation)","Permanent Neow","Quick Restart","Replay The Spire","Shop Mod","StSLib"],"gold_per_floor":[111,111,122,122,133,133,149,224,224,224,261,333,349,360,360,462,462,478,509,509,509,509,509,509,158,208,233,247,267,282,307,307,407,457,471,693,224,240,240,240,259,259,282,282,294,294,325,18,18,18],"floor_reached":51,"language":"ENG","playtime":2446,"items_purged":[],"score":1000,"play_id":"9f13e405-db68-4098-b353-b3518caef0a6","local_time":"20210125104026","is_ascension_mode":false,"campfire_choices":[{"data":"Delirium","floor":6,"key":"PURGE"},{"data":"Replay:Undeath\u0027s Touch","floor":15,"key":"SMITH"},{"data":"RitualDagger","floor":24,"key":"SMITH"},{"data":"Normality","floor":40,"key":"PURGE"},{"data":"Life Link","floor":42,"key":"SMITH"},{"floor":49,"key":"DIG"}],"circlet_count":0,"master_deck":["Defend_R","Defend_R","Defend_R","Defend_R","Bash","Flex","Flex","Clothesline","Pummel","Metallicize","Replay:Undeath\u0027s Touch+1","Reaper","Shrug It Off","Anger","RitualDagger+1","Bite","Bite+1","Bite","Bite","Ghostly Armor","Clothesline","Fire Breathing","Cleave+1","Shockwave+1","Parasite","Offering+1","Inflame","Uppercut+1","Normality","Flex+1","Apotheosis+1","ReplayTheSpireMod:Limb From Limb+1","Bash","Clothesline","Life Link+1","Anger+1","Double Tap+1","Feel No Pain+1"],"relics":["Burning Blood","Peace Pipe","ReplayTheSpireMod:Ring of Collecting","Ring of Misfortune","Ring of Fury","CaptainsWheel","ReplayTheSpireMod:Ring of Addiction","ReplayTheSpireMod:TigerMarble","Toy Ornithopter","SacredBark","Ring of Panic","Pen Nib","Ring of Searing","Mirror","Replay:Drink Me","Red Mask","Iron Hammer","Ring of Greed","Replay:WaspNest","Golden Egg","Membership Card","Durian","Pet Ghost","Tiny House","Singing Bowl","Lee\u0027s Waffle","Omamori","MerchantsRug","ReplayTheSpireMod:Ring of Exchange","Red Skull","Divine Protection","Lizard Tail","Kunai","Ornamental Fan"],"acts_visited":["Exordium","TheCity","TheBeyond"],"potions_floor_usage":[7,9,11,11,14,23,30,31,33,45,47],"damage_taken":[{"damage":11,"enemies":"Small Slimes","floor":1,"turns":3},{"damage":9,"enemies":"Jaw Worm","floor":3,"turns":4},{"damage":2,"enemies":"2 Louse","floor":5,"turns":2},{"damage":0,"enemies":"Large Slime","floor":7,"turns":4},{"damage":0,"enemies":"Exordium Thugs","floor":11,"turns":2},{"damage":0,"enemies":"Looter","floor":13,"turns":1},{"damage":5,"enemies":"Large Slime","floor":14,"turns":2},{"damage":29,"enemies":"Slime Boss","floor":16,"turns":6},{"damage":13,"enemies":"Shell Parasite","floor":18,"turns":3},{"damage":15,"enemies":"Masked Bandits","floor":19,"turns":4},{"damage":8,"enemies":"Gremlin Leader","floor":23,"turns":2},{"damage":19,"enemies":"Replay:Snechameleon","floor":27,"turns":3},{"damage":1,"enemies":"Chosen","floor":28,"turns":2},{"damage":9,"enemies":"Centurion and Healer","floor":29,"turns":4},{"damage":16,"enemies":"Shelled Parasite and Fungi","floor":30,"turns":3},{"damage":2,"enemies":"Book of Stabbing","floor":31,"turns":1},{"damage":5,"enemies":"Automaton","floor":33,"turns":4},{"damage":1,"enemies":"3 Darklings","floor":35,"turns":2},{"damage":1,"enemies":"Orb Walker","floor":38,"turns":3},{"damage":0,"enemies":"Jaw Worm Horde","floor":41,"turns":2},{"damage":1,"enemies":"4 Shapes","floor":45,"turns":2},{"damage":31,"enemies":"Nemesis","floor":47,"turns":5},{"damage":6,"enemies":"Time Eater","floor":50,"turns":7}],"seed_played":"72654907376801682","potions_obtained":[{"floor":3,"key":"LiquidMemories"},{"floor":5,"key":"BloodPotion"},{"floor":9,"key":"LifebloodPotion"},{"floor":9,"key":"ColorlessPotion"},{"floor":9,"key":"PowerPotion"},{"floor":16,"key":"BlessingOfTheForge"},{"floor":18,"key":"SmokeBomb"},{"floor":30,"key":"Ancient Potion"},{"floor":32,"key":"Swift Potion"},{"floor":34,"key":"BlessingOfTheForge"},{"floor":35,"key":"Explosive Potion"}],"is_trial":false,"path_per_floor":["M","?","M","T","M","R","M","?","T","T","M","T","M","M","R","B",null,"M","?","?","?","?","E","R","$","T","E","M","M","M","E","R_BF","B",null,"M","?","$","M","?","R","M","R","T","?","M","?","E","$","R_BF","B",null],"character_chosen":"IRONCLAD","items_purchased":["Iron Hammer","SteroidPotion","BloodPotion","Flex","Apotheosis","Singing Bowl","Lee\u0027s Waffle","Omamori","MerchantsRug","Feel No Pain+1","Lizard Tail","Kunai"],"campfire_rested":0,"item_purchase_floors":[25,25,25,37,37,37,37,37,37,48,48,48],"current_hp_per_floor":[75,75,72,72,76,76,80,69,80,80,80,80,80,80,80,57,60,53,49,43,43,39,39,39,39,39,34,42,42,40,40,40,40,45,45,45,50,50,50,48,48,48,46,46,46,44,30,30,30,44],"gold":18,"neow_bonus":"ONE_RARE_RELIC","is_daily":false,"chose_seed":false,"campfire_upgraded":3,"win_rate":0.0,"timestamp":1611567626,"path_taken":["M","?","M","?","M","R","M","?","T","?","M","?","?","M","R","BOSS","M","?","?","?","?","E","R","?","T","E","M","?","M","E","R_BF","BOSS","M","?","$","M","?","R","?","R","T","?","M","?","E","$","R_BF","BOSS"],"items_purchased_type":["Relic","Potion","Potion","Card","Card","Relic","Relic","Relic","Relic","Card","Relic","Relic"],"build_version":"2020-12-22","purchased_purges":0,"victory":true,"max_hp_per_floor":[80,80,80,80,80,80,80,80,80,80,80,80,80,80,80,80,60,58,58,58,56,39,39,39,39,39,42,42,42,40,40,40,40,45,45,45,50,50,50,48,48,48,46,46,46,44,44,44,44,44],"card_choices":[{"not_picked":["Anger","ReplayTheSpireMod:Stacked"],"picked":"Flex","floor":1},{"not_picked":["True Grit","Sword Boomerang"],"picked":"Flex","floor":3},{"not_picked":["Body Slam","Feel No Pain"],"picked":"Blood for Blood","floor":5},{"not_picked":["Run Through","Clash"],"picked":"Clothesline","floor":7},{"not_picked":["Pommel Strike","Dual Wield"],"picked":"Pummel","floor":11},{"not_picked":["Sword Boomerang","Reaper"],"picked":"Metallicize","floor":13},{"not_picked":["Disarm","ReplayTheSpireMod:Strike From Hell"],"picked":"Replay:Undeath\u0027s Touch","floor":14},{"not_picked":["Juggernaut","Fiend Fire"],"picked":"Reaper","floor":16},{"not_picked":["Warcry","ReplayTheSpireMod:Muscle Training"],"picked":"Shrug It Off","floor":18},{"not_picked":["Sword Boomerang","Clothesline+1"],"picked":"Anger","floor":19},{"not_picked":["True Grit+1","Hemokinesis"],"picked":"Ghostly Armor","floor":27},{"not_picked":["Shrug It Off","Body Slam+1"],"picked":"Clothesline","floor":28},{"not_picked":["Havoc","Second Wind"],"picked":"Fire Breathing","floor":29},{"not_picked":["True Grit","Dual Wield"],"picked":"Cleave+1","floor":30},{"not_picked":["Entrench+1","ReplayTheSpireMod:Limb From Limb"],"picked":"Shockwave+1","floor":31},{"not_picked":["Fiend Fire","Feed"],"picked":"Offering","floor":33},{"not_picked":["Second Wind","Sword Boomerang"],"picked":"Inflame","floor":34},{"not_picked":["Armaments+1","Twin Strike+1"],"picked":"Uppercut+1","floor":35},{"not_picked":["Body Slam","Warcry"],"picked":"ReplayTheSpireMod:Limb From Limb+1","floor":38},{"not_picked":["Thunderclap","Armaments+1"],"picked":"Life Link","floor":41},{"not_picked":["Infernal Blade","Hemokinesis"],"picked":"Anger+1","floor":45},{"not_picked":["Perfected Strike","Armaments+1"],"picked":"Double Tap","floor":47}],"player_experience":68859,"relics_obtained":[{"floor":2,"key":"ReplayTheSpireMod:Ring of Collecting"},{"floor":2,"key":"Ring of Misfortune"},{"floor":4,"key":"Ring of Fury"},{"floor":4,"key":"CaptainsWheel"},{"floor":9,"key":"ReplayTheSpireMod:Ring of Addiction"},{"floor":9,"key":"ReplayTheSpireMod:TigerMarble"},{"floor":9,"key":"Toy Ornithopter"},{"floor":9,"key":"SacredBark"},{"floor":10,"key":"Ring of Panic"},{"floor":10,"key":"Pen Nib"},{"floor":12,"key":"Ring of Searing"},{"floor":12,"key":"Mirror"},{"floor":19,"key":"Red Mask"},{"floor":26,"key":"Ring of Greed"},{"floor":26,"key":"Replay:WaspNest"},{"floor":26,"key":"Golden Egg"},{"floor":26,"key":"Membership Card"},{"floor":27,"key":"Durian"},{"floor":31,"key":"Pet Ghost"},{"floor":43,"key":"ReplayTheSpireMod:Ring of Exchange"},{"floor":43,"key":"Red Skull"},{"floor":47,"key":"Divine Protection"},{"floor":49,"key":"Ornamental Fan"}],"event_choices":[{"damage_healed":0,"gold_gain":75,"player_choice":"Gather Gold","damage_taken":11,"max_hp_gain":0,"max_hp_loss":0,"event_name":"World of Goop","floor":8,"gold_loss":0},{"damage_healed":0,"gold_gain":0,"player_choice":"Fought Bandits","damage_taken":0,"max_hp_gain":0,"max_hp_loss":0,"event_name":"Masked Bandits","floor":19,"gold_loss":0},{"damage_healed":0,"gold_gain":0,"player_choice":"Joined the Cult","damage_taken":6,"max_hp_gain":0,"max_hp_loss":0,"event_name":"Nest","floor":20,"gold_loss":0,"cards_obtained":["RitualDagger"]},{"damage_healed":0,"gold_gain":0,"player_choice":"Ignored","damage_taken":0,"max_hp_gain":0,"max_hp_loss":0,"event_name":"Ghosts","floor":21,"gold_loss":0},{"damage_healed":0,"gold_gain":0,"player_choice":"Became a vampire","damage_taken":0,"max_hp_gain":0,"max_hp_loss":17,"event_name":"Vampires","floor":22,"gold_loss":0,"cards_obtained":["Bite","Bite","Bite","Bite","Bite"]},{"damage_healed":0,"gold_gain":222,"player_choice":"Wore Mask","damage_taken":0,"max_hp_gain":0,"max_hp_loss":0,"event_name":"Tomb of Lord Red Mask","floor":36,"gold_loss":0},{"damage_healed":0,"gold_gain":0,"player_choice":"3 cards matched","damage_taken":0,"max_hp_gain":0,"max_hp_loss":0,"event_name":"Match and Keep!","floor":39,"gold_loss":0,"cards_obtained":["Bash","Clothesline","Injury"]},{"cards_removed":["Bite"],"damage_healed":0,"gold_gain":0,"player_choice":"Removed Attack","damage_taken":0,"max_hp_gain":0,"max_hp_loss":0,"event_name":"Falling","floor":44,"gold_loss":0},{"damage_healed":0,"gold_gain":0,"player_choice":"Max HP","damage_taken":0,"max_hp_gain":0,"max_hp_loss":2,"event_name":"Winding Halls","floor":46,"gold_loss":0}],"is_beta":false,"boss_relics":[{"not_picked":["Fusion Hammer","Honey Jar"],"picked":"Replay:Drink Me"},{"not_picked":["Coffee Dripper","Painkiller Herb"],"picked":"Tiny House"}],"items_purged_floors":[],"is_endless":false,"potions_floor_spawned":[3,5,16,18,23,28,30,35],"ascension_level":0}}