{"host":"g2yp6paluzgljz05","time":1611534815,"event":{"mods":["BaseMod","Bestiary","Colored Powertips","DeckTracker","Highlight Path","Minty Spire (QoL Compilation)","Quick Restart"],"gold_per_floor":[110,28,28,46,46,46,46,46,94,94,111,121,152,172,172,172,172],"floor_reached":16,"language":"ENG","playtime":457,"items_purged":[],"score":125,"play_id":"8a3b23c0-2d25-4454-84db-190f64ca6d27","local_time":"20210125113335","is_ascension_mode":true,"campfire_choices":[{"data":"Bash","floor":6,"key":"SMITH"},{"data":"Armaments","floor":8,"key":"SMITH"},{"data":"Limit Break","floor":15,"key":"SMITH"}],"circlet_count":0,"master_deck":["Strike_R","Strike_R","Strike_R","Strike_R+1","Strike_R","Defend_R","Defend_R","Defend_R","Defend_R+1","Bash+1","Shrug It Off","Flash of Steel","Armaments+1","Limit Break+1","Shrug It Off"],"relics":["Burning Blood","NeowsBlessing","Sundial","Bag of Marbles","Pantograph"],"acts_visited":["Exordium"],"potions_floor_usage":[],"damage_taken":[{"damage":0,"enemies":"Small Slimes","floor":1,"turns":1},{"damage":0,"enemies":"2 Louse","floor":4,"turns":1},{"damage":0,"enemies":"Jaw Worm","floor":11,"turns":1},{"damage":9,"enemies":"Lots of Slimes","floor":12,"turns":4},{"damage":32,"enemies":"Gremlin Nob","floor":13,"turns":4},{"damage":6,"enemies":"Red Slaver","floor":14,"turns":4},{"damage":49,"enemies":"The Guardian","floor":16,"turns":7}],"seed_played":"-625969361528719502","potions_obtained":[{"floor":12,"key":"DistilledChaos"},{"floor":14,"key":"LiquidMemories"}],"is_trial":false,"path_per_floor":["M","$","?","M","?","R","?","R","T","?","M","M","E","M","R","B"],"character_chosen":"IRONCLAD","items_purchased":["Flash of Steel"],"campfire_rested":0,"item_purchase_floors":[2],"current_hp_per_floor":[80,80,68,74,74,74,74,74,74,58,64,61,35,35,35,11,11],"gold":172,"neow_bonus":"THREE_ENEMY_KILL","is_daily":false,"chose_seed":false,"campfire_upgraded":3,"win_rate":0.0,"timestamp":1611534815,"path_taken":["M","$","?","M","?","R","?","R","T","?","?","?","E","M","R","BOSS"],"items_purchased_type":["Card"],"build_version":"2020-12-22","purchased_purges":0,"victory":false,"max_hp_per_floor":[80,80,80,80,80,80,80,80,80,80,80,80,80,80,80,80,80],"card_choices":[{"not_picked":["Perfected Strike","Thunderclap"],"picked":"Shrug It Off","floor":1},{"not_picked":["Blood for Blood","Infernal Blade"],"picked":"Armaments","floor":4},{"not_picked":["Anger","Clash","Burning Pact"],"picked":"SKIP","floor":11},{"not_picked":["Blood for Blood","Twin Strike","Clash"],"picked":"SKIP","floor":12},{"not_picked":["Headbutt","Burning Pact"],"picked":"Limit Break","floor":13},{"not_picked":["Iron Wave","Anger"],"picked":"Shrug It Off","floor":14}],"player_experience":260568,"relics_obtained":[{"floor":9,"key":"Bag of Marbles"},{"floor":13,"key":"Pantograph"}],"event_choices":[{"damage_healed":0,"gold_gain":0,"player_choice":"Success","damage_taken":12,"relics_obtained":["Sundial"],"max_hp_gain":0,"max_hp_loss":0,"event_name":"Scrap Ooze","floor":3,"gold_loss":0},{"damage_healed":0,"gold_gain":0,"player_choice":"Leave","damage_taken":0,"max_hp_gain":0,"max_hp_loss":0,"event_name":"The Cleric","floor":5,"gold_loss":0},{"damage_healed":0,"gold_gain":0,"player_choice":"Ignored","damage_taken":0,"max_hp_gain":0,"max_hp_loss":0,"event_name":"Liars Game","floor":7,"gold_loss":0},{"damage_healed":0,"gold_gain":0,"player_choice":"Entered Light","damage_taken":16,"max_hp_gain":0,"max_hp_loss":0,"event_name":"Shining Light","floor":10,"gold_loss":0,"cards_upgraded":["Strike_R","Defend_R"]}],"is_beta":false,"boss_relics":[],"items_purged_floors":[],"is_endless":false,"potions_floor_spawned":[12,14],"killed_by":"The Guardian","ascension_level":5}}