{"host":"zqowyf7xxb4s9ib0","time":1611536801,"event":{"mods":["BaseMod","Better Note","Colored Map","Colored Powertips","Downfall","Highlight Path","Minty Spire (QoL Compilation)","Permanent Neow","Quick Restart","StSLib"],"gold_per_floor":[99,115,135,235,254,280,318,330,362,384,152,172,172,0,19,19,19,19],"floor_reached":16,"language":"ENG","playtime":893,"items_purged":[],"score":104,"play_id":"bbbfdd6e-1970-4418-9283-8e4e7cbca617","local_time":"20210124170641","is_ascension_mode":false,"campfire_choices":[{"data":"bronze:Replicate","floor":1,"key":"SMITH"}],"circlet_count":0,"master_deck":["bronze:Strike","bronze:Strike","bronze:Strike","bronze:Strike","bronze:Defend","bronze:Defend","bronze:Defend","bronze:Defend","bronze:Replicate+1","bronze:Goto","bronze:ForLoop","bronze:DelayedSlice","bronze:ChosenStrike","bronze:ChosenStrike","bronze:DelayedSlice","bronze:DelayedSlice","bronze:Boost","bronze:ClassDefault","bronze:FollowUp","bronze:Format","bronze:Invalidate","bronze:BugBarrage","bronze:Repair"],"relics":["bronze:BronzeCore","Strawberry","MawBank","Nunchaku","The Courier","Medical Kit","Vajra","Boot"],"acts_visited":["Exordium"],"potions_floor_usage":[9,16],"damage_taken":[{"damage":4,"enemies":"Small Slimes","floor":2,"turns":3},{"damage":3,"enemies":"Jaw Worm","floor":3,"turns":4},{"damage":1,"enemies":"Cultist","floor":5,"turns":3},{"damage":13,"enemies":"Gremlin Nob","floor":6,"turns":4},{"damage":16,"enemies":"Large Slime","floor":9,"turns":4},{"damage":4,"enemies":"Gremlin Gang","floor":10,"turns":2},{"damage":5,"enemies":"downfall:FleeingMerchant","floor":11,"turns":4},{"damage":15,"enemies":"Exordium Wildlife","floor":12,"turns":4},{"damage":15,"enemies":"downfall:FleeingMerchant","floor":14,"turns":4},{"damage":0,"enemies":"2 Fungi Beasts","floor":15,"turns":2},{"damage":15,"enemies":"DF_ARCHETYPE_STREAMLINE","floor":16,"turns":3}],"seed_played":"7131696830739657979","potions_obtained":[{"floor":3,"key":"hexamod:SoulburnPotion"},{"floor":6,"key":"Regen Potion"},{"floor":9,"key":"Fruit Juice"},{"floor":15,"key":"Fire Potion"}],"is_trial":false,"path_per_floor":["R","M","M","?","M","E","T","T","M","M","$","M","?","$","M","B"],"character_chosen":"THE_AUTOMATON","items_purchased":["Medical Kit","bronze:ClassDefault","bronze:FollowUp","Boot","bronze:BugBarrage"],"campfire_rested":0,"item_purchase_floors":[11,11,11,14,14],"current_hp_per_floor":[77,73,70,70,69,56,56,56,45,41,36,21,18,3,3,0,0,0],"gold":19,"neow_bonus":"RANDOM_COMMON_RELIC","is_daily":false,"chose_seed":false,"campfire_upgraded":1,"win_rate":0.0,"timestamp":1611536801,"path_taken":["R","M","M","?","M","E","T","?","M","M","$","M","?","?","M","BOSS"],"items_purchased_type":["Relic","Card","Card","Relic","Card"],"build_version":"2020-12-22","purchased_purges":0,"victory":false,"max_hp_per_floor":[77,77,77,77,77,77,77,77,82,82,82,82,82,82,82,82,82,82],"card_choices":[{"not_picked":["bronze:Frontload","bronze:Turbo"],"picked":"bronze:ForLoop","floor":2},{"not_picked":["bronze:Invalidate","bronze:Branch"],"picked":"bronze:DelayedSlice","floor":3},{"not_picked":["bronze:BugBarrage","bronze:DelayedGuard"],"picked":"bronze:ChosenStrike","floor":5},{"not_picked":["bronze:Deprecate","bronze:BitShift"],"picked":"bronze:ChosenStrike","floor":6},{"not_picked":["bronze:CutThrough","bronze:WhirlingStrike"],"picked":"bronze:DelayedSlice","floor":9},{"not_picked":["bronze:WildBeam","bronze:OilSpill"],"picked":"bronze:DelayedSlice","floor":10},{"not_picked":["bronze:CutThrough","bronze:OilSpill"],"picked":"bronze:Boost","floor":11},{"not_picked":["bronze:ForceShield","bronze:DelayedGuard"],"picked":"bronze:Format","floor":12},{"not_picked":["bronze:Fortify","bronze:DarkDash"],"picked":"bronze:Invalidate","floor":14},{"not_picked":["bronze:ChildClass","bronze:GetLatest"],"picked":"bronze:Repair","floor":15}],"player_experience":502909,"relics_obtained":[{"floor":6,"key":"MawBank"},{"floor":7,"key":"Nunchaku"},{"floor":8,"key":"The Courier"}],"event_choices":[{"damage_healed":0,"gold_gain":0,"player_choice":"Success","damage_taken":3,"relics_obtained":["Vajra"],"max_hp_gain":0,"max_hp_loss":0,"event_name":"Scrap Ooze","floor":13,"gold_loss":0}],"is_beta":false,"boss_relics":[],"items_purged_floors":[],"is_endless":false,"potions_floor_spawned":[3,6,9,15],"killed_by":"DF_ARCHETYPE_STREAMLINE","ascension_level":0}}