{"host":"reugk9pd1uotrglt","time":1611538719,"event":{"mods":["AchievementEnabler","BaseMod","BetterRewards","Colored Map","Custom Start","DeckTracker","Minty Spire (QoL Compilation)","Permanent Neow","Quick Restart","SuperFastMode"],"gold_per_floor":[113,126,138,151,451,478,516,546,599,652,670,701,247,247,247,358,358,379,72,111,151,187,240,240,279,305,334,384,221,280,280,280,407,407,440,440,715,715,757,809,809,844,868,868,912,926,986,1019,1019,1019,1019,1019,1019,343,396,396],"floor_reached":57,"language":"ENG","playtime":3075,"items_purged":["Strike_G","Strike_G","Strike_G","Strike_G"],"score":4060,"play_id":"0d6f4bd9-8735-4999-90d0-3aa9090af21a","local_time":"20210125023839","is_ascension_mode":true,"campfire_choices":[{"data":"Caltrops","floor":15.0,"key":"SMITH"},{"data":"Terror","floor":24.0,"key":"SMITH"},{"data":"Noxious Fumes","floor":32.0,"key":"SMITH"},{"floor":41.0,"key":"RECALL"},{"data":"After Image","floor":49.0,"key":"SMITH"},{"data":"Tactician","floor":53,"key":"SMITH"}],"circlet_count":0,"master_deck":["AscendersBane","Strike_G","Defend_G+1","Defend_G","Defend_G","Defend_G+1","Defend_G","Survivor","Neutralize","Dagger Throw","Backstab","Caltrops+1","Underhanded Strike+1","Finesse","Flying Knee+1","HandOfGreed","Dagger Throw","Noxious Fumes","Heel Hook","Backflip","Escape Plan","Footwork","Well Laid Plans","Escape Plan","Footwork","Venomology","Tools of the Trade","Terror+1","Noxious Fumes+1","Underhanded Strike","Escape Plan","Corpse Explosion","Backflip","Escape Plan","Acrobatics","After Image+1","Reflex","Tactician+1","Tools of the Trade","Catalyst+1","After Image+1","Tactician+1","Noxious Fumes","Secret Technique+1","Bandage Up+1","Adrenaline+1"],"relics":["Ring of the Snake","Lantern","Du-Vu Doll","Orrery","TwistedFunnel","Juzu Bracelet","Bird Faced Urn","Sling","Singing Bowl","Nunchaku","Akabeko","Tiny Chest","Membership Card","Question Card","Old Coin","Meat on the Bone","Pantograph","Bag of Marbles","Snake Skull","Anchor","Shuriken","FossilizedHelix","Golden Idol","Black Star","TungstenRod","Prayer Wheel","Dream Catcher","Ice Cream","Boot","CeramicFish","Eternal Feather","MealTicket","War Paint","Bag of Preparation","Letter Opener","HoveringKite","Omamori","Toxic Egg 2","Potion Belt","Whetstone","Dead Branch","Calipers","Ancient Tea Set","Orichalcum","Toy Ornithopter","Bottled Lightning","Bottled Tornado","DollysMirror","Happy Flower","InkBottle"],"acts_visited":["Exordium","TheCity","TheBeyond","TheEnding"],"potions_floor_usage":[51,51,55,55,56,56],"damage_taken":[{"damage":0.0,"enemies":"Cultist","floor":1.0,"turns":2.0},{"damage":0.0,"enemies":"Small Slimes","floor":2.0,"turns":1.0},{"damage":0.0,"enemies":"Jaw Worm","floor":3.0,"turns":2.0},{"damage":0.0,"enemies":"Exordium Thugs","floor":4.0,"turns":2.0},{"damage":2.0,"enemies":"Lagavulin","floor":6.0,"turns":3.0},{"damage":0.0,"enemies":"2 Fungi Beasts","floor":7.0,"turns":2.0},{"damage":0.0,"enemies":"Gremlin Nob","floor":8.0,"turns":2.0},{"damage":3.0,"enemies":"3 Sentries","floor":10.0,"turns":6.0},{"damage":0.0,"enemies":"3 Louse","floor":11.0,"turns":1.0},{"damage":0.0,"enemies":"Lagavulin","floor":12.0,"turns":2.0},{"damage":24.0,"enemies":"Hexaghost","floor":16.0,"turns":7.0},{"damage":0.0,"enemies":"Chosen","floor":18.0,"turns":3.0},{"damage":0.0,"enemies":"Shell Parasite","floor":20.0,"turns":1.0},{"damage":12.0,"enemies":"Cultist and Chosen","floor":21.0,"turns":5.0},{"damage":0.0,"enemies":"Chosen and Byrds","floor":22.0,"turns":5.0},{"damage":0.0,"enemies":"Slavers","floor":23.0,"turns":4.0},{"damage":8.0,"enemies":"Book of Stabbing","floor":25.0,"turns":3.0},{"damage":7.0,"enemies":"Snake Plant","floor":27.0,"turns":2.0},{"damage":9.0,"enemies":"Gremlin Leader","floor":28.0,"turns":4.0},{"damage":0.0,"enemies":"Slavers","floor":30.0,"turns":4.0},{"damage":41.0,"enemies":"Collector","floor":33.0,"turns":7.0},{"damage":20.0,"enemies":"3 Darklings","floor":35.0,"turns":3.0},{"damage":0.0,"enemies":"3 Shapes","floor":39.0,"turns":3.0},{"damage":34.0,"enemies":"Reptomancer","floor":40.0,"turns":5.0},{"damage":4.0,"enemies":"Giant Head","floor":42.0,"turns":6.0},{"damage":0.0,"enemies":"Nemesis","floor":45.0,"turns":5.0},{"damage":0.0,"enemies":"Jaw Worm Horde","floor":46.0,"turns":3.0},{"damage":0.0,"enemies":"Giant Head","floor":47.0,"turns":6.0},{"damage":0.0,"enemies":"Sphere and 2 Shapes","floor":48.0,"turns":6.0},{"damage":23.0,"enemies":"Donu and Deca","floor":50.0,"turns":6.0},{"damage":31,"enemies":"Time Eater","floor":51,"turns":6},{"damage":0,"enemies":"Shield and Spear","floor":55,"turns":4},{"damage":27,"enemies":"The Heart","floor":56,"turns":7}],"seed_played":"-4609426452429162817","potions_obtained":[{"floor":3.0,"key":"SkillPotion"},{"floor":4.0,"key":"Swift Potion"},{"floor":6.0,"key":"ColorlessPotion"},{"floor":7.0,"key":"SkillPotion"},{"floor":16.0,"key":"AttackPotion"},{"floor":20.0,"key":"Dexterity Potion"},{"floor":42.0,"key":"Weak Potion"},{"floor":45.0,"key":"FearPotion"},{"floor":47.0,"key":"BlessingOfTheForge"},{"floor":55,"key":"EntropicBrew"}],"is_trial":false,"path_per_floor":["M","M","M","M","?","E","M","E","T","E","M","E","$","?","R","B",null,"M","$","M","M","M","E","R","E","T","M","E","$","E","?","R","B",null,"M","T","?","?","M","E","R","E","T","?","E","M","E","M","R","B","B",null,"R","$","E","B",null],"character_chosen":"THE_SILENT","items_purchased":["Lantern","Du-Vu Doll","Dagger Throw","Orrery","TwistedFunnel","Finesse","Flying Knee","HandOfGreed","Juzu Bracelet","Dagger Throw","Bird Faced Urn","Noxious Fumes","Heel Hook","Backflip","Sling","Singing Bowl","Escape Plan","Footwork","Nunchaku","Akabeko","Tiny Chest","Well Laid Plans","Membership Card","Question Card","Shuriken","FossilizedHelix","Venomology","Block Potion","TungstenRod","Noxious Fumes","Underhanded Strike","Escape Plan","War Paint","Acrobatics","Bottled Lightning","Bottled Tornado","DollysMirror","Tactician+1","SneckoOil","Noxious Fumes","Secret Technique+1","Bandage Up+1"],"campfire_rested":0,"item_purchase_floors":[0,0,0,0,0,0,0,0,0,0,0,0,0,0,0,0,0,0,0,0,0,0,0,0,13,13,13,13,19,19,19,19,29,29,54,54,54,54,54,54,54,54],"current_hp_per_floor":[22,24,34,40,40,44,48,52,52,57,61,63,63,35,35,46,73,77,77,79,74,88,90,90,82,82,87,83,92,94,94,94,59,85,76,76,76,76,82,64,88,96,96,96,102,106,106,110,110,93,91,105,110,110,110,96],"gold":396,"neow_bonus":"","is_daily":false,"chose_seed":false,"campfire_upgraded":5,"win_rate":0.0,"timestamp":1611538719,"path_taken":["M","M","M","M","?","E","M","E","T","E","M","E","$","?","R","BOSS","M","$","M","M","M","E","R","E","T","M","E","$","E","?","R","BOSS","M","?","?","?","M","E","R","E","T","?","E","M","E","M","R","BOSS","BOSS","R","$","E","BOSS"],"items_purchased_type":["Relic","Relic","Card","Relic","Relic","Card","Card","Card","Relic","Card","Relic","Card","Card","Card","Relic","Relic","Card","Card","Relic","Relic","Relic","Card","Relic","Relic","Relic","Relic","Card","Potion","Relic","Card","Card","Card","Relic","Card","Relic","Relic","Relic","Card","Potion","Card","Card","Card"],"build_version":"2020-12-22","purchased_purges":4,"victory":true,"max_hp_per_floor":[68,70,72,74,74,74,76,78,78,80,82,82,82,82,82,82,82,82,82,84,86,88,90,90,90,90,92,92,92,94,94,94,94,94,96,96,96,96,98,98,98,100,100,100,102,106,106,110,110,110,110,110,110,110,110,110],"card_choices":[{"not_picked":["Deadly Poison","Leg Sweep"],"picked":"Flying Knee","floor":0.0},{"not_picked":["Endless Agony","Reflex"],"picked":"Backstab","floor":0.0},{"not_picked":["Cloak And Dagger","All Out Attack"],"picked":"Caltrops","floor":0.0},{"not_picked":["Outmaneuver","Deflect"],"picked":"Underhanded Strike","floor":0.0},{"not_picked":["Poisoned Stab","Dagger Throw","Endless Agony","Calculated Gamble"],"picked":"Singing Bowl","floor":1.0},{"not_picked":["Choke","PiercingWail","Expertise","Caltrops"],"picked":"Singing Bowl","floor":2.0},{"not_picked":["Concentrate","Reflex","Quick Slash","Outmaneuver"],"picked":"Singing Bowl","floor":3.0},{"not_picked":["Dodge and Roll","Envenom","Deflect","Backflip"],"picked":"Singing Bowl","floor":4.0},{"not_picked":["Well Laid Plans","Accuracy","Slice"],"picked":"Escape Plan","floor":6.0},{"not_picked":["Acrobatics","Dodge and Roll","Flying Knee","Dagger Throw"],"picked":"Singing Bowl","floor":7.0},{"not_picked":["Outmaneuver","Flying Knee","Slice","Infinite Blades"],"picked":"Singing Bowl","floor":8.0},{"not_picked":["Cloak And Dagger","Choke","Storm of Steel","Underhanded Strike"],"picked":"Singing Bowl","floor":10.0},{"not_picked":["Cloak And Dagger","Dagger Throw","Deflect","Well Laid Plans"],"picked":"Singing Bowl","floor":11.0},{"not_picked":["Flechettes","Infinite Blades","Cloak And Dagger"],"picked":"Footwork","floor":12.0},{"not_picked":["Die Die Die","Night Terror","Envenom"],"picked":"Tools of the Trade","floor":16.0},{"not_picked":["Predator","Calculated Gamble","Acrobatics"],"picked":"Terror","floor":18.0},{"not_picked":["Poisoned Stab","Sucker Punch","Heel Hook+1","PiercingWail"],"picked":"Singing Bowl","floor":20.0},{"not_picked":["Underhanded Strike","Cloak And Dagger","Prepared","Eviscerate"],"picked":"Singing Bowl","floor":21.0},{"not_picked":["Slice","Masterful Stab","Blade Dance","Underhanded Strike"],"picked":"Singing Bowl","floor":22.0},{"not_picked":["Caltrops+1","Endless Agony","Flying Knee","Infinite Blades"],"picked":"Singing Bowl","floor":23.0},{"not_picked":["All Out Attack","Expertise","Dash"],"picked":"Corpse Explosion","floor":25.0},{"not_picked":["Deflect+1","Sucker Punch","Blade Dance","Bane"],"picked":"Singing Bowl","floor":27.0},{"not_picked":["Flying Knee","Acrobatics","Blade Dance"],"picked":"Backflip","floor":27.0},{"not_picked":["Glass Knife","Leg Sweep","Poisoned Stab+1"],"picked":"Escape Plan","floor":28.0},{"not_picked":["Underhanded Strike","Bane","Terror","Leg Sweep+1"],"picked":"Singing Bowl","floor":30.0},{"not_picked":["Die Die Die","Night Terror","A Thousand Cuts"],"picked":"After Image","floor":33.0},{"not_picked":["Flying Knee","Terror","Quick Slash","Deadly Poison+1"],"picked":"Singing Bowl","floor":35.0},{"not_picked":["PiercingWail","Flechettes","Dodge and Roll+1"],"picked":"Reflex","floor":35.0},{"not_picked":["Bane","Finisher+1","Expertise+1"],"picked":"Tactician","floor":39.0},{"not_picked":["Cloak And Dagger","Endless Agony","Slice","Blade Dance+1"],"picked":"Singing Bowl","floor":39.0},{"not_picked":["Poisoned Stab","Backstab","Deadly Poison+1"],"picked":"Tools of the Trade","floor":40.0},{"not_picked":["Prepared+1","Sucker Punch","All Out Attack+1","Masterful Stab"],"picked":"Singing Bowl","floor":42.0},{"not_picked":["Blade Dance+1","Prepared+1","Quick Slash+1","Cloak And Dagger+1"],"picked":"Singing Bowl","floor":45.0},{"not_picked":["Prepared+1","Outmaneuver+1","Tools of the Trade","Flechettes"],"picked":"Singing Bowl","floor":46.0},{"not_picked":["Dagger Spray","Bane+1","Endless Agony","Flying Knee"],"picked":"Singing Bowl","floor":46.0},{"not_picked":["Choke","Heel Hook","Well Laid Plans"],"picked":"Catalyst+1","floor":47.0},{"not_picked":["Dagger Spray","Slice+1","Deflect+1","Heel Hook"],"picked":"Singing Bowl","floor":48.0},{"not_picked":["Eviscerate+1","Endless Agony","Poisoned Stab","Cloak And Dagger+1"],"picked":"Singing Bowl","floor":48.0},{"not_picked":["Distraction+1","Crippling Poison+1","Acrobatics+1"],"picked":"Adrenaline+1","floor":55}],"player_experience":1501708,"relics_obtained":[{"floor":6.0,"key":"Meat on the Bone"},{"floor":8.0,"key":"Pantograph"},{"floor":9.0,"key":"Bag of Marbles"},{"floor":10.0,"key":"Snake Skull"},{"floor":12.0,"key":"Anchor"},{"floor":23.0,"key":"Prayer Wheel"},{"floor":23.0,"key":"Dream Catcher"},{"floor":25.0,"key":"Ice Cream"},{"floor":25.0,"key":"Boot"},{"floor":26.0,"key":"CeramicFish"},{"floor":28.0,"key":"Eternal Feather"},{"floor":28.0,"key":"MealTicket"},{"floor":30.0,"key":"Bag of Preparation"},{"floor":30.0,"key":"Letter Opener"},{"floor":36.0,"key":"Omamori"},{"floor":40.0,"key":"Toxic Egg 2"},{"floor":40.0,"key":"Potion Belt"},{"floor":42.0,"key":"Whetstone"},{"floor":42.0,"key":"Dead Branch"},{"floor":45.0,"key":"Calipers"},{"floor":45.0,"key":"Ancient Tea Set"},{"floor":47.0,"key":"Orichalcum"},{"floor":47.0,"key":"Toy Ornithopter"},{"floor":55,"key":"Happy Flower"},{"floor":55,"key":"InkBottle"}],"event_choices":[{"damage_healed":0.0,"max_hp_gain":0.0,"max_hp_loss":0.0,"gold_gain":0.0,"event_name":"WeMeetAgain","player_choice":"Gave Potion","floor":5.0,"gold_loss":0.0,"damage_taken":0.0,"relics_obtained":["Old Coin"]},{"damage_healed":0.0,"max_hp_gain":0.0,"max_hp_loss":0.0,"gold_gain":0.0,"event_name":"Golden Idol","player_choice":"Take Damage","floor":14.0,"gold_loss":0.0,"damage_taken":28.0,"relics_obtained":["Golden Idol"]},{"damage_healed":0.0,"max_hp_gain":0.0,"max_hp_loss":0.0,"gold_gain":0.0,"event_name":"The Mausoleum","player_choice":"Ignored","floor":31.0,"gold_loss":0.0,"damage_taken":0.0},{"damage_healed":0.0,"max_hp_gain":0.0,"max_hp_loss":0.0,"gold_gain":275.0,"event_name":"Golden Shrine","player_choice":"Desecrate","floor":37.0,"gold_loss":0.0,"damage_taken":0.0,"cards_obtained":["Regret"]},{"cards_removed":["Flying Knee"],"damage_healed":0.0,"max_hp_gain":0.0,"max_hp_loss":0.0,"gold_gain":0.0,"event_name":"Falling","player_choice":"Removed Attack","floor":38.0,"gold_loss":0.0,"damage_taken":0.0},{"damage_healed":0.0,"max_hp_gain":0.0,"max_hp_loss":0.0,"gold_gain":0.0,"event_name":"Tomb of Lord Red Mask","player_choice":"Ignored","floor":44.0,"gold_loss":0.0,"damage_taken":0.0}],"is_beta":false,"boss_relics":[{"not_picked":["Tiny House","Busted Crown"],"picked":"Black Star"},{"not_picked":["WristBlade","Astrolabe"],"picked":"HoveringKite"}],"items_purged_floors":[13,19,29,54],"is_endless":false,"potions_floor_spawned":[3,4,6,7,16,20,21,23,28,30,33,42,45,47,55],"ascension_level":20}}