{"host":"p62uqwu04pp7leh9","time":1611578785,"event":{"mods":["BaseMod","Block Reminder","Colored Map","Colored Powertips","Minty Spire (QoL Compilation)","Relic Stats"],"gold_per_floor":[366,381,556,287,305,330,330,348,428,428,459,459,459,474,474,574,574,589,589,589,604,604,633,633,633,633,644,658,6,19,42,42,137,137,149,160,160,173,173,173],"floor_reached":39,"language":"ENG","playtime":2509,"items_purged":["Doubt","Defend_R"],"score":477,"play_id":"e1fb3b37-d25f-425a-9777-2196e5455a38","local_time":"20210125064625","is_ascension_mode":true,"campfire_choices":[{"data":"Havoc","floor":7,"key":"SMITH"},{"floor":12,"key":"REST"},{"floor":15,"key":"REST"},{"data":"Double Tap","floor":24,"key":"SMITH"},{"floor":32,"key":"REST"}],"circlet_count":0,"master_deck":["Defend_R","Defend_R","Bash","Flex","Havoc+1","Iron Wave","Ghostly Armor","Double Tap+1","Seeing Red","Immolate","Shockwave","Demon Form","Impervious+1","Combust+1","Juggernaut+1","Iron Wave+1","Writhe","Blood for Blood+1","Dark Embrace","Entrench","Pommel Strike+1","Body Slam+1","Pommel Strike+1","Exhume","CurseOfTheBell","Body Slam+1","Feel No Pain+1"],"relics":["Burning Blood","Tiny Chest","TungstenRod","Pear","Dream Catcher","Astrolabe","Ornamental Fan","Bird Faced Urn","Pen Nib","Lizard Tail","Molten Egg 2","Blood Vial","OrangePellets","Bag of Marbles","Calling Bell","MealTicket","Paper Frog","Unceasing Top"],"acts_visited":["Exordium","TheCity","TheBeyond"],"potions_floor_usage":[16,16,23,30,30,33],"damage_taken":[{"damage":10,"enemies":"2 Louse","floor":1,"turns":3},{"damage":18,"enemies":"Jaw Worm","floor":2,"turns":4},{"damage":0,"enemies":"Small Slimes","floor":5,"turns":3},{"damage":49,"enemies":"3 Sentries","floor":6,"turns":9},{"damage":7,"enemies":"Looter","floor":8,"turns":3},{"damage":10,"enemies":"Gremlin Nob","floor":11,"turns":4},{"damage":2,"enemies":"Blue Slaver","floor":14,"turns":3},{"damage":26,"enemies":"Slime Boss","floor":16,"turns":8},{"damage":13,"enemies":"Spheric Guardian","floor":18,"turns":6},{"damage":21,"enemies":"Shell Parasite","floor":21,"turns":9},{"damage":19,"enemies":"Gremlin Leader","floor":23,"turns":5},{"damage":15,"enemies":"Cultist and Chosen","floor":27,"turns":4},{"damage":19,"enemies":"Snecko","floor":28,"turns":5},{"damage":12,"enemies":"3 Cultists","floor":30,"turns":4},{"damage":35,"enemies":"Collector","floor":33,"turns":8},{"damage":10,"enemies":"Orb Walker","floor":35,"turns":2},{"damage":33,"enemies":"3 Shapes","floor":36,"turns":8},{"damage":62,"enemies":"Sphere and 2 Shapes","floor":38,"turns":7},{"damage":75,"enemies":"Maw","floor":39,"turns":8}],"seed_played":"3296275115193062887","potions_obtained":[{"floor":2,"key":"Swift Potion"},{"floor":14,"key":"SteroidPotion"},{"floor":16,"key":"PowerPotion"},{"floor":18,"key":"SkillPotion"},{"floor":27,"key":"HeartOfIron"},{"floor":30,"key":"Energy Potion"},{"floor":33,"key":"Dexterity Potion"}],"is_trial":false,"path_per_floor":["M","M","?","$","M","E","R","M","T","?","E","R","?","M","R","B",null,"M","T","?","M","?","E","R","?","T","M","M","$","M","T","R","B",null,"M","M","?","M","M"],"character_chosen":"IRONCLAD","items_purchased":["Tiny Chest","Havoc","Molten Egg 2","Blood Vial","OrangePellets"],"campfire_rested":3,"item_purchase_floors":[4,4,29,29,29],"current_hp_per_floor":[68,56,56,56,62,19,19,18,28,22,18,42,42,46,70,50,82,75,75,75,64,64,55,55,55,55,52,45,45,45,45,69,50,82,78,59,59,11,0,0],"gold":173,"neow_bonus":"TWO_FIFTY_GOLD","is_daily":false,"chose_seed":false,"campfire_upgraded":2,"win_rate":0.0,"timestamp":1611578785,"path_taken":["M","M","?","$","M","E","R","M","T","?","E","R","?","?","R","BOSS","M","?","?","M","?","E","R","?","T","M","M","$","M","?","R","BOSS","M","?","?","M","M"],"items_purchased_type":["Relic","Card","Relic","Relic","Relic"],"build_version":"2020-12-22","purchased_purges":2,"victory":false,"max_hp_per_floor":[72,72,72,72,72,72,72,72,82,82,82,82,82,82,82,82,82,82,82,82,82,82,82,82,82,82,82,82,82,82,82,82,82,82,82,82,82,82,82,82],"relic_stats":{"counters":[19,103],"Astrolabe":["Impervious","Combust","Juggernaut"],"Pen Nib":[6],"Burning Blood":108,"Blood Vial":10,"OrangePellets":[8],"Dream Catcher":3,"Lizard Tail":41,"Ornamental Fan":[36],"Bird Faced Urn":[52],"Tiny Chest":2,"MealTicket":0,"obtain_stats":[{"Pear":9,"Astrolabe":17,"Pen Nib":23,"Burning Blood":0,"Blood Vial":29,"Calling Bell":34,"OrangePellets":29,"Dream Catcher":11,"Lizard Tail":26,"Ornamental Fan":19,"Bird Faced Urn":20,"Tiny Chest":4,"Molten Egg 2":29,"MealTicket":34,"Bag of Marbles":31,"TungstenRod":6,"Unceasing Top":34,"Paper Frog":34},{"Pear":5,"Astrolabe":8,"Pen Nib":11,"Burning Blood":0,"Blood Vial":13,"Calling Bell":15,"OrangePellets":13,"Dream Catcher":6,"Lizard Tail":11,"Ornamental Fan":9,"Bird Faced Urn":9,"Tiny Chest":2,"Molten Egg 2":13,"MealTicket":15,"Bag of Marbles":14,"TungstenRod":4,"Unceasing Top":15,"Paper Frog":15},{"Pear":22,"Astrolabe":37,"Pen Nib":57,"Burning Blood":0,"Blood Vial":66,"Calling Bell":78,"OrangePellets":66,"Dream Catcher":26,"Lizard Tail":57,"Ornamental Fan":43,"Bird Faced Urn":43,"Tiny Chest":7,"Molten Egg 2":66,"MealTicket":78,"Bag of Marbles":70,"TungstenRod":19,"Unceasing Top":78,"Paper Frog":78}],"TungstenRod":88,"Unceasing Top":[1]},"card_choices":[{"not_picked":["Havoc","Headbutt"],"picked":"Flex","floor":1},{"not_picked":["Body Slam","Sentinel","Dark Embrace"],"picked":"SKIP","floor":2},{"not_picked":["Body Slam","Headbutt"],"picked":"Iron Wave","floor":5},{"not_picked":["Pommel Strike","Cleave"],"picked":"Clothesline","floor":6},{"not_picked":["Second Wind","Anger","Sever Soul"],"picked":"SKIP","floor":8},{"not_picked":["Warcry","Flex"],"picked":"Ghostly Armor","floor":11},{"not_picked":["Shrug It Off","Thunderclap"],"picked":"Immolate","floor":14},{"not_picked":["Second Wind","True Grit"],"picked":"Shockwave","floor":15},{"not_picked":["Double Tap","Reaper"],"picked":"Demon Form","floor":16},{"not_picked":["Uppercut","Seeing Red"],"picked":"Iron Wave+1","floor":18},{"not_picked":["Reckless Charge","Thunderclap","Flex"],"picked":"SKIP","floor":21},{"not_picked":["Feel No Pain+1","Headbutt+1"],"picked":"Blood for Blood+1","floor":23},{"not_picked":["Seeing Red","Havoc","Evolve"],"picked":"SKIP","floor":27},{"not_picked":["Anger","Rampage+1"],"picked":"Pommel Strike+1","floor":28},{"not_picked":["Thunderclap+1","Shrug It Off"],"picked":"Body Slam+1","floor":30},{"not_picked":["Ghostly Armor","Infernal Blade"],"picked":"Pommel Strike+1","floor":32},{"not_picked":["Offering","Immolate+1"],"picked":"Exhume","floor":33},{"not_picked":["Wild Strike+1","Shockwave"],"picked":"Body Slam+1","floor":35},{"not_picked":["Carnage+1","Headbutt+1","Sword Boomerang+1"],"picked":"SKIP","floor":36},{"not_picked":["Searing Blow+1","Flame Barrier+1"],"picked":"Feel No Pain+1","floor":38}],"player_experience":335830,"relics_obtained":[{"floor":6,"key":"TungstenRod"},{"floor":9,"key":"Pear"},{"floor":11,"key":"Dream Catcher"},{"floor":19,"key":"Ornamental Fan"},{"floor":23,"key":"Pen Nib"},{"floor":26,"key":"Lizard Tail"},{"floor":31,"key":"Bag of Marbles"},{"floor":34,"key":"MealTicket"},{"floor":34,"key":"Paper Frog"},{"floor":34,"key":"Unceasing Top"}],"event_choices":[{"damage_healed":0,"gold_gain":175,"player_choice":"AGREE","damage_taken":0,"max_hp_gain":0,"max_hp_loss":0,"event_name":"Liars Game","floor":3,"gold_loss":0,"cards_obtained":["Doubt"]},{"cards_removed":["Strike_R"],"damage_healed":0,"gold_gain":0,"player_choice":"Card Removal","damage_taken":7,"max_hp_gain":0,"max_hp_loss":0,"event_name":"Golden Wing","floor":10,"gold_loss":0},{"damage_healed":0,"gold_gain":0,"player_choice":"2 cards matched","damage_taken":0,"max_hp_gain":0,"max_hp_loss":0,"event_name":"Match and Keep!","floor":13,"gold_loss":0,"cards_obtained":["Double Tap","Seeing Red"]},{"damage_healed":0,"gold_gain":0,"player_choice":"Opened","damage_taken":0,"relics_obtained":["Bird Faced Urn"],"max_hp_gain":0,"max_hp_loss":0,"event_name":"The Mausoleum","floor":20,"gold_loss":0,"cards_obtained":["Writhe"]},{"damage_healed":0,"gold_gain":0,"player_choice":"Ignored","damage_taken":0,"max_hp_gain":0,"max_hp_loss":0,"event_name":"Ghosts","floor":22,"gold_loss":0},{"damage_healed":0,"gold_gain":0,"cards_transformed":["Strike_R","Strike_R"],"player_choice":"Became Test Subject","damage_taken":0,"max_hp_gain":0,"max_hp_loss":0,"event_name":"Drug Dealer","floor":25,"gold_loss":0,"cards_obtained":["Dark Embrace","Entrench"]},{"cards_removed":["Clothesline"],"damage_healed":0,"gold_gain":0,"player_choice":"Removed Attack","damage_taken":0,"max_hp_gain":0,"max_hp_loss":0,"event_name":"Falling","floor":37,"gold_loss":0}],"is_beta":false,"boss_relics":[{"not_picked":["Coffee Dripper","Black Blood"],"picked":"Astrolabe"},{"not_picked":["Philosopher\u0027s Stone","Fusion Hammer"],"picked":"Calling Bell"}],"items_purged_floors":[4,29],"is_endless":false,"potions_floor_spawned":[2,14,16,18,27,30,33],"killed_by":"Maw","ascension_level":2}}