{"host":"63yhhrjweyj22b0v","time":1611542498,"event":{"mods":["BaseMod","Minty Spire (QoL Compilation)","Quick Restart"],"gold_per_floor":[110,184,197,215,24,53,53,64,64,64,29,29,29,47,47,170,170,186,186,186,101,26,26,26,26,26,64,64,88,48,48,48,168,231,244,267,237,237,252,252,267,367,367,367,388,388,413,413,413,413,413],"floor_reached":50,"language":"ENG","playtime":1544,"items_purged":["Strike_B"],"score":483,"play_id":"c635fc8c-bdf0-47cc-b5d2-3e8214114514","local_time":"20210124204138","is_ascension_mode":false,"campfire_choices":[{"data":"Fission","floor":7,"key":"SMITH"},{"floor":13,"key":"REST"},{"floor":15,"key":"REST"},{"data":"Static Discharge","floor":23,"key":"SMITH"},{"data":"Beam Cell","floor":25,"key":"SMITH"},{"data":"Redo","floor":28,"key":"SMITH"},{"floor":32,"key":"REST"},{"floor":40,"key":"REST"},{"floor":44,"key":"REST"},{"data":"Fission","floor":46,"key":"SMITH"},{"floor":49,"key":"REST"}],"circlet_count":0,"master_deck":["Strike_B","Strike_B","Defend_B","Defend_B+1","Defend_B","Defend_B","Zap+1","Lockon+1","Gash+1","Beam Cell+1","Static Discharge+1","Auto Shields","Fission+1","Beam Cell","Electrodynamics","Redo+1","Beam Cell+1","Fission+1","Melter","Redo+1","Defragment","Go for the Eyes+1","Go for the Eyes+1","Buffer"],"relics":["Cracked Core","NeowsBlessing","Singing Bowl","Blue Candle","Bird Faced Urn","Golden Idol","Inserter","Lantern","Calipers","Pantograph","Unceasing Top","Tiny House","The Courier"],"acts_visited":["Exordium","TheCity","TheBeyond"],"potions_floor_usage":[16,16,29,33,38,45,50,50],"damage_taken":[{"damage":0,"enemies":"Cultist","floor":1,"turns":1},{"damage":0,"enemies":"Small Slimes","floor":3,"turns":1},{"damage":0,"enemies":"Jaw Worm","floor":4,"turns":1},{"damage":25,"enemies":"3 Sentries","floor":6,"turns":6},{"damage":15,"enemies":"3 Louse","floor":8,"turns":3},{"damage":0,"enemies":"Large Slime","floor":14,"turns":4},{"damage":43,"enemies":"Slime Boss","floor":16,"turns":9},{"damage":12,"enemies":"Shell Parasite","floor":18,"turns":3},{"damage":29,"enemies":"Book of Stabbing","floor":27,"turns":4},{"damage":2,"enemies":"Spheric Guardian","floor":29,"turns":3},{"damage":58,"enemies":"Automaton","floor":33,"turns":8},{"damage":2,"enemies":"Orb Walker","floor":35,"turns":3},{"damage":26,"enemies":"3 Shapes","floor":36,"turns":5},{"damage":5,"enemies":"Maw","floor":38,"turns":4},{"damage":35,"enemies":"Spire Growth","floor":39,"turns":5},{"damage":26,"enemies":"Jaw Worm Horde","floor":41,"turns":3},{"damage":25,"enemies":"Writhing Mass","floor":45,"turns":5},{"damage":42,"enemies":"3 Darklings","floor":47,"turns":6},{"damage":118,"enemies":"Awakened One","floor":50,"turns":7}],"seed_played":"6315568980539251216","potions_obtained":[{"floor":1,"key":"Regen Potion"},{"floor":3,"key":"SmokeBomb"},{"floor":14,"key":"Energy Potion"},{"floor":16,"key":"BlessingOfTheForge"},{"floor":18,"key":"FearPotion"},{"floor":33,"key":"Swift Potion"},{"floor":34,"key":"LiquidMemories"},{"floor":37,"key":"FairyPotion"},{"floor":37,"key":"PotionOfCapacity"},{"floor":39,"key":"DistilledChaos"},{"floor":45,"key":"Strength Potion"}],"is_trial":false,"path_per_floor":["M","T","M","M","$","E","R","M","T","?","?","?","R","M","R","B",null,"M","?","?","?","?","R","$","R","T","E","R","M","?","$","R","B",null,"M","M","?","M","M","R","M","?","T","R","M","R","M","?","R","B"],"character_chosen":"DEFECT","items_purchased":["Static Discharge","Auto Shields"],"campfire_rested":6,"item_purchase_floors":[5,5],"current_hp_per_floor":[75,75,75,75,75,50,50,37,37,18,37,22,45,47,70,41,77,71,71,71,71,71,71,71,71,71,46,46,48,48,48,71,21,84,84,60,60,61,32,57,37,37,37,62,43,43,7,7,32,0,0],"gold":413,"neow_bonus":"THREE_ENEMY_KILL","is_daily":false,"chose_seed":false,"campfire_upgraded":5,"win_rate":0.0,"timestamp":1611542498,"path_taken":["M","?","?","M","$","E","R","M","T","?","?","?","R","M","R","BOSS","M","?","?","?","?","R","$","R","T","E","R","?","?","?","R","BOSS","M","M","?","M","?","R","M","?","T","R","?","R","M","?","R","BOSS"],"items_purchased_type":["Card","Card"],"build_version":"2020-12-22","purchased_purges":1,"victory":false,"max_hp_per_floor":[75,75,75,75,75,75,75,77,77,77,77,77,77,77,77,77,77,79,79,79,79,79,79,79,79,79,79,79,79,79,79,79,79,84,84,84,84,84,84,84,84,84,84,84,84,84,86,86,86,86,86],"card_choices":[{"not_picked":["Storm","Undo"],"picked":"Lockon","floor":1},{"not_picked":["Turbo","Hologram"],"picked":"Gash","floor":3},{"not_picked":["Hologram","Chaos"],"picked":"Beam Cell","floor":4},{"not_picked":["Defragment","Compile Driver"],"picked":"Fission","floor":6},{"not_picked":["Compile Driver","Darkness","Sweeping Beam"],"picked":"Singing Bowl","floor":8},{"not_picked":["Stack","Scrape"],"picked":"Beam Cell","floor":14},{"not_picked":["Multi-Cast","Machine Learning"],"picked":"Electrodynamics","floor":16},{"not_picked":["Hologram","Stack","Hello World"],"picked":"Singing Bowl","floor":18},{"not_picked":["Compile Driver","Go for the Eyes"],"picked":"Redo","floor":27},{"not_picked":["Stack+1","Hello World"],"picked":"Beam Cell+1","floor":29},{"not_picked":["Reboot","Core Surge"],"picked":"Fission","floor":33},{"not_picked":["Doom and Gloom","Chaos"],"picked":"Melter","floor":34},{"not_picked":["Turbo+1","Cold Snap"],"picked":"Redo+1","floor":35},{"not_picked":["Ball Lightning+1","Skim"],"picked":"Defragment","floor":36},{"not_picked":["Rebound","Genetic Algorithm+1"],"picked":"Go for the Eyes+1","floor":39},{"not_picked":["Reprogram+1","Tempest"],"picked":"Go for the Eyes+1","floor":41},{"not_picked":["FTL","Undo+1"],"picked":"Buffer","floor":45},{"not_picked":["Compile Driver","Chill","Chaos"],"picked":"Singing Bowl","floor":47}],"player_experience":589485,"relics_obtained":[{"floor":2,"key":"Singing Bowl"},{"floor":6,"key":"Blue Candle"},{"floor":9,"key":"Bird Faced Urn"},{"floor":26,"key":"Pantograph"},{"floor":27,"key":"Unceasing Top"},{"floor":43,"key":"The Courier"}],"event_choices":[{"damage_healed":0,"gold_gain":0,"player_choice":"Take Damage","damage_taken":19,"relics_obtained":["Golden Idol"],"max_hp_gain":0,"max_hp_loss":0,"event_name":"Golden Idol","floor":10,"gold_loss":0},{"damage_healed":19,"gold_gain":0,"player_choice":"Healed","damage_taken":0,"max_hp_gain":0,"max_hp_loss":0,"event_name":"The Cleric","floor":11,"gold_loss":35},{"damage_healed":0,"gold_gain":0,"player_choice":"Entered Light","damage_taken":15,"max_hp_gain":0,"max_hp_loss":0,"event_name":"Shining Light","floor":12,"gold_loss":0,"cards_upgraded":["Zap","Lockon"]},{"damage_healed":0,"gold_gain":0,"player_choice":"Opened","damage_taken":0,"relics_obtained":["Lantern"],"max_hp_gain":0,"max_hp_loss":0,"event_name":"The Mausoleum","floor":19,"gold_loss":0},{"damage_healed":0,"gold_gain":0,"player_choice":"Ignored","damage_taken":0,"max_hp_gain":0,"max_hp_loss":0,"event_name":"Ghosts","floor":20,"gold_loss":0},{"damage_healed":0,"gold_gain":0,"player_choice":"Obtained Relic","damage_taken":0,"relics_obtained":["Calipers"],"max_hp_gain":0,"max_hp_loss":0,"event_name":"Addict","floor":21,"gold_loss":85},{"cards_removed":["Strike_B"],"damage_healed":0,"gold_gain":0,"player_choice":"Gave Gold","damage_taken":0,"max_hp_gain":0,"max_hp_loss":0,"event_name":"Beggar","floor":22,"gold_loss":75},{"damage_healed":0,"gold_gain":0,"player_choice":"Upgrade","damage_taken":0,"max_hp_gain":0,"max_hp_loss":0,"event_name":"Designer","floor":30,"gold_loss":40,"cards_upgraded":["Gash"]},{"damage_healed":0,"gold_gain":0,"player_choice":"Bought 2 Potions","damage_taken":0,"max_hp_gain":0,"max_hp_loss":0,"event_name":"The Woman in Blue","floor":37,"gold_loss":0},{"damage_healed":0,"gold_gain":100,"player_choice":"Pray","damage_taken":0,"max_hp_gain":0,"max_hp_loss":0,"event_name":"Golden Shrine","floor":42,"gold_loss":0},{"cards_removed":["Dualcast"],"damage_healed":0,"gold_gain":0,"player_choice":"Removed Skill","damage_taken":0,"max_hp_gain":0,"max_hp_loss":0,"event_name":"Falling","floor":48,"gold_loss":0}],"is_beta":false,"boss_relics":[{"not_picked":["Pandora\u0027s Box","Black Star"],"picked":"Inserter"},{"not_picked":["Calling Bell","SacredBark"],"picked":"Tiny House"}],"items_purged_floors":[5],"is_endless":false,"potions_floor_spawned":[1,3,14,16,18,33,39,45,47],"killed_by":"Awakened One","ascension_level":0}}