{"host":"f76kcizrccta30ww","time":1611555635,"event":{"mods":["Act Like it!","Aspiration","BaseMod","Gensokyo","Marisa£®ÏF”Í°°ƒß¿Ì…≥£©","Minty Spire (QoL Compilation)","Pale of the Ancients","Replay The Spire","Shop Mod","StSLib","TestMod"],"gold_per_floor":[113,113,38,38,54,86,86,114,188,188,218,218,228,228,228,330,330,341,27,83,14,14,46,59,77,77,97,127,6,6,18,18,116,116,133,145,94,94,94,127,144,170,196,213,263,291,316,363,375,387,399,411,56,87,87],"floor_reached":56,"language":"ZHS","playtime":2334,"items_purged":["Defend_R","Defend_R","Defend_R","Strike_R"],"score":1890,"play_id":"9983e859-e23f-48dd-a74b-f66e4056671a","local_time":"20210125142035","is_ascension_mode":true,"campfire_choices":[{"data":"Flex","floor":12,"key":"SMITH"},{"floor":30,"key":"RECALL"},{"data":"Demon Form","floor":32,"key":"SMITH"},{"data":"Heavy Blade","floor":49,"key":"SMITH"},{"data":"Sword Boomerang","floor":52,"key":"SMITH"}],"circlet_count":0,"master_deck":["Strike_R","Strike_R","Strike_R+1","Strike_R","Defend_R+1","Bash+1","Flex+1","Inflame+1","Sword Boomerang+1","Bloodletting+1","Run Through","Heavy Blade+1","Self Repair+1","Demon Form+1","ReplayTheSpireMod:LeadingStrike+1","Shockwave+1","Shockwave+1","FollowUp","Feed","Cleave","BowlingBash","Armaments+1","Reaper","Twin Strike+1","Limit Break+1","Flex+1","Armaments+1","Infernal Blade+1","Sword Boomerang","Double Tap+1","Thunderclap+1","Inflame+1","Battle Trance+1","Reaper","Dropkick","Twin Strike"],"relics":["testmod-TestBox","testmod-TimeTraveler","NeowsBlessing","Gambling Chip","Toxic Egg 2","Onion Ring","Question Card","testmod-Recursion","MerchantsRug","Replay:M_SmolderingBlood","Happy Flower","FossilizedHelix","ClockworkSouvenir","Snack Pack","Juzu Bracelet","King of Hearts","Lee\u0027s Waffle","Black Star","ReplayTheSpireMod:Ninjato","Iron Hammer","testmod-CasingShield","CatCart","ReplayTheSpireMod:TigerMarble","testmod-LifeArmor","Replay:Rubber Ducky","Replay:Arrowhead","Strawberry","Centennial Puzzle","Calipers","ReplayTheSpireMod:Spearhead"],"acts_visited":["Exordium","TheCity","TheBeyond","TheEnding"],"potions_floor_usage":[11,16,31,46,50,55],"damage_taken":[{"damage":0,"enemies":"Jaw Worm","floor":1,"turns":1},{"damage":0,"enemies":"2 Louse","floor":5,"turns":1},{"damage":0,"enemies":"Gremlin Nob","floor":6,"turns":1},{"damage":26,"enemies":"Lagavulin","floor":8,"turns":5},{"damage":8,"enemies":"3 Sentries","floor":11,"turns":4},{"damage":8,"enemies":"Small Slimes","floor":13,"turns":2},{"damage":25,"enemies":"The Guardian","floor":16,"turns":5},{"damage":13,"enemies":"3 Byrds","floor":18,"turns":3},{"damage":49,"enemies":"Gremlin Leader","floor":23,"turns":3},{"damage":6,"enemies":"Chosen","floor":24,"turns":2},{"damage":0,"enemies":"Snake Plant","floor":25,"turns":2},{"damage":0,"enemies":"Shelled Parasite and Fungi","floor":27,"turns":3},{"damage":7,"enemies":"Book of Stabbing","floor":28,"turns":2},{"damage":11,"enemies":"Centurion and Healer","floor":31,"turns":2},{"damage":22,"enemies":"Pondfish","floor":33,"turns":4},{"damage":6,"enemies":"3 Darklings","floor":35,"turns":2},{"damage":3,"enemies":"Orb Walker","floor":36,"turns":2},{"damage":0,"enemies":"R_Hoarder","floor":40,"turns":3},{"damage":0,"enemies":"Transient","floor":41,"turns":5},{"damage":8,"enemies":"Reptomancer","floor":42,"turns":2},{"damage":0,"enemies":"Spire Growth","floor":44,"turns":1},{"damage":6,"enemies":"Orin","floor":45,"turns":3},{"damage":8,"enemies":"Nemesis","floor":46,"turns":3},{"damage":12,"enemies":"Sphere and 2 Shapes","floor":47,"turns":2},{"damage":0,"enemies":"Reptomancer","floor":48,"turns":1},{"damage":18,"enemies":"Time Eater","floor":50,"turns":3},{"damage":0,"enemies":"Shield and Spear","floor":54,"turns":2},{"damage":40,"enemies":"The Heart","floor":55,"turns":4}],"seed_played":"-4319947875775167774","potions_obtained":[{"floor":6,"key":"ElixirPotion"},{"floor":8,"key":"DistilledChaos"},{"floor":13,"key":"Strength Potion"},{"floor":16,"key":"SpeedPotion"},{"floor":18,"key":"Swift Potion"},{"floor":20,"key":"BloodPotion"},{"floor":28,"key":"PowerPotion"},{"floor":31,"key":"SkillPotion"},{"floor":33,"key":"Block Potion"},{"floor":36,"key":"SteroidPotion"},{"floor":40,"key":"PowerPotion"},{"floor":42,"key":"SkillPotion"},{"floor":45,"key":"EssenceOfSteel"},{"floor":47,"key":"Death Potion"},{"floor":54,"key":"Fruit Juice"}],"is_trial":false,"path_per_floor":["M","?","$","?","M","E","T","E","T","T","E","R","M","?","R","B",null,"M","$","?","$","?","E","M","M","T","M","E","$","R","M","R","B",null,"M","M","$","?","$","E","M","E","T","M","?","E","M","E","R","B",null,"R","$","E","B",null],"character_chosen":"IRONCLAD","items_purchased":["MerchantsRug","aspiration:Nostalgia","Happy Flower","Shockwave+1","ClockworkSouvenir","Lee\u0027s Waffle","Replay:Arrowhead","Strawberry","Centennial Puzzle"],"campfire_rested":0,"item_purchase_floors":[19,19,19,19,21,29,53,53,53],"current_hp_per_floor":[80,80,80,64,70,76,76,56,56,56,54,54,52,52,76,61,80,77,77,57,57,57,18,22,37,37,50,55,93,93,88,88,94,97,97,98,98,98,98,101,101,95,95,95,101,101,101,101,101,83,101,101,108,111,106],"gold":87,"neow_bonus":"THREE_ENEMY_KILL","is_daily":false,"chose_seed":false,"campfire_upgraded":4,"win_rate":0.0,"timestamp":1611555635,"path_taken":["M","?","$","?","M","E","?","E","T","?","E","R","?","?","R","BOSS","M","$","?","$","?","E","M","M","T","M","E","?","R","M","R","BOSS","M","M","$","?","$","E","M","E","T","M","?","E","M","E","R","BOSS","R","$","E","BOSS"],"items_purchased_type":["Relic","Relic","Relic","Card","Relic","Relic","Relic","Relic","Relic"],"build_version":"2020-12-22","purchased_purges":4,"victory":true,"max_hp_per_floor":[80,80,80,80,80,80,80,80,80,80,80,80,80,80,80,80,80,80,80,80,80,80,80,80,83,83,86,86,93,93,97,97,97,97,97,101,101,101,101,101,101,101,101,101,101,101,101,101,101,101,101,101,108,111,116],"card_choices":[{"not_picked":["Rage","Clothesline"],"picked":"Flex","floor":1},{"not_picked":["Combust","Warcry"],"picked":"Inflame","floor":5},{"not_picked":["Perfected Strike","Eclipse"],"picked":"Sword Boomerang","floor":6},{"not_picked":["Sever Soul","Bludgeon"],"picked":"Bloodletting+1","floor":8},{"not_picked":["Dark Embrace","Combust"],"picked":"Run Through","floor":11},{"not_picked":["Iron Wave","ReplayTheSpireMod:LeadingStrike","Intimidate+1"],"picked":"Heavy Blade","floor":13},{"not_picked":["Impervious+1","Fiend Fire","Demonic Infusion+1"],"picked":"Demon Form","floor":16},{"not_picked":["ReplayTheSpireMod:Strike From Hell","Clothesline+1","Shrug It Off+1"],"picked":"ReplayTheSpireMod:LeadingStrike","floor":18},{"not_picked":["Headbutt","BowlingBash","True Grit+1"],"picked":"FollowUp","floor":20},{"not_picked":["Life Link+1","Replay:Undeath\u0027s Touch+1","Fire Breathing+1"],"picked":"Feed","floor":23},{"not_picked":["ReplayTheSpireMod:Strike From Hell","EmptyFist","Crescendo+1"],"picked":"Cleave","floor":24},{"not_picked":["Body Slam","Replay:Undeath\u0027s Touch","ReplayTheSpireMod:Strike From Hell"],"picked":"BowlingBash","floor":25},{"not_picked":["ForeignInfluence+1","Body Slam","Flame Barrier+1"],"picked":"Armaments+1","floor":27},{"not_picked":["FlyingSleeves","Armaments+1","Shockwave+1"],"picked":"Reaper","floor":28},{"not_picked":["Warcry+1","Burning Pact+1","Pommel Strike"],"picked":"Twin Strike+1","floor":31},{"not_picked":["Fiend Fire","Bludgeon","Demon Form"],"picked":"Limit Break+1","floor":33},{"not_picked":["Clothesline","Iron Wave+1","Abandon+1"],"picked":"Flex+1","floor":35},{"not_picked":["ReplayTheSpireMod:Stacked+1","ReplayTheSpireMod:Strike From Hell","Replay:Undeath\u0027s Touch+1"],"picked":"Armaments+1","floor":36},{"not_picked":["Run Through+1","Reckless Charge","Warcry+1"],"picked":"Infernal Blade+1","floor":40},{"not_picked":["Impervious+1","Replay:Undeath\u0027s Touch","Pommel Strike"],"picked":"Sword Boomerang","floor":41},{"not_picked":["Disarm+1","Abandon+1","Thunderclap"],"picked":"Double Tap+1","floor":42},{"not_picked":["ReplayReversal+1","Shrug It Off+1","Sword Boomerang"],"picked":"Thunderclap+1","floor":44},{"not_picked":["Perfected Strike","Dark Embrace","ReplayReversal+1"],"picked":"Inflame+1","floor":45},{"not_picked":["Thunderclap","Headbutt","Carnage+1"],"picked":"Battle Trance+1","floor":46},{"not_picked":["Fire Breathing","Searing Blow","Rage+1"],"picked":"Reaper","floor":47},{"not_picked":["ReplayTheSpireMod:LeadingStrike","Sword Boomerang+1","Bludgeon"],"picked":"Dropkick","floor":48},{"not_picked":["Perfected Strike","Metallicize","Massacre"],"picked":"Twin Strike","floor":54}],"player_experience":34261,"relics_obtained":[{"floor":6,"key":"Gambling Chip"},{"floor":7,"key":"Toxic Egg 2"},{"floor":8,"key":"testmod-CrystalShield"},{"floor":9,"key":"Onion Ring"},{"floor":10,"key":"Matryoshka"},{"floor":11,"key":"Question Card"},{"floor":20,"key":"FossilizedHelix"},{"floor":20,"key":"The Courier"},{"floor":23,"key":"Snack Pack"},{"floor":26,"key":"Juzu Bracelet"},{"floor":28,"key":"King of Hearts"},{"floor":40,"key":"ReplayTheSpireMod:Ninjato"},{"floor":40,"key":"Iron Hammer"},{"floor":42,"key":"testmod-CasingShield"},{"floor":42,"key":"aspiration:HiddenCompartment"},{"floor":43,"key":"testmod-OneHitWonder"},{"floor":45,"key":"CatCart"},{"floor":46,"key":"MawBank"},{"floor":46,"key":"ReplayTheSpireMod:TigerMarble"},{"floor":48,"key":"testmod-LifeArmor"},{"floor":48,"key":"Replay:Rubber Ducky"},{"floor":54,"key":"Calipers"},{"floor":54,"key":"ReplayTheSpireMod:Spearhead"}],"event_choices":[{"damage_healed":0,"gold_gain":0,"player_choice":"Entered Light","damage_taken":16,"max_hp_gain":0,"max_hp_loss":0,"event_name":"Shining Light","floor":4,"gold_loss":0,"cards_upgraded":["Strike_R","Bash"]},{"damage_healed":0,"gold_gain":0,"player_choice":"Ignored","damage_taken":0,"max_hp_gain":0,"max_hp_loss":0,"event_name":"Ghosts","floor":22,"gold_loss":0},{"damage_healed":0,"gold_gain":0,"player_choice":"Upgraded","damage_taken":0,"max_hp_gain":0,"max_hp_loss":0,"event_name":"Upgrade Shrine","floor":38,"gold_loss":0,"cards_upgraded":["ReplayTheSpireMod:LeadingStrike"]},{"damage_healed":0,"gold_gain":0,"player_choice":"Fight","damage_taken":0,"max_hp_gain":0,"max_hp_loss":0,"event_name":"OrinTheCat","floor":45,"gold_loss":0}],"is_beta":false,"boss_relics":[{"not_picked":["Replay:Drink Me","Replay:Wanted Poster"],"picked":"testmod-Recursion"},{"not_picked":["Velvet Choker","ReplayTheSpireMod:DimensionalGlitch"],"picked":"Black Star"}],"items_purged_floors":[3,29,37,53],"is_endless":false,"potions_floor_spawned":[6,8,13,16,18,28,31,33,36,40,42,45,47,48,54],"ascension_level":1}}