{"host":"92108ef2q9tm8rod","time":1611610799,"event":{"mods":["BaseMod","Defuse TimeMaze Blight","Minty Spire (QoL Compilation)","StSLib","The Jungle"],"gold_per_floor":[117,117,129,139,157,192,192,224,224,254,254,254,254,273,273,371,371,384,400,325,325,336,336,355,355,355,355,128,158,158,183,183,278,278,291,310,260,279,329,329,329,354,354,354,389,339,339,339,339],"floor_reached":50,"language":"ENG","playtime":1869,"items_purged":["Cloak And Dagger","Cloak And Dagger","Bandage Up"],"score":929,"play_id":"d9642a0b-2d65-4034-b7be-e00b4707de97","local_time":"20210125213959","daily_mods":["SealedDeck","Colorless Cards","Heirloom","Flight"],"is_ascension_mode":false,"campfire_choices":[{"data":"Blade Dance","floor":7,"key":"SMITH"},{"data":"Catalyst","floor":11,"key":"SMITH"},{"data":"Caltrops","floor":12,"key":"SMITH"},{"floor":13,"key":"REST"},{"data":"Corpse Explosion","floor":15,"key":"SMITH"},{"data":"Deflect","floor":23,"key":"SMITH"},{"data":"Noxious Fumes","floor":25,"key":"SMITH"},{"data":"Bouncing Flask","floor":27,"key":"SMITH"},{"data":"Noxious Fumes","floor":30,"key":"SMITH"},{"data":"Good Instincts","floor":32,"key":"SMITH"},{"data":"Adrenaline","floor":40,"key":"SMITH"},{"data":"Panacea","floor":41,"key":"SMITH"},{"data":"Backflip","floor":44,"key":"SMITH"},{"data":"Finesse","floor":47,"key":"SMITH"}],"circlet_count":0,"master_deck":["Blade Dance+1","Choke+1","Bouncing Flask+1","Caltrops+1","Backflip+1","Good Instincts+1","Finesse+1","Deflect+1","Corpse Explosion+1","Catalyst+1","Noxious Fumes+1","Escape Plan+1","Noxious Fumes+1","Adrenaline+1","Panacea+1"],"relics":["Ring of the Snake","Incense Burner","Whetstone","Blood Vial","Happy Flower","Mummified Hand","Black Star","Tingsha","Snake Skull","Smiling Mask","InkBottle","Bird Faced Urn","Pear","Pocketwatch","The Courier","Question Card","Kunai","Letter Opener","Du-Vu Doll"],"acts_visited":["Exordium","Exordium","TheBeyond"],"potions_floor_usage":[6,8,10,42,49,49],"damage_taken":[{"damage":0,"enemies":"2 Louse","floor":1,"turns":2},{"damage":0,"enemies":"Cultist","floor":3,"turns":2},{"damage":0,"enemies":"Small Slimes","floor":4,"turns":2},{"damage":0,"enemies":"Looter","floor":5,"turns":3},{"damage":0,"enemies":"Lagavulin","floor":6,"turns":4},{"damage":30,"enemies":"Gremlin Nob","floor":8,"turns":3},{"damage":3,"enemies":"Lagavulin","floor":10,"turns":4},{"damage":0,"enemies":"3 Louse","floor":14,"turns":3},{"damage":2,"enemies":"Slime Boss","floor":16,"turns":7},{"damage":0,"enemies":"theJungle:MUSHROOMGANG","floor":18,"turns":2},{"damage":5,"enemies":"theJungle:5_Spyders","floor":19,"turns":5},{"damage":6,"enemies":"Snake Plant","floor":22,"turns":2},{"damage":0,"enemies":"theJungle:Lyon","floor":24,"turns":2},{"damage":0,"enemies":"theJungle:MamaSnecko","floor":29,"turns":3},{"damage":12,"enemies":"theJungle:Cassacara","floor":31,"turns":3},{"damage":0,"enemies":"theJungle:TotemBoss","floor":33,"turns":4},{"damage":0,"enemies":"3 Shapes","floor":35,"turns":2},{"damage":0,"enemies":"Orb Walker","floor":36,"turns":2},{"damage":0,"enemies":"Jaw Worm Horde","floor":38,"turns":1},{"damage":0,"enemies":"Mind Bloom Boss Battle","floor":39,"turns":4},{"damage":0,"enemies":"Nemesis","floor":42,"turns":3},{"damage":5,"enemies":"Reptomancer","floor":45,"turns":4},{"damage":9,"enemies":"Donu and Deca","floor":49,"turns":4}],"seed_played":"6750050975564964933","potions_obtained":[{"floor":1,"key":"Swift Potion"},{"floor":3,"key":"BlessingOfTheForge"},{"floor":5,"key":"CunningPotion"},{"floor":18,"key":"SkillPotion"},{"floor":22,"key":"Strength Potion"},{"floor":31,"key":"SmokeBomb"},{"floor":33,"key":"Explosive Potion"},{"floor":35,"key":"Block Potion"},{"floor":42,"key":"SmokeBomb"}],"is_trial":true,"path_per_floor":["M","?","M","M","M","E","R","E","T","E","R","R","R","M","R","B",null,"M","M","$","?","M","R","M","R","T","R","$","E","R","E","R","B",null,"M","M","$","M","?","R","R","E","T","R","E","$","R","?","B",null],"character_chosen":"THE_SILENT","items_purchased":["Snake Skull","Noxious Fumes"],"campfire_rested":1,"item_purchase_floors":[28,28],"current_hp_per_floor":[70,75,75,75,75,75,75,45,45,44,44,44,66,68,68,72,75,75,74,74,74,73,73,75,75,75,75,75,75,75,73,73,85,85,85,85,85,85,85,85,85,85,85,85,84,84,84,84,76],"gold":339,"neow_bonus":"","is_daily":false,"chose_seed":false,"campfire_upgraded":13,"win_rate":0.0,"timestamp":1611610799,"path_taken":["M","?","M","M","M","E","R","E","T","E","R","R","R","M","R","BOSS","M","M","$","?","M","R","M","R","T","R","$","E","R","E","R","BOSS","M","M","$","M","?","R","R","E","T","R","E","$","R","?","BOSS"],"items_purchased_type":["Relic","Card"],"build_version":"2020-12-22","purchased_purges":3,"victory":true,"max_hp_per_floor":[70,75,75,75,75,75,75,75,75,75,75,75,75,75,75,75,75,75,75,75,75,75,75,75,75,75,75,75,75,75,85,85,85,85,85,85,85,85,85,85,85,85,85,85,85,85,85,85,85],"card_choices":[{"not_picked":["Masterful Stab","Purity","Caltrops"],"picked":"SKIP","floor":1},{"not_picked":["Deflect","Flying Knee","Dagger Throw"],"picked":"SKIP","floor":3},{"not_picked":["Footwork","Heel Hook","Deflect"],"picked":"SKIP","floor":4},{"not_picked":["Calculated Gamble","Outmaneuver","Well Laid Plans"],"picked":"SKIP","floor":5},{"not_picked":["Jack Of All Trades","Tactician","Apotheosis"],"picked":"SKIP","floor":6},{"not_picked":["Dash","Dagger Throw"],"picked":"Corpse Explosion","floor":8},{"not_picked":["Accuracy","Finisher"],"picked":"Catalyst","floor":10},{"not_picked":["Flechettes","Trip"],"picked":"Bandage Up","floor":14},{"not_picked":["Dark Shackles","Caltrops+1","Bane"],"picked":"SKIP","floor":18},{"not_picked":["Masterful Stab+1","Deep Breath"],"picked":"Noxious Fumes","floor":19},{"not_picked":["PiercingWail","Outmaneuver"],"picked":"Escape Plan+1","floor":22},{"not_picked":["Bouncing Flask","Dagger Spray+1","Dodge and Roll"],"picked":"SKIP","floor":24},{"not_picked":["Terror","Dramatic Entrance+1","Trip"],"picked":"SKIP","floor":29},{"not_picked":["Impatience+1","Blade Dance","Forethought+1"],"picked":"SKIP","floor":31},{"not_picked":["Glass Knife","Envenom"],"picked":"Adrenaline","floor":33},{"not_picked":["Acrobatics+1","Eviscerate+1","Bane"],"picked":"SKIP","floor":35},{"not_picked":["Poisoned Stab+1","Dodge and Roll+1","Enlightenment+1"],"picked":"SKIP","floor":36},{"not_picked":["PiercingWail","Trip","Dagger Throw+1"],"picked":"SKIP","floor":38},{"not_picked":["Flying Knee+1","Slice"],"picked":"Panacea","floor":39},{"not_picked":["Prepared+1","Quick Slash","Swift Strike"],"picked":"SKIP","floor":42},{"not_picked":["Cloak And Dagger+1","Blade Dance+1","Deadly Poison+1","Dagger Spray+1"],"picked":"SKIP","floor":45}],"player_experience":3346454,"relics_obtained":[{"floor":6,"key":"Whetstone"},{"floor":8,"key":"Blood Vial"},{"floor":9,"key":"Happy Flower"},{"floor":10,"key":"Mummified Hand"},{"floor":26,"key":"Tingsha"},{"floor":29,"key":"Smiling Mask"},{"floor":29,"key":"InkBottle"},{"floor":31,"key":"Bird Faced Urn"},{"floor":31,"key":"Pear"},{"floor":39,"key":"Pocketwatch"},{"floor":42,"key":"The Courier"},{"floor":42,"key":"Question Card"},{"floor":43,"key":"Kunai"},{"floor":45,"key":"Letter Opener"},{"floor":45,"key":"Du-Vu Doll"}],"event_choices":[{"damage_healed":0,"gold_gain":0,"player_choice":"Donut","damage_taken":0,"max_hp_gain":5,"max_hp_loss":0,"event_name":"Big Fish","floor":2,"gold_loss":0},{"damage_healed":0,"gold_gain":0,"player_choice":"Fight","damage_taken":0,"max_hp_gain":0,"max_hp_loss":0,"event_name":"MindBloom","floor":39,"gold_loss":0},{"damage_healed":0,"gold_gain":0,"player_choice":"Took Portal","damage_taken":0,"max_hp_gain":0,"max_hp_loss":0,"event_name":"SecretPortal","floor":48,"gold_loss":0}],"is_beta":false,"boss_relics":[{"not_picked":["Fusion Hammer","Velvet Choker"],"picked":"Black Star"},{"not_picked":["Astrolabe","Runic Pyramid","Sozu"]}],"items_purged_floors":[20,37,46],"is_endless":false,"potions_floor_spawned":[1,3,5,18,22,31,33,35,39,42],"ascension_level":0}}