{"host":"g61l9u03ah4b44ex","time":1611555465,"event":{"mods":["Aspiration","BaseMod","Better Altar","Better Match","Better Sensory Stone","Better Skull","Better Third Choice","Conspire","Downfall","Hubris","Minty Spire (QoL Compilation)","Spicy Shops","StSLib","Waifu the Spire"],"gold_per_floor":[99,99,99,99,99,133,133,160,170,180,80,100,111,153,177,287,287,187,209,245,254,254,254,254,254,297,26,68,68,68,91,112,218,218,118,131,160,41,69,105,105,147,173,196,218,236,236,262,288,288,288,328,25,25,29,29],"floor_reached":57,"language":"ENG","playtime":6835,"items_purged":["downfall:Bewildered","bronze:Strike","bronze:Strike","bronze:Defend"],"score":1832,"play_id":"638df00e-7ebe-4d93-90ca-e3dc145542b8","local_time":"20210125141745","is_ascension_mode":true,"campfire_choices":[{"data":"bronze:Goto","floor":1.0,"key":"SMITH"},{"data":"bronze:Shell","floor":11.0,"key":"SMITH"},{"data":"bronze:HardenedForm","floor":18.0,"key":"SMITH"},{"data":"bronze:Virus","floor":25.0,"key":"SMITH"},{"floor":30.0,"key":"RECALL"},{"data":"bronze:Library","floor":35.0,"key":"SMITH"},{"data":"bronze:Overload","floor":54,"key":"SMITH"}],"circlet_count":0,"master_deck":["bronze:Defend","bronze:Defend","bronze:Defend","bronze:Replicate","bronze:Goto+1","bronze:DelayedSlice","bronze:Fortify","bronze:BronzeOrb","bronze:Shell+1","bronze:FineTuning","bronze:DarkDash","bronze:HardenedForm+1","bronze:Assembly","bronze:ClassDefault","bronze:Virus+1","bronze:Separator","bronze:MaxOutput","bronze:Overload+1","bronze:DelayedGuard","bronze:Terminator+1","bronze:Optimize","bronze:Return","bronze:Library+1","bronze:ForLoop","bronze:ForLoop","bronze:Constructor+1","bronze:ForceShield","bronze:ChildClass","bronze:BronzeArmor+1","bronze:GetLatest+1","bronze:Safeguard+1","Deep Breath","Dark Shackles","bronze:Fortify+1","bronze:BitShift+1","bronze:Optimize+1","bronze:ItsAFeature","bronze:BronzeOrb"],"relics":["bronze:BronzeCore","downfall:HeartsMalice","hubris:Icosahedron","conspire:DeflatedDodgeball","Bag of Preparation","downfall:HeartBlessingGreen","CeramicFish","Philosopher\u0027s Stone","downfall:HeartBlessingBlue","Mercury Hourglass","sneckomod:BabySnecko","Vajra","TheAbacus","Matryoshka","conspire:DecoderRing","conspire:Boomerang","Unceasing Top","sneckomod:SneckoTalon","downfall:HeartBlessingRed","Chemical X","hubris:HerbalPaste","Anchor","aspiration:Lifesprig","hubris:ToyBattleship","Sundial","Bird Faced Urn","Eternal Feather","Strange Spoon"],"acts_visited":["Exordium","TheCity","TheBeyond","TheEnding"],"potions_floor_usage":[55],"damage_taken":[{"damage":0.0,"enemies":"conspire:RoseBush","floor":2.0,"turns":1.0},{"damage":0.0,"enemies":"Small Slimes","floor":5.0,"turns":1.0},{"damage":0.0,"enemies":"Gremlin Nob","floor":6.0,"turns":1.0},{"damage":5.0,"enemies":"3 Sentries","floor":8.0,"turns":7.0},{"damage":0.0,"enemies":"Cultist","floor":9.0,"turns":2.0},{"damage":0.0,"enemies":"2 Fungi Beasts","floor":10.0,"turns":2.0},{"damage":7.0,"enemies":"Blue Slaver","floor":12.0,"turns":3.0},{"damage":0.0,"enemies":"Large Slime","floor":13.0,"turns":3.0},{"damage":0.0,"enemies":"Gremlin Nob","floor":14.0,"turns":4.0},{"damage":6.0,"enemies":"conspire:2 RoseBushes","floor":15.0,"turns":4.0},{"damage":0.0,"enemies":"SI_SHIV_ARCHETYPE","floor":16.0,"turns":11.0},{"damage":0.0,"enemies":"Chosen","floor":19.0,"turns":4.0},{"damage":0.0,"enemies":"conspire:MimicChest","floor":20.0,"turns":5.0},{"damage":0.0,"enemies":"conspire:Head Lice","floor":26.0,"turns":4.0},{"damage":0.0,"enemies":"downfall:FleeingMerchant","floor":27.0,"turns":4.0},{"damage":0.0,"enemies":"Gremlin Leader","floor":28.0,"turns":4.0},{"damage":2.0,"enemies":"conspire:FuzzyDice","floor":31.0,"turns":4.0},{"damage":0.0,"enemies":"Centurion and Healer","floor":32.0,"turns":4.0},{"damage":0.0,"enemies":"WA_ARCHETYPE_CALM","floor":33.0,"turns":7.0},{"damage":15.0,"enemies":"3 Shapes","floor":36.0,"turns":2.0},{"damage":0.0,"enemies":"Orb Walker","floor":37.0,"turns":2.0},{"damage":0.0,"enemies":"downfall:FleeingMerchant","floor":38.0,"turns":4.0},{"damage":1.0,"enemies":"Transient","floor":39.0,"turns":5.0},{"damage":1.0,"enemies":"Giant Head","floor":40.0,"turns":6.0},{"damage":0.0,"enemies":"Nemesis","floor":42.0,"turns":5.0},{"damage":0.0,"enemies":"Jaw Worm Horde","floor":43.0,"turns":4.0},{"damage":0.0,"enemies":"4 Shapes","floor":44.0,"turns":3.0},{"damage":0.0,"enemies":"Spire Growth","floor":45.0,"turns":3.0},{"damage":0.0,"enemies":"Jaw Worm Horde","floor":48.0,"turns":4.0},{"damage":0.0,"enemies":"3 Darklings","floor":49.0,"turns":4.0},{"damage":1.0,"enemies":"DF_ARCHETYPE_ORBS","floor":50.0,"turns":6.0},{"damage":3,"enemies":"downfall:CharBossMerchant","floor":52,"turns":8},{"damage":5,"enemies":"downfall:NeowBoss","floor":55,"turns":10},{"damage":68,"enemies":"downfall:NeowBossFinal","floor":56,"turns":7}],"seed_played":"5347703637266098233","potions_obtained":[{"floor":8.0,"key":"Dexterity Potion"},{"floor":9.0,"key":"Block Potion"},{"floor":14.0,"key":"conspire:TimeTravelPotion"},{"floor":20.0,"key":"EssenceOfSteel"},{"floor":22.0,"key":"CultistPotion"},{"floor":26.0,"key":"LiquidMemories"},{"floor":36.0,"key":"Weak Potion"},{"floor":44.0,"key":"Weak Potion"},{"floor":52,"key":"SteroidPotion"}],"is_trial":false,"path_per_floor":["R","M","?","?","M","E","T","E","M","M","R","M","M","E","M","B",null,"R","M","?","?","?","$","T","R","E","$","E","?","R","M","M","B",null,"R","M","M","$","M","E","T","E","M","M","M","?","?","M","M","B",null,"E","$","R","B","B",null],"character_chosen":"THE_AUTOMATON","items_purchased":["Vajra","TheAbacus","conspire:Boomerang","Chemical X","hubris:HerbalPaste","bronze:ForLoop","Anchor","Strange Spoon","bronze:ItsAFeature","bronze:BronzeOrb"],"campfire_rested":0,"item_purchase_floors":[23,23,27,38,38,38,38,53,53,53],"current_hp_per_floor":[70,70,70,70,70,70,70,65,65,65,65,58,58,58,52,52,70,80,80,80,80,80,55,55,55,55,55,55,55,55,53,53,53,80,80,65,65,65,70,75,75,80,80,80,80,80,80,80,80,79,80,80,80,80,79,18],"gold":29,"neow_bonus":"THREE_ENEMY_KILL","is_daily":false,"chose_seed":false,"campfire_upgraded":6,"win_rate":0.0,"timestamp":1611555465,"path_taken":["R","M","?","?","M","E","T","E","?","M","R","M","M","E","M","BOSS","R","M","?","?","?","?","T","R","E","$","E","?","R","M","M","BOSS","R","M","M","$","M","E","T","E","?","M","?","?","?","?","M","BOSS","E","$","R","BOSS","BOSS"],"items_purchased_type":["Relic","Relic","Relic","Relic","Relic","Card","Relic","Relic","Card","Card"],"build_version":"2020-12-22","purchased_purges":4,"victory":true,"max_hp_per_floor":[70,70,70,70,70,70,70,70,70,70,70,70,70,70,70,70,70,80,80,80,80,80,80,80,80,80,80,80,80,80,80,80,80,80,80,80,80,80,80,80,80,80,80,80,80,80,80,80,80,80,80,80,80,80,80,80],"card_choices":[{"not_picked":["bronze:OilSpill","bronze:BitShift"],"picked":"bronze:DelayedSlice","floor":2.0},{"not_picked":["bronze:Iterate","bronze:BugBarrage"],"picked":"bronze:Fortify","floor":5.0},{"not_picked":["bronze:BugBarrage","bronze:DelayedGuard"],"picked":"bronze:BronzeOrb","floor":6.0},{"not_picked":["bronze:BuggyMess","bronze:Safeguard"],"picked":"bronze:Shell","floor":8.0},{"not_picked":["bronze:Turbo","bronze:Iterate"],"picked":"bronze:FineTuning","floor":9.0},{"not_picked":["bronze:WhirlingStrike","bronze:Invalidate","bronze:Turbo"],"picked":"SKIP","floor":10.0},{"not_picked":["bronze:BugBarrage","bronze:Overheat"],"picked":"bronze:DarkDash","floor":12.0},{"not_picked":["bronze:Optimize","bronze:Turbo"],"picked":"bronze:HardenedForm","floor":13.0},{"not_picked":["bronze:Branch","bronze:FineTuning"],"picked":"bronze:Assembly","floor":14.0},{"not_picked":["bronze:Shield","bronze:ChosenStrike"],"picked":"bronze:ClassDefault","floor":15.0},{"not_picked":["bronze:Break","bronze:BurnOut"],"picked":"bronze:Virus","floor":16.0},{"not_picked":["bronze:CutThrough","bronze:BugBarrage"],"picked":"bronze:Separator","floor":19.0},{"not_picked":["bronze:OilSpill","bronze:Allocate+1"],"picked":"bronze:MaxOutput","floor":20.0},{"not_picked":["bronze:Flail","bronze:Shield"],"picked":"bronze:Overload","floor":26.0},{"not_picked":["bronze:FollowUp","bronze:Separator"],"picked":"bronze:DelayedGuard","floor":27.0},{"not_picked":["bronze:ChosenStrike","bronze:ForceShield"],"picked":"bronze:Terminator+1","floor":28.0},{"not_picked":["bronze:Frontload","bronze:Philosophize"],"picked":"bronze:Optimize","floor":31.0},{"not_picked":["bronze:Hardcode","bronze:WildBeam"],"picked":"bronze:Return","floor":32.0},{"not_picked":["bronze:ShipIt","bronze:Break"],"picked":"bronze:Library","floor":33.0},{"not_picked":["bronze:MaxOutput","bronze:NullPointer","bronze:OilSpill"],"picked":"SKIP","floor":36.0},{"not_picked":["bronze:CutThrough","bronze:Philosophize"],"picked":"bronze:ForLoop","floor":37.0},{"not_picked":["bronze:Invalidate","bronze:ShipIt","bronze:DelayedSlice"],"picked":"SKIP","floor":38.0},{"not_picked":["bronze:BronzeOrb","bronze:Invalidate+1"],"picked":"bronze:Constructor+1","floor":39.0},{"not_picked":["bronze:Philosophize","bronze:Refactor"],"picked":"bronze:ForceShield","floor":40.0},{"not_picked":["bronze:Shield","bronze:BugBarrage"],"picked":"bronze:ChildClass","floor":42.0},{"not_picked":["bronze:Fortify","bronze:Shield+1"],"picked":"bronze:BronzeArmor+1","floor":43.0},{"not_picked":["bronze:Return+1","bronze:Terminator"],"picked":"bronze:GetLatest+1","floor":44.0},{"not_picked":["bronze:DelayedSlice","bronze:FineTuning+1"],"picked":"bronze:Safeguard+1","floor":45.0},{"not_picked":["Enlightenment","Panacea"],"picked":"Deep Breath","floor":46.0},{"not_picked":["Madness","Mind Blast"],"picked":"Dark Shackles","floor":46.0},{"not_picked":["bronze:DigitalCarnage","bronze:BuggyMess"],"picked":"bronze:Fortify+1","floor":48.0},{"not_picked":["bronze:FollowUp","bronze:WhirlingStrike"],"picked":"bronze:BitShift+1","floor":49.0},{"not_picked":["bronze:CutThrough+1","bronze:BitShift+1"],"picked":"bronze:Optimize+1","floor":52}],"player_experience":852604,"relics_obtained":[{"floor":6.0,"key":"conspire:DeflatedDodgeball"},{"floor":8.0,"key":"Bag of Preparation"},{"floor":14.0,"key":"CeramicFish"},{"floor":20.0,"key":"Mercury Hourglass"},{"floor":24.0,"key":"Matryoshka"},{"floor":26.0,"key":"conspire:DecoderRing"},{"floor":28.0,"key":"Unceasing Top"},{"floor":40.0,"key":"aspiration:Lifesprig"},{"floor":41.0,"key":"hubris:ToyBattleship"},{"floor":41.0,"key":"Sundial"},{"floor":42.0,"key":"Bird Faced Urn"},{"floor":52,"key":"Eternal Feather"}],"event_choices":[{"cards_removed":["bronze:Strike"],"damage_healed":0.0,"max_hp_gain":0.0,"max_hp_loss":0.0,"gold_gain":0.0,"event_name":"Bonfire Elementals","player_choice":"Offered Basic","floor":4.0,"gold_loss":0.0,"damage_taken":0.0},{"damage_healed":0.0,"max_hp_gain":0.0,"max_hp_loss":0.0,"gold_gain":3.0,"event_name":"betterStone:BetterStone","player_choice":"1","floor":46.0,"gold_loss":0.0,"damage_taken":0.0},{"damage_healed":0.0,"max_hp_gain":0.0,"max_hp_loss":0.0,"gold_gain":0.0,"event_name":"conspire:Investor","player_choice":"Leave","floor":47.0,"gold_loss":0.0,"damage_taken":0.0}],"is_beta":false,"boss_relics":[{"not_picked":["conspire:RoyalGoblet","hubris:Stopwatch"],"picked":"Philosopher\u0027s Stone"},{"not_picked":["hubris:ScarierMask","bronze:PlatinumCore"],"picked":"sneckomod:SneckoTalon"}],"items_purged_floors":[23,27,27,53],"is_endless":false,"potions_floor_spawned":[8,9,14,20,26,28,36,39,40,44,45,52],"ascension_level":2}}