{"host":"r3eb5kff0hcmimdq","time":1611542427,"event":{"mods":["100% Spire Juice","ATMod(°¢èªMod)","BaseMod","Colored Powertips","Conspire","Dota2Spire","Highlight Path","Luminous","Minty Spire (QoL Compilation)","MostiFishMod","Quick Restart","Reimu£¨²©ÀöÁéÃÎ£©","Relic Filter","Relic Filter Mod","Replay The Spire","Robot Space Explorer","RyuuouÁúÍõ","Shop Mod","Spicy Shops","StSLib","TestMod","The Jungle","The Mystic","The Senshi","¡¾ÒÅÎï¿¨ÅÆ¡¿REMEMod","óô»ðÖ¸ÄÏ"],"gold_per_floor":[118,130,210,61,80,106,106,141,165,165,182,133,17,37,37,141,141,152,227,913,360,32,32,101,101,126,191,283,365,483,483,437,667,667,800,800,886,945,1106,1218,1218,760,787,866,974,569,592,289,72,132],"floor_reached":51,"language":"ZHS","playtime":1895,"items_purged":["Delirium","RobotSpaceExplorer:Defend","RobotSpaceExplorer:Defend","Voices","RobotSpaceExplorer:Defend","RobotSpaceExplorer:Defend","RobotSpaceExplorer:Strike","RobotSpaceExplorer:Strike"],"score":985,"play_id":"e70659b6-3c81-48bb-9a85-022b698c8545","local_time":"20210125104027","is_ascension_mode":false,"campfire_choices":[{"data":"RobotSpaceExplorer:Comet","floor":7.0,"key":"SMITH"},{"data":"RobotSpaceExplorer:Asteroid","floor":10.0,"key":"SMITH"},{"data":"theSenshi:InTheNickOfTime","floor":15.0,"key":"SMITH"},{"data":"RobotSpaceExplorer:MiniLasers","floor":23.0,"key":"SMITH"},{"data":"AT_FamilyPortrait","floor":25.0,"key":"SMITH"},{"data":"REME_ACTH","floor":41.0,"key":"SMITH"}],"circlet_count":0,"master_deck":["RobotSpaceExplorer:Strike+1","RobotSpaceExplorer:Strike+1","RobotSpaceExplorer:Scan","RobotSpaceExplorer:MiniLasers+1","RobotSpaceExplorer:Asteroid+1","AT_FamilyPortrait+1","RobotSpaceExplorer:IronShell","Pot Of Greed","Pot Of Greed","RobotSpaceExplorer:Comet+1","theSenshi:InTheNickOfTime+1","REME_ACTH+1","MostiFishMod:GrandStart","ForcedLanding:ReiMu+1","MostiFishMod:ReadyAimFire","RobotSpaceExplorer:Strike+1","Pot Of Greed","MostiFishMod:FourSeasons+1"],"relics":["RobotSpaceExplorer:RoboCore","DaveBox","REME_ComplimentaryCards","AT_ATBox","testmod-TestBox","RhineSuit","testmod-HeartOfDaVinci","NeowsBlessing","SynthV:TestCard","MerchantsRug","Grinning Jar","Vampiric Spirits","Bag of Marbles","AT_BellDemon","theSenshi:RoseRelic","testmod-LifeArmor","Replay:Bronze Core","AT_MibuBalloonWealth","Ornamental Fan","testmod-IntensifyImprint","testmod-D¨¦j¨¤vu","Membership Card","Dota2Spire:Dagon","Chameleon Ring","RuthlessExorcism:ReiMu","Symbiotic Virus","AT_TimeSand","Dota2Spire:Desolator","King of Hearts","Snack Pack","REME_ArchaeologicalTools","WristBlade","ReplayTheSpireMod:Lightbulb","Molten Egg 2","Chemical X","ReplayTheSpireMod:CursedCoin","Bow_fan:ReiMu","Dota2Spire:MagicBottle","testmod-Fortitude","REME_OnlineShoppingPlatform","AT_SpeedBoots","testmod-Maize","SkyOrb:ReiMu","Dodecahedron","theSenshi:SailorFukuRelic","Gremlin Food","mysticmod:TrainingManual","REME_LimitBreaker","Dota2Spire:EchoSabre","Akabeko","testmod-Charity","Geode","AT_EbonyIvory","Ninja Scroll","AT_GuinsooRageblade","BargainBundle","Orichalcum","Strange Spoon","Replay:Frozen Program"],"acts_visited":["Exordium","TheCity","TheBeyond"],"potions_floor_usage":[],"damage_taken":[{"damage":0.0,"enemies":"Jaw Worm","floor":1.0,"turns":1.0},{"damage":0.0,"enemies":"2 Louse","floor":2.0,"turns":1.0},{"damage":0.0,"enemies":"Cultist","floor":5.0,"turns":1.0},{"damage":15.0,"enemies":"Lagavulin","floor":6.0,"turns":5.0},{"damage":14.0,"enemies":"Gremlin Nob","floor":8.0,"turns":3.0},{"damage":0.0,"enemies":"Blue Slaver","floor":11.0,"turns":3.0},{"damage":0.0,"enemies":"2 Fungi Beasts","floor":14.0,"turns":1.0},{"damage":8.0,"enemies":"Fading Forest","floor":16.0,"turns":9.0},{"damage":20.0,"enemies":"Chosen","floor":18.0,"turns":4.0},{"damage":16.0,"enemies":"2 Thieves","floor":20.0,"turns":3.0},{"damage":5.0,"enemies":"conspire:HollyBat","floor":24.0,"turns":4.0},{"damage":0.0,"enemies":"Snake Plant","floor":27.0,"turns":1.0},{"damage":0.0,"enemies":"Centurion and Healer","floor":28.0,"turns":1.0},{"damage":0.0,"enemies":"REME_1_Revenger","floor":29.0,"turns":2.0},{"damage":0.0,"enemies":"3 Cultists","floor":30.0,"turns":2.0},{"damage":8.0,"enemies":"Pondfish","floor":33.0,"turns":3.0},{"damage":3.0,"enemies":"3 Shapes","floor":35.0,"turns":1.0},{"damage":0.0,"enemies":"Orb Walker","floor":37.0,"turns":1.0},{"damage":0.0,"enemies":"3 Darklings","floor":39.0,"turns":1.0},{"damage":0.0,"enemies":"Giant Head","floor":40.0,"turns":3.0},{"damage":0.0,"enemies":"Spire Growth","floor":44.0,"turns":1.0},{"damage":0.0,"enemies":"R_Hoarder","floor":45.0,"turns":2.0},{"damage":0,"enemies":"Replay:Hell Engine","floor":50,"turns":1}],"seed_played":"4321854172792317083","potions_obtained":[{"floor":1.0,"key":"REME_GoldPotion"},{"floor":11.0,"key":"testmod-SpacePotion"},{"floor":18.0,"key":"RobotSpaceExplorer:RecyclePotion"},{"floor":27.0,"key":"Explosive Potion"},{"floor":28.0,"key":"LiquidMemories"},{"floor":29.0,"key":"testmod-TestPotion"},{"floor":33.0,"key":"RobotSpaceExplorer:LiquidFusion"},{"floor":35.0,"key":"GamblersBrew"},{"floor":37.0,"key":"DuplicationPotion"}],"is_trial":false,"path_per_floor":["M","M","?","$","M","E","R","E","T","R","M","$","R","M","R","B",null,"M","?","M","$","$","R","M","R","T","M","M","E","M","?","R","B",null,"M","?","M","$","M","E","R","$","T","M","E","R","T","$","R","B",null],"character_chosen":"RobotSpaceExplorer","items_purchased":["MerchantsRug","AT_BellDemon","testmod-D¨¦j¨¤vu","Whetstone","Pear","Membership Card","Dota2Spire:Dagon","Molten Egg 2","Chemical X","ReplayTheSpireMod:CursedCoin","REME_OnlineShoppingPlatform","AT_SpeedBoots","testmod-Maize","SkyOrb:ReiMu","Dodecahedron","Dota2Spire:EchoSabre","Akabeko","testmod-Charity","Geode","Ninja Scroll","AT_GuinsooRageblade","BargainBundle","Orichalcum","Strange Spoon","Replay:Frozen Program"],"campfire_rested":0,"item_purchase_floors":[4,13,21,21,21,22,22,38,38,38,42,42,42,42,42,46,46,46,46,48,48,48,49,49,49],"current_hp_per_floor":[75,75,75,75,75,60,60,46,46,46,50,50,50,70,70,75,75,55,48,40,50,50,50,59,59,59,83,85,85,85,85,85,77,85,85,85,85,85,85,85,85,85,85,85,85,85,86,86,93,101],"gold":132,"neow_bonus":"THREE_ENEMY_KILL","is_daily":false,"chose_seed":false,"campfire_upgraded":6,"win_rate":0.0,"timestamp":1611542427,"path_taken":["M","M","?","$","M","E","R","E","T","R","M","$","R","M","R","BOSS","M","?","M","?","$","R","M","R","T","M","M","E","M","?","R","BOSS","M","?","M","$","?","E","R","$","T","M","E","R","?","?","R","BOSS"],"items_purchased_type":["Relic","Relic","Relic","Relic","Relic","Relic","Relic","Relic","Relic","Relic","Relic","Relic","Relic","Relic","Relic","Relic","Relic","Relic","Relic","Relic","Relic","Relic","Relic","Relic","Relic"],"build_version":"2020-12-22","purchased_purges":8,"victory":true,"max_hp_per_floor":[75,75,75,75,75,75,75,75,75,75,75,75,75,75,75,75,75,75,75,75,85,85,85,85,85,85,85,85,85,85,85,85,85,85,85,85,85,85,85,85,85,85,85,85,85,85,86,86,93,101],"card_choices":[{"not_picked":["RobotSpaceExplorer:LaserBurst","RobotSpaceExplorer:Calculate"],"picked":"RobotSpaceExplorer:IronShell","floor":1.0},{"not_picked":["RobotSpaceExplorer:SwiftStep","RobotSpaceExplorer:MetalStrike","RobotSpaceExplorer:FreezeRay","RobotSpaceExplorer:ScrapToss","RobotSpaceExplorer:Pulsar"],"picked":"SKIP","floor":2.0},{"not_picked":["RobotSpaceExplorer:StunGrenade","RobotSpaceExplorer:ImprovisedAttack","RobotSpaceExplorer:ScrapToss","RobotSpaceExplorer:StarDust","RobotSpaceExplorer:Ammunition"],"picked":"SKIP","floor":5.0},{"not_picked":["RobotSpaceExplorer:SurgingStrike","RobotSpaceExplorer:FranticSearch","RobotSpaceExplorer:PowerGlove","RobotSpaceExplorer:BlastShield"],"picked":"RobotSpaceExplorer:Comet","floor":6.0},{"not_picked":["RobotSpaceExplorer:ShockKick","RobotSpaceExplorer:Pulsar","RobotSpaceExplorer:ImprovisedAttack","RobotSpaceExplorer:SlimeMissile","RobotSpaceExplorer:Asteroid"],"picked":"SKIP","floor":8.0},{"not_picked":["RobotSpaceExplorer:Ammunition","RobotSpaceExplorer:ShockKick","RobotSpaceExplorer:PowerGlove","RobotSpaceExplorer:DualCore","RobotSpaceExplorer:FranticSearch"],"picked":"SKIP","floor":11.0},{"not_picked":["RobotSpaceExplorer:Counterblock","RobotSpaceExplorer:Pulsar","RobotSpaceExplorer:DualCore","RobotSpaceExplorer:GlueShot","RobotSpaceExplorer:FranticSearch"],"picked":"SKIP","floor":14.0},{"not_picked":["RobotSpaceExplorer:Asteroid","RobotSpaceExplorer:Comet","RobotSpaceExplorer:Accelerator","RobotSpaceExplorer:Multitool"],"picked":"RobotSpaceExplorer:Exploration","floor":16.0},{"not_picked":["RobotSpaceExplorer:MetalStrike","RobotSpaceExplorer:Ammunition","RobotSpaceExplorer:SlimeMissile+1","RobotSpaceExplorer:SwiftStep","RobotSpaceExplorer:ShockKick"],"picked":"SKIP","floor":18.0},{"not_picked":["RobotSpaceExplorer:MetalStrike","RobotSpaceExplorer:TrailblazerForm","RobotSpaceExplorer:ShockKick","RobotSpaceExplorer:Ammunition","RobotSpaceExplorer:Pulsar"],"picked":"SKIP","floor":20.0},{"not_picked":["RobotSpaceExplorer:Calculate","RobotSpaceExplorer:Smokescreen","RobotSpaceExplorer:StunGrenade","RobotSpaceExplorer:DoubleBlock+1","RobotSpaceExplorer:FranticSearch+1"],"picked":"SKIP","floor":24.0},{"not_picked":["RobotSpaceExplorer:ExhaustFan","RobotSpaceExplorer:ScrapMissile","RobotSpaceExplorer:MetalStrike+1","RobotSpaceExplorer:ToxicBomb","RobotSpaceExplorer:Pulsar"],"picked":"SKIP","floor":27.0},{"not_picked":["RobotSpaceExplorer:StunGrenade","RobotSpaceExplorer:SurgingStrike","RobotSpaceExplorer:MetalStrike","RobotSpaceExplorer:Pulsar+1","RobotSpaceExplorer:Ammunition"],"picked":"SKIP","floor":28.0},{"not_picked":["RobotSpaceExplorer:SwiftStep","RobotSpaceExplorer:Probe","RobotSpaceExplorer:JunkDive","RobotSpaceExplorer:DoubleBlock","RobotSpaceExplorer:Blitz"],"picked":"SKIP","floor":29.0},{"not_picked":["RobotSpaceExplorer:MiniBoosters","RobotSpaceExplorer:LuckyStrike","RobotSpaceExplorer:FrostMissile+1","RobotSpaceExplorer:Asteroid","RobotSpaceExplorer:SurgingShield+1"],"picked":"SKIP","floor":30.0},{"not_picked":["RobotSpaceExplorer:SlimeMissile","RobotSpaceExplorer:FrostMissile+1","RobotSpaceExplorer:Ammunition","RobotSpaceExplorer:LaserBurst","RobotSpaceExplorer:GlueShot"],"picked":"SKIP","floor":35.0},{"not_picked":["RobotSpaceExplorer:SurgingShield+1","RobotSpaceExplorer:GlueShot+1","RobotSpaceExplorer:SwiftStep","RobotSpaceExplorer:MetalStrike","RobotSpaceExplorer:SlimeMissile"],"picked":"SKIP","floor":37.0},{"not_picked":["RobotSpaceExplorer:SlimeMissile+1","RobotSpaceExplorer:Fix+1","RobotSpaceExplorer:ShockKick+1","RobotSpaceExplorer:BigMissile+1","RobotSpaceExplorer:Probe+1"],"picked":"SKIP","floor":39.0},{"not_picked":["RobotSpaceExplorer:Scanner","RobotSpaceExplorer:MiniDrones+1","RobotSpaceExplorer:StarLightning+1","RobotSpaceExplorer:TurboDodge+1","RobotSpaceExplorer:MakeshiftVolley+1"],"picked":"SKIP","floor":40.0},{"not_picked":["RobotSpaceExplorer:PowerGlove+1","RobotSpaceExplorer:ScrapMissile+1","RobotSpaceExplorer:Pulsar+1","RobotSpaceExplorer:ShovelStrike+1","RobotSpaceExplorer:SwiftStep"],"picked":"SKIP","floor":44.0},{"not_picked":["RobotSpaceExplorer:MiniBoosters+1","RobotSpaceExplorer:SurgingStrike+1","RobotSpaceExplorer:LaserBurst+1","RobotSpaceExplorer:FrostMissile+1","RobotSpaceExplorer:SwiftStep"],"picked":"SKIP","floor":45.0}],"player_experience":169543,"relics_obtained":[{"floor":1.0,"key":"SynthV:TestCard"},{"floor":6.0,"key":"Grinning Jar"},{"floor":8.0,"key":"Vampiric Spirits"},{"floor":9.0,"key":"Bag of Marbles"},{"floor":14.0,"key":"theSenshi:RoseRelic"},{"floor":16.0,"key":"testmod-LifeArmor"},{"floor":18.0,"key":"AT_MibuBalloonWealth"},{"floor":18.0,"key":"Ornamental Fan"},{"floor":20.0,"key":"testmod-IntensifyImprint"},{"floor":24.0,"key":"Chameleon Ring"},{"floor":26.0,"key":"RuthlessExorcism:ReiMu"},{"floor":27.0,"key":"Symbiotic Virus"},{"floor":28.0,"key":"AT_TimeSand"},{"floor":29.0,"key":"Dota2Spire:Desolator"},{"floor":29.0,"key":"King of Hearts"},{"floor":30.0,"key":"Snack Pack"},{"floor":33.0,"key":"REME_ArchaeologicalTools"},{"floor":35.0,"key":"Dream Catcher"},{"floor":37.0,"key":"ReplayTheSpireMod:Lightbulb"},{"floor":39.0,"key":"Bow_fan:ReiMu"},{"floor":40.0,"key":"Dota2Spire:MagicBottle"},{"floor":40.0,"key":"testmod-Fortitude"},{"floor":43.0,"key":"theSenshi:SailorFukuRelic"},{"floor":44.0,"key":"Gremlin Food"},{"floor":45.0,"key":"mysticmod:TrainingManual"},{"floor":45.0,"key":"REME_LimitBreaker"},{"floor":47.0,"key":"AT_EbonyIvory"}],"event_choices":[{"damage_healed":0.0,"max_hp_gain":0.0,"max_hp_loss":0.0,"gold_gain":75.0,"event_name":"FaceTrader","player_choice":"Touch","floor":19.0,"gold_loss":0.0,"damage_taken":7.0},{"damage_healed":0.0,"max_hp_gain":0.0,"max_hp_loss":0.0,"gold_gain":0.0,"event_name":"Vampires","player_choice":"Ignored","floor":31.0,"gold_loss":0.0,"damage_taken":0.0},{"damage_healed":0.0,"max_hp_gain":0.0,"max_hp_loss":0.0,"gold_gain":0.0,"event_name":"The Woman in Blue","player_choice":"Bought 0 Potions","floor":36.0,"gold_loss":0.0,"damage_taken":0.0}],"is_beta":false,"boss_relics":[{"not_picked":["testmod-Temperance","mysticmod:BlessedBook"],"picked":"Replay:Bronze Core"},{"not_picked":["ChewingGum","testmod-IncinerationGenerator"],"picked":"WristBlade"}],"items_purged_floors":[12,32,32,38,42,46,48,49],"is_endless":false,"potions_floor_spawned":[1,11,18,27,28,29,33,35,37,44],"ascension_level":0}}