{"host":"61r95uy0hn86b9iu","time":1611547991,"event":{"mods":["AchievementEnabler","BaseMod","Better Vampires","BetterRewards","Colored Powertips","Hubris","Minty Spire (QoL Compilation)","Shop Mod","StSLib"],"gold_per_floor":[118,118,118,118,118,153,153,197,220,220,38,107,107,7,7,105,105,120,120,5,5,20,20,20],"floor_reached":23,"language":"ENG","playtime":826,"items_purged":["Strike_B","Decay"],"score":524,"play_id":"e7f47076-a585-40ac-be72-0fa626284ab7","local_time":"20210124221311","is_ascension_mode":true,"campfire_choices":[{"floor":10.0,"key":"REST"},{"data":"Panacea","floor":13.0,"key":"SMITH"},{"floor":15.0,"key":"REST"}],"circlet_count":0,"master_deck":["AscendersBane","Strike_B","Strike_B","Strike_B","Defend_B","Defend_B","Defend_B","Defend_B","Zap","Dualcast","Apotheosis+1","Conserve Battery","Consume","Self Repair","Panacea+1","Leap","Rip and Tear","Injury","Reinforced Body","Defragment","Fission","Double Energy","Sunder"],"relics":["Cracked Core","hubris:EmptyBottle","Toy Ornithopter","Juzu Bracelet","Golden Idol","MerchantsRug","Tiny Chest","hubris:SlimyHat","Black Star","Regal Pillow"],"acts_visited":["Exordium","TheCity"],"potions_floor_usage":[22,23],"damage_taken":[{"damage":3.0,"enemies":"2 Louse","floor":1.0,"turns":2.0},{"damage":25.0,"enemies":"Lagavulin","floor":6.0,"turns":5.0},{"damage":8.0,"enemies":"Gremlin Nob","floor":8.0,"turns":4.0},{"damage":13.0,"enemies":"Lagavulin Event","floor":12.0,"turns":6.0},{"damage":26.0,"enemies":"Slime Boss","floor":16.0,"turns":9.0},{"damage":21.0,"enemies":"Spheric Guardian","floor":18.0,"turns":5.0},{"damage":35,"enemies":"3 Byrds","floor":22,"turns":7},{"damage":51,"enemies":"Gremlin Leader","floor":23,"turns":5}],"seed_played":"-5894083863032866947","potions_obtained":[{"floor":1.0,"key":"BlessingOfTheForge"},{"floor":7.0,"key":"DistilledChaos"},{"floor":7.0,"key":"AttackPotion"},{"floor":12.0,"key":"EssenceOfSteel"},{"floor":16.0,"key":"Energy Potion"},{"floor":18.0,"key":"FearPotion"}],"is_trial":false,"path_per_floor":["M","?","?","?","?","E","?","E","T","R","$","?","R","$","R","B",null,"M","?","$","?","M","E"],"character_chosen":"DEFECT","items_purchased":["Apotheosis","hubris:EmptyBottle","Conserve Battery","Consume","Self Repair","Toy Ornithopter","FocusPotion","Panacea","Juzu Bracelet","Leap","Rip and Tear","MerchantsRug","Tiny Chest","Regal Pillow"],"campfire_rested":2,"item_purchase_floors":[0,0,0,0,0,0,0,0,0,0,0,11,11,20],"current_hp_per_floor":[18,18,18,18,18,18,18,30,30,51,51,58,58,58,71,60,68,57,57,57,57,34,0,0],"gold":20,"neow_bonus":"","is_daily":false,"chose_seed":false,"campfire_upgraded":1,"win_rate":0.0,"timestamp":1611547991,"path_taken":["M","?","?","?","?","E","?","E","T","R","$","?","R","$","R","BOSS","M","?","$","?","M","E"],"items_purchased_type":["Card","Relic","Card","Card","Card","Relic","Potion","Card","Relic","Card","Card","Relic","Relic","Relic"],"build_version":"2020-12-22","purchased_purges":2,"victory":false,"max_hp_per_floor":[71,71,71,71,71,71,71,71,71,71,71,71,71,71,71,71,71,71,71,71,71,71,71,71],"card_choices":[{"not_picked":["Hologram","Auto Shields","Lockon"],"picked":"SKIP","floor":1.0},{"not_picked":["White Noise","Sweeping Beam"],"picked":"Reinforced Body","floor":6.0},{"not_picked":["Stack","Redo","Rebound"],"picked":"SKIP","floor":8.0},{"not_picked":["Cold Snap","Genetic Algorithm"],"picked":"Defragment","floor":12.0},{"not_picked":["Amplify","Hyperbeam"],"picked":"Fission","floor":16.0},{"not_picked":["Scrape+1","Conserve Battery"],"picked":"Double Energy","floor":18.0},{"not_picked":["Streamline","Turbo","Rebound"],"picked":"SKIP","floor":22}],"player_experience":3298998,"relics_obtained":[{"floor":6.0,"key":"Girya"},{"floor":8.0,"key":"hubris:AstralHammer"},{"floor":12.0,"key":"hubris:SlimyHat"}],"event_choices":[{"damage_healed":0.0,"max_hp_gain":0.0,"max_hp_loss":0.0,"gold_gain":0.0,"event_name":"Scrap Ooze","player_choice":"Fled","floor":2.0,"gold_loss":0.0,"damage_taken":0.0},{"damage_healed":0.0,"max_hp_gain":0.0,"max_hp_loss":0.0,"gold_gain":0.0,"event_name":"Wheel of Change","player_choice":"Cursed","floor":3.0,"gold_loss":0.0,"damage_taken":0.0,"cards_obtained":["Decay"]},{"damage_healed":0.0,"max_hp_gain":0.0,"max_hp_loss":0.0,"gold_gain":0.0,"event_name":"Golden Idol","player_choice":"Take Wound","floor":4.0,"gold_loss":0.0,"damage_taken":0.0,"relics_obtained":["Golden Idol"],"cards_obtained":["Injury"]},{"damage_healed":0.0,"max_hp_gain":0.0,"max_hp_loss":0.0,"gold_gain":0.0,"event_name":"Living Wall","player_choice":"Grow","floor":5.0,"gold_loss":0.0,"damage_taken":0.0,"cards_upgraded":["Apotheosis"]},{"damage_healed":0.0,"max_hp_gain":0.0,"max_hp_loss":0.0,"gold_gain":0.0,"event_name":"Lab","player_choice":"Got Potions","floor":7.0,"gold_loss":0.0,"damage_taken":0.0},{"damage_healed":0.0,"max_hp_gain":0.0,"max_hp_loss":0.0,"gold_gain":0.0,"event_name":"Dead Adventurer","player_choice":"Searched \u00271\u0027 times","floor":12.0,"gold_loss":0.0,"damage_taken":0.0},{"damage_healed":0.0,"max_hp_gain":0.0,"max_hp_loss":0.0,"gold_gain":0.0,"event_name":"The Library","player_choice":"Read","floor":19.0,"gold_loss":0.0,"damage_taken":0.0,"cards_obtained":["Sunder"]},{"damage_healed":0,"gold_gain":0,"player_choice":"Ignored","damage_taken":0,"max_hp_gain":0,"max_hp_loss":0,"event_name":"Cursed Tome","floor":21,"gold_loss":0}],"is_beta":false,"boss_relics":[{"not_picked":["Cursed Key","Tiny House"],"picked":"Black Star"}],"items_purged_floors":[0,14],"is_endless":false,"potions_floor_spawned":[1,12,16,18],"killed_by":"Gremlin Leader","ascension_level":16}}