{"host":"xp5rvh2jwe2ejyfm","time":1611588762,"event":{"mods":["BaseMod","Downfall","Duelist Mod","GifTheSpireLib","Gremlin Mod","Hermit","Hubris","Minty Spire (QoL Compilation)","Robot Space Explorer","StSLib","The Blackbeard","The Clintock","The Construct","The Cursed","The Disciple","The Forsaken","The Hierophant","The Necromancer","The Runesmith","The Servant 0.9.4"],"gold_per_floor":[118,118,131,145,158,158,91,91,91,91,101,116,134,56,56,153,153,173,30,47,47,47,47,47],"floor_reached":23,"language":"ENG","playtime":874,"items_purged":[],"score":183,"play_id":"f3eb7c93-26cb-4e9a-84bd-1f5f2a9c4d52","local_time":"20210125103242","is_ascension_mode":false,"campfire_choices":[{"floor":6,"key":"REST"},{"data":"theForsaken:WordsOfMight","floor":8,"key":"SMITH"},{"floor":10,"key":"DIG"},{"floor":15,"key":"DIG"}],"circlet_count":0,"master_deck":["theForsaken:TheForsaken_Strike","theForsaken:TheForsaken_Strike","theForsaken:TheForsaken_Strike","theForsaken:TheForsaken_Strike","theForsaken:TheForsaken_Defend","theForsaken:TheForsaken_Defend","theForsaken:TheForsaken_Defend","theForsaken:TheForsaken_Defend","theForsaken:Smite","theForsaken:Penitence","theForsaken:BlessedWeapon","Regret","theForsaken:HealingLight","theForsaken:ScorchingSunlight","theForsaken:QuickAttack","theForsaken:WordsOfMight+1","theForsaken:LightRoll","theForsaken:Retribution","theForsaken:WordsOfMight","theForsaken:DefensiveStance","theForsaken:Retribution","theForsaken:BountifulSunlight","theForsaken:DefensiveStance","theForsaken:BindingThorns"],"relics":["theForsaken:JudgementScales","NeowsBlessing","TungstenRod","Shovel","Slimebound:StickyStick","Mango","hubris:Backtick","hubris:64BitClover","DollysMirror","hubris:BottledHeart","Torii"],"acts_visited":["Exordium","TheCity"],"potions_floor_usage":[13],"damage_taken":[{"damage":0,"enemies":"Small Slimes","floor":1,"turns":1},{"damage":1,"enemies":"2 Louse","floor":3,"turns":2},{"damage":0,"enemies":"Jaw Worm","floor":4,"turns":1},{"damage":30,"enemies":"Gremlin Gang","floor":5,"turns":6},{"damage":0,"enemies":"3 Louse","floor":11,"turns":2},{"damage":24,"enemies":"Large Slime","floor":12,"turns":8},{"damage":30,"enemies":"Exordium Thugs","floor":13,"turns":6},{"damage":63,"enemies":"Slime Boss","floor":16,"turns":14},{"damage":25,"enemies":"Chosen","floor":18,"turns":7},{"damage":0,"enemies":"3 Byrds","floor":20,"turns":3},{"damage":12,"enemies":"Slavers","floor":23,"turns":3}],"seed_played":"5612469546472936135","potions_obtained":[{"floor":1,"key":"Regen Potion"},{"floor":11,"key":"construct:ShiftPotion"},{"floor":16,"key":"DuplicationPotion"}],"is_trial":false,"path_per_floor":["M","?","M","M","M","R","$","R","T","R","M","M","M","$","R","B",null,"M","$","M","?","?","E"],"character_chosen":"THE_FORSAKEN","items_purchased":["theForsaken:WordsOfMight","theForsaken:DefensiveStance","DollysMirror"],"campfire_rested":1,"item_purchase_floors":[7,14,19],"current_hp_per_floor":[65,65,64,64,39,58,58,58,58,58,58,46,40,40,54,13,79,57,57,60,1,1,0,0],"gold":47,"neow_bonus":"THREE_ENEMY_KILL","is_daily":false,"chose_seed":false,"campfire_upgraded":1,"win_rate":0.0,"timestamp":1611588762,"path_taken":["M","?","M","M","M","R","$","R","T","R","M","M","M","$","R","BOSS","M","$","M","?","?","E"],"items_purchased_type":["Card","Card","Relic"],"build_version":"2020-12-22","purchased_purges":0,"victory":false,"max_hp_per_floor":[65,65,65,65,65,65,65,65,65,65,65,65,65,65,79,79,79,79,79,79,1,1,1,1],"card_choices":[{"not_picked":["theForsaken:HymnOfRest","theForsaken:Backlash"],"picked":"theForsaken:BlessedWeapon","floor":1},{"not_picked":["theForsaken:RainingSunlight","theForsaken:QuickAttack"],"picked":"theForsaken:HealingLight","floor":3},{"not_picked":["theForsaken:NobleSacrifice","theForsaken:CorruptedWord"],"picked":"theForsaken:ScorchingSunlight","floor":4},{"not_picked":["theForsaken:FuryStrikes","theForsaken:StoreUp"],"picked":"theForsaken:QuickAttack","floor":5},{"not_picked":["theForsaken:BattleHymn","theForsaken:PanicDive"],"picked":"theForsaken:LightRoll","floor":11},{"not_picked":["theForsaken:HorrifyingStrike","theForsaken:Backlash"],"picked":"theForsaken:Retribution","floor":12},{"not_picked":["theForsaken:FuryStrikes","theForsaken:NobleSacrifice"],"picked":"theForsaken:WordsOfMight","floor":13},{"not_picked":["theForsaken:CorruptedForm","theForsaken:DivineGuidance"],"picked":"theForsaken:Retribution","floor":16},{"not_picked":["theForsaken:HymnOfPatience","theForsaken:PreciseStrike+1"],"picked":"theForsaken:BountifulSunlight","floor":18},{"not_picked":["theForsaken:Backlash","theForsaken:StoreUp"],"picked":"theForsaken:BindingThorns","floor":20}],"player_experience":331995,"relics_obtained":[{"floor":9,"key":"Shovel"},{"floor":10,"key":"Slimebound:StickyStick"},{"floor":15,"key":"Mango"}],"event_choices":[{"damage_healed":0,"gold_gain":0,"player_choice":"Box","damage_taken":0,"relics_obtained":["TungstenRod"],"max_hp_gain":0,"max_hp_loss":0,"event_name":"Big Fish","floor":2,"gold_loss":0,"cards_obtained":["Regret"]},{"damage_healed":0,"gold_gain":0,"player_choice":"Opened","damage_taken":0,"relics_obtained":["Torii"],"max_hp_gain":0,"max_hp_loss":0,"event_name":"The Mausoleum","floor":22,"gold_loss":0}],"is_beta":false,"boss_relics":[{"not_picked":["Busted Crown","Fusion Hammer"],"picked":"hubris:Backtick"}],"items_purged_floors":[],"is_endless":false,"potions_floor_spawned":[1,11,16],"killed_by":"Slavers","ascension_level":0}}