{"host":"och2iitg9ibgz06n","time":1611615702,"event":{"mods":["Abigail Mod","AchievementEnabler","Aspiration","BaseMod","Colored Powertips","Dio Mod","Hubris","Hyrulean Relics","Infinite Spire","Minty Spire (QoL Compilation)","Replay The Spire","Small Relic Pack","StSLib","The Animator","The Bug Knight","The Hierophant","The Jungle","The Saiyan","TheHero","Wandering Minibosses","everything is the same but u backflip on backflip","slay the spire mod where everything is the same but ironclad has a cowboy hat"],"gold_per_floor":[114,128,138,152,170,203,203,31,54,54,67,67,67,86,86,185,185,204,204,221,221,239,239,265,265,265,265,284,284,384,50,50,145,145,158,173,173,173,173,173],"floor_reached":39,"language":"ENG","playtime":1222,"items_purged":[],"score":581,"play_id":"4e9a7cc0-83ab-4063-9030-6e6cf070f0bb","local_time":"20210125170142","is_ascension_mode":true,"campfire_choices":[{"floor":7,"key":"REST"},{"floor":10,"key":"REST"},{"data":"Flex","floor":12,"key":"SMITH"},{"data":"Heavy Blade","floor":15,"key":"SMITH"},{"data":"Flex","floor":23,"key":"SMITH"},{"floor":25,"key":"REST"},{"data":"Armaments","floor":27,"key":"SMITH"},{"floor":29,"key":"REST"},{"data":"Double Tap","floor":32,"key":"SMITH"}],"circlet_count":0,"master_deck":["Strike_R","Strike_R","Strike_R","Strike_R","Strike_R","Defend_R","Defend_R","Defend_R","Defend_R","Bash","Heavy Blade+1","Wild Strike","Run Through","Immolate","Bloodletting","hubris:ReadiedAction","Disarm","Flex+1","Flex+1","Double Tap+1","Armaments+1","Dual Wield","Life Link","Clothesline+1","Impervious","Violence","Berserk","Flex","Massacre+1"],"relics":["Burning Blood","hubris:FunFungus","infinitespire:CheckeredPen","Philosopher\u0027s Stone","Omamori","Chameleon Ring","relicPack:WeightedSword","Black Star"],"acts_visited":["Exordium","TheCity","TheBeyond"],"potions_floor_usage":[6,6,16,39,39],"damage_taken":[{"damage":6,"enemies":"Cultist","floor":1,"turns":4},{"damage":2,"enemies":"Jaw Worm","floor":2,"turns":3},{"damage":4,"enemies":"Small Slimes","floor":3,"turns":4},{"damage":7,"enemies":"3 Louse","floor":4,"turns":4},{"damage":41,"enemies":"Exordium Thugs","floor":5,"turns":5},{"damage":38,"enemies":"Lagavulin","floor":6,"turns":4},{"damage":8,"enemies":"Blue Slaver","floor":11,"turns":2},{"damage":3,"enemies":"Red Slaver","floor":14,"turns":1},{"damage":63,"enemies":"Fading Forest","floor":16,"turns":11},{"damage":0,"enemies":"Chosen","floor":18,"turns":4},{"damage":21,"enemies":"2 Thieves","floor":20,"turns":4},{"damage":21,"enemies":"Snake Plant","floor":22,"turns":3},{"damage":52,"enemies":"Gremlin Leader","floor":24,"turns":7},{"damage":12,"enemies":"Sentry and Sphere","floor":28,"turns":3},{"damage":65,"enemies":"hubris:MusketHawk","floor":33,"turns":8},{"damage":38,"enemies":"Orb Walker","floor":35,"turns":4},{"damage":21,"enemies":"3 Darklings","floor":36,"turns":4},{"damage":35,"enemies":"Writhing Mass","floor":39,"turns":6}],"seed_played":"8890384394235129528","potions_obtained":[{"floor":2,"key":"PowerPotion"},{"floor":5,"key":"Elixir"},{"floor":6,"key":"Explosive Potion"},{"floor":14,"key":"SteroidPotion"},{"floor":20,"key":"Swift Potion"},{"floor":33,"key":"LiquidMemories"}],"is_trial":false,"path_per_floor":["M","M","M","M","M","E","R","$","T","R","M","R","?","M","R","B",null,"M","?","M","?","M","R","E","R","T","R","M","R","?","$","R","B",null,"M","M","$","?","M"],"character_chosen":"IRONCLAD","items_purchased":["Disarm","Flashbang","relicPack:WeightedSword","Violence"],"campfire_rested":4,"item_purchase_floors":[8,8,31,31],"current_hp_per_floor":[80,84,86,85,50,18,44,44,44,70,68,68,65,68,68,17,70,79,62,50,81,66,66,24,51,51,51,45,72,72,72,72,18,74,44,29,29,29,0,0],"gold":173,"neow_bonus":"TEN_PERCENT_HP_BONUS","is_daily":false,"chose_seed":false,"campfire_upgraded":5,"win_rate":0.0,"timestamp":1611615702,"path_taken":["M","M","M","M","M","E","R","?","T","R","M","R","?","M","R","BOSS","M","?","M","?","?","R","E","R","T","R","M","R","?","$","R","BOSS","M","M","$","?","M"],"items_purchased_type":["Card","Potion","Relic","Card"],"build_version":"2020-12-22","purchased_purges":0,"victory":false,"max_hp_per_floor":[88,88,88,88,88,88,88,88,88,88,88,88,88,88,88,88,88,88,93,93,93,93,93,93,93,93,93,93,93,93,93,93,93,93,93,93,93,93,93,93],"card_choices":[{"not_picked":["Replay:Undeath\u0027s Touch","Iron Wave"],"picked":"Heavy Blade","floor":1},{"not_picked":["Headbutt","Abandon"],"picked":"Wild Strike","floor":2},{"not_picked":["ReplayTheSpireMod:Strike From Hell","True Grit"],"picked":"Run Through","floor":3},{"not_picked":["Wild Strike","Sword Boomerang"],"picked":"Immolate","floor":4},{"not_picked":["Thunderclap","Sever Soul"],"picked":"Bloodletting","floor":5},{"not_picked":["Run Through","Pummel"],"picked":"hubris:ReadiedAction","floor":6},{"not_picked":["hubris:SharpeningStone","Ghostly Armor"],"picked":"Flex","floor":11},{"not_picked":["Thunderclap","ReplayTheSpireMod:Strike From Hell"],"picked":"Flex","floor":14},{"not_picked":["Immolate","Exhume"],"picked":"Double Tap","floor":16},{"not_picked":["Heavy Blade","Replay:Undeath\u0027s Touch"],"picked":"Armaments","floor":18},{"not_picked":["Armaments","Iron Wave"],"picked":"Dual Wield","floor":20},{"not_picked":["Pommel Strike","ReplayTheSpireMod:Stacked+1"],"picked":"Life Link","floor":22},{"not_picked":["Headbutt+1","hubris:ReadiedAction"],"picked":"Clothesline+1","floor":24},{"not_picked":["ReplayReversal","True Grit"],"picked":"Impervious","floor":28},{"not_picked":["Bludgeon","Immolate"],"picked":"Berserk","floor":33},{"not_picked":["Headbutt+1","Twin Strike"],"picked":"Flex","floor":35},{"not_picked":["Anger","Armaments+1"],"picked":"Massacre+1","floor":36}],"player_experience":486553,"relics_obtained":[{"floor":6,"key":"hubris:FunFungus"},{"floor":24,"key":"Omamori"},{"floor":26,"key":"Chameleon Ring"}],"event_choices":[{"damage_healed":0,"gold_gain":0,"player_choice":"Success","damage_taken":3,"relics_obtained":["infinitespire:CheckeredPen"],"max_hp_gain":0,"max_hp_loss":0,"event_name":"Scrap Ooze","floor":13,"gold_loss":0},{"damage_healed":0,"gold_gain":0,"player_choice":"Shed Blood","damage_taken":22,"max_hp_gain":5,"max_hp_loss":0,"event_name":"Forgotten Altar","floor":19,"gold_loss":0},{"damage_healed":31,"gold_gain":0,"player_choice":"Heal","damage_taken":0,"max_hp_gain":0,"max_hp_loss":0,"event_name":"The Library","floor":21,"gold_loss":0},{"damage_healed":0,"gold_gain":100,"player_choice":"Pray","damage_taken":0,"max_hp_gain":0,"max_hp_loss":0,"event_name":"Golden Shrine","floor":30,"gold_loss":0}],"is_beta":false,"boss_relics":[{"not_picked":["Replay:Grab Bag","ChewingGum"],"picked":"Philosopher\u0027s Stone"},{"not_picked":["hubris:VirtuousBlindfold","hubris:ScarierMask"],"picked":"Black Star"}],"items_purged_floors":[],"is_endless":false,"potions_floor_spawned":[2,5,6,14,20,22,33],"killed_by":"Writhing Mass","ascension_level":9}}