{"host":"8d3fefv2347kqkpz","time":1611593883,"event":{"mods":["AchievementEnabler","Act Like it!","Aspiration","BaseMod","Better Vampires","Colored Map","Colored Powertips","Conspire","GifTheSpireLib","Hermit","Highlight Path","Hubris","Marisa£®ÏF”Í°°ƒß¿Ì…≥£©","Mimic Mod","Minty Spire (QoL Compilation)","Quick Restart","Rare Cards Sparkle","Reimu£®≤©¿ˆ¡È√Œ£©","Relic Stats","Remilia£®¿Ÿ√◊¿Ú—«£©","Replay The Spire","Spicy Shops","StSLib","The Cursed","The Jungle","The Servant 0.9.4","Waifu the Spire","Youmu£®ªÍ∆«—˝√Œ£©"],"gold_per_floor":[367,384,384,401,411,411,411,411,437,437,448,74,92,105,105,105,105],"floor_reached":16,"language":"ZHS","playtime":472,"items_purged":[],"score":144,"play_id":"fd1468ad-c7e3-4d1b-a6b7-e30eaa2a534a","local_time":"20210126005803","is_ascension_mode":false,"campfire_choices":[{"data":"hermit:FinalCanter","floor":6,"key":"SMITH"},{"data":"hermit:Determination","floor":8,"key":"SMITH"},{"floor":15,"key":"REST"}],"circlet_count":0,"master_deck":["conspire:GhostlyStrike","conspire:GhostlyStrike","conspire:GhostlyStrike","conspire:GhostlyStrike+1","conspire:GhostlyDefend","conspire:GhostlyDefend","conspire:GhostlyDefend","conspire:GhostlyDefend","hermit:Snapshot","hermit:Covet","conspire:Blindness","hermit:Enervate","hermit:FinalCanter+1","hermit:Determination+1","ReplayTheSpireMod:Faulty Equipment","hermit:FinalCanter+1"],"relics":["hermit:Momento","Gremlin Food","Strange Spoon","DollysMirror"],"acts_visited":["Exordium"],"potions_floor_usage":[1],"damage_taken":[{"damage":1,"enemies":"Cultist","floor":1,"turns":4},{"damage":1,"enemies":"2 Louse","floor":2,"turns":2},{"damage":1,"enemies":"Jaw Worm","floor":4,"turns":3},{"damage":5,"enemies":"Looter","floor":5,"turns":2},{"damage":9,"enemies":"Blue Slaver","floor":11,"turns":3},{"damage":16,"enemies":"Red Slaver","floor":13,"turns":4},{"damage":13,"enemies":"Large Slime","floor":14,"turns":6},{"damage":65,"enemies":"Hexaghost","floor":16,"turns":9}],"seed_played":"6767954516437754940","potions_obtained":[{"floor":1,"key":"Fruit Juice"},{"floor":4,"key":"Adrenaline Potion"}],"is_trial":false,"path_per_floor":["M","M","?","M","M","R","?","R","T","?","M","$","M","M","R","B"],"character_chosen":"HERMIT","items_purchased":["Gremlin Food","Strange Spoon","DollysMirror"],"campfire_rested":1,"item_purchase_floors":[12,12,12],"current_hp_per_floor":[79,78,83,82,77,77,77,77,77,77,68,68,52,39,64,0,0],"gold":105,"neow_bonus":"TWO_FIFTY_GOLD","is_daily":false,"chose_seed":false,"campfire_upgraded":2,"win_rate":0.0,"timestamp":1611593883,"path_taken":["M","?","?","M","M","R","?","R","T","?","M","?","M","M","R","BOSS"],"items_purchased_type":["Relic","Relic","Relic"],"build_version":"2020-12-22","purchased_purges":0,"victory":false,"max_hp_per_floor":[80,80,85,85,85,85,85,85,85,85,85,85,85,85,85,85,85],"relic_stats":{"Strange Spoon":[4],"counters":[8,33],"obtain_stats":[{"Gremlin Food":12,"Strange Spoon":12,"DollysMirror":12,"hermit:Momento":0},{"Gremlin Food":5,"Strange Spoon":5,"DollysMirror":5,"hermit:Momento":0},{"Gremlin Food":14,"Strange Spoon":14,"DollysMirror":14,"hermit:Momento":0}]},"card_choices":[{"not_picked":["hermit:Dive","hermit:ItchyTrigger"],"picked":"hermit:Enervate","floor":1},{"not_picked":["hermit:Showdown","hermit:Headshot","hermit:Snipe"],"picked":"SKIP","floor":2},{"not_picked":["hermit:Manifest","hermit:Coalescence"],"picked":"hermit:FinalCanter","floor":4},{"not_picked":["hermit:Midnight","hermit:BigShot"],"picked":"hermit:Determination","floor":5},{"not_picked":["hermit:BodyArmor","hermit:CalledShot","hermit:Dive"],"picked":"SKIP","floor":11},{"not_picked":["hermit:HoleUp","hermit:Quickdraw","hermit:Dive"],"picked":"SKIP","floor":13},{"not_picked":["hermit:HoleUp","hermit:Quickdraw","hermit:Dive"],"picked":"SKIP","floor":13},{"not_picked":["hermit:TrackingShot","hermit:Headshot","hermit:TakeCover"],"picked":"SKIP","floor":14}],"player_experience":186875,"relics_obtained":[],"event_choices":[{"damage_healed":0,"gold_gain":0,"player_choice":"Donut","damage_taken":0,"max_hp_gain":5,"max_hp_loss":0,"event_name":"Big Fish","floor":3,"gold_loss":0},{"damage_healed":0,"gold_gain":0,"player_choice":"Agree","damage_taken":0,"max_hp_gain":0,"max_hp_loss":0,"event_name":"conspire:LoneGhost","floor":10,"gold_loss":0}],"is_beta":false,"boss_relics":[],"items_purged_floors":[],"is_endless":false,"potions_floor_spawned":[1,4],"killed_by":"Hexaghost","ascension_level":0}}