{"host":"sc0o2qwpf9j16a4i","time":1611565571,"event":{"mods":["AchievementEnabler","BaseMod","BetterRewards","Block Reminder","Colored Map","Colored Powertips","Custom Start","Highlight Path","Minty Spire (QoL Compilation)","Relic Stats"],"gold_per_floor":[116,116,136,152,169,169,169],"floor_reached":6,"language":"ENG","playtime":230,"items_purged":[],"score":38,"play_id":"9d264d1b-c5c7-4c13-a740-a7ccc3f29b7a","local_time":"20210125110611","daily_mods":["Heirloom","Diverse","Elite Swarm"],"is_ascension_mode":false,"campfire_choices":[],"circlet_count":0,"master_deck":["Strike_P","Strike_P","Strike_P","Strike_P","Defend_P","Defend_P","Defend_P","Defend_P","Eruption","Vigilance","FollowUp","Auto Shields","Conserve Battery","Quick Slash"],"relics":["PureWater","CloakClasp"],"acts_visited":["Exordium"],"potions_floor_usage":[2,6],"damage_taken":[{"damage":0,"enemies":"Small Slimes","floor":1,"turns":3},{"damage":0,"enemies":"Cultist","floor":3,"turns":6},{"damage":0,"enemies":"Jaw Worm","floor":4,"turns":3},{"damage":2,"enemies":"2 Fungi Beasts","floor":5,"turns":3},{"damage":5,"enemies":"Lagavulin","floor":6,"turns":9}],"seed_played":"-5401074853053454876","potions_obtained":[{"floor":2,"key":"Fruit Juice"},{"floor":2,"key":"LiquidBronze"},{"floor":2,"key":"BlessingOfTheForge"},{"floor":3,"key":"SkillPotion"}],"is_trial":true,"path_per_floor":["M","?","M","M","M","E"],"character_chosen":"WATCHER","items_purchased":[],"campfire_rested":0,"item_purchase_floors":[],"current_hp_per_floor":[72,77,77,77,75,70,70],"gold":169,"neow_bonus":"","is_daily":false,"chose_seed":false,"campfire_upgraded":0,"win_rate":0.0,"timestamp":1611565571,"path_taken":["M","?","M","?","M","E"],"items_purchased_type":[],"build_version":"2020-12-22","purchased_purges":0,"victory":false,"max_hp_per_floor":[72,77,77,77,77,77,77],"relic_stats":{"counters":[5,24],"CloakClasp":[58],"obtain_stats":[{"CloakClasp":0,"PureWater":0},{"CloakClasp":0,"PureWater":0},{"CloakClasp":0,"PureWater":0}]},"card_choices":[{"not_picked":["Go for the Eyes","Cleave"],"picked":"FollowUp","floor":1},{"not_picked":["Outmaneuver","Barrage"],"picked":"Auto Shields","floor":3},{"not_picked":["Well Laid Plans","Seeing Red"],"picked":"Conserve Battery","floor":4},{"not_picked":["Ghostly Armor","Recycle"],"picked":"Quick Slash","floor":5}],"player_experience":929682,"relics_obtained":[],"event_choices":[{"damage_healed":0,"gold_gain":0,"player_choice":"Got Potions","damage_taken":0,"max_hp_gain":0,"max_hp_loss":0,"event_name":"Lab","floor":2,"gold_loss":0}],"is_beta":false,"boss_relics":[],"items_purged_floors":[],"is_endless":false,"potions_floor_spawned":[3,5],"killed_by":"Lagavulin","ascension_level":0}}