{"host":"x205naxbihvu3p76","time":1611586875,"event":{"mods":["AchievementEnabler","BaseMod","Minty Spire (QoL Compilation)","StSLib","SuperFastMode"],"gold_per_floor":[110,110,55,65,65,65,90,109,159,193,206,218,218,237,237,315,315,343,368,430,392,404,416,428,440,452,482,494,494],"floor_reached":28,"language":"KOR","playtime":461,"items_purged":[],"score":506,"play_id":"9c7b339d-9cb2-42c2-9b5f-7cf7b8404eac","local_time":"20210126000115","is_ascension_mode":true,"campfire_choices":[{"data":"Zap","floor":6,"key":"SMITH"},{"floor":13,"key":"REST"},{"data":"Dualcast","floor":15,"key":"SMITH"},{"floor":24,"key":"REST"}],"circlet_count":0,"master_deck":["AscendersBane","Defend_B","Defend_B","Defend_B","Defend_B","Zap+1","Dualcast+1","Cold Snap","Ball Lightning","Stack","Sweeping Beam","Leap","Core Surge","CurseOfTheBell","Chill","Writhe","Darkness","Amplify","Beam Cell+1"],"relics":["Cracked Core","NeowsBlessing","Orichalcum","Vajra","Juzu Bracelet","Calling Bell","MawBank","The Courier","Incense Burner","Blood Vial"],"acts_visited":["Exordium","TheCity"],"potions_floor_usage":[12,16,16,28],"damage_taken":[{"damage":0,"enemies":"2 Louse","floor":1,"turns":1},{"damage":0,"enemies":"Jaw Worm","floor":4,"turns":1},{"damage":0,"enemies":"3 Sentries","floor":7,"turns":1},{"damage":0,"enemies":"Cultist","floor":8,"turns":3},{"damage":23,"enemies":"Lagavulin","floor":10,"turns":5},{"damage":9,"enemies":"Blue Slaver","floor":11,"turns":3},{"damage":28,"enemies":"Gremlin Gang","floor":12,"turns":4},{"damage":9,"enemies":"Exordium Wildlife","floor":14,"turns":4},{"damage":20,"enemies":"The Guardian","floor":16,"turns":11},{"damage":25,"enemies":"3 Byrds","floor":18,"turns":5},{"damage":17,"enemies":"Shell Parasite","floor":19,"turns":7},{"damage":6,"enemies":"Snecko","floor":27,"turns":6},{"damage":36,"enemies":"Book of Stabbing","floor":28,"turns":4}],"seed_played":"2441763667750046676","potions_obtained":[{"floor":1,"key":"FocusPotion"},{"floor":11,"key":"BlessingOfTheForge"},{"floor":12,"key":"DistilledChaos"},{"floor":27,"key":"DistilledChaos"}],"is_trial":false,"path_per_floor":["M","?","$","M","?","R","E","M","T","E","M","M","R","M","R","B",null,"M","M","?","?","?","?","R","?","T","M","E"],"character_chosen":"DEFECT","items_purchased":["Cold Snap"],"campfire_rested":2,"item_purchase_floors":[3],"current_hp_per_floor":[64,69,69,69,69,69,69,69,69,46,37,9,31,22,22,2,58,33,16,16,16,16,16,38,38,38,34,0,0],"gold":494,"neow_bonus":"THREE_ENEMY_KILL","is_daily":false,"chose_seed":false,"campfire_upgraded":2,"win_rate":0.0,"timestamp":1611586875,"path_taken":["M","?","?","M","?","R","E","M","T","E","M","M","R","M","R","BOSS","M","M","?","?","?","?","R","?","T","M","E"],"items_purchased_type":["Card"],"build_version":"2020-12-22","purchased_purges":0,"victory":false,"max_hp_per_floor":[71,76,76,76,76,76,76,76,76,76,76,76,76,76,76,76,76,76,76,76,76,76,76,76,76,76,76,76,76],"card_choices":[{"not_picked":["Auto Shields","Darkness","Streamline"],"picked":"SKIP","floor":1},{"not_picked":["Gash","Coolheaded"],"picked":"Ball Lightning","floor":4},{"not_picked":["Rebound","Multi-Cast"],"picked":"Sweeping Beam","floor":7},{"not_picked":["Steam","Gash","Turbo"],"picked":"SKIP","floor":8},{"not_picked":["Darkness","Static Discharge","Cold Snap"],"picked":"SKIP","floor":10},{"not_picked":["Darkness","Sweeping Beam"],"picked":"Leap","floor":11},{"not_picked":["Coolheaded","Gash","Go for the Eyes"],"picked":"SKIP","floor":12},{"not_picked":["Static Discharge","Force Field","Doom and Gloom"],"picked":"SKIP","floor":14},{"not_picked":["Thunder Strike","Rainbow"],"picked":"Core Surge","floor":16},{"not_picked":["Cold Snap","Coolheaded+1"],"picked":"Chill","floor":18},{"not_picked":["Hologram","Coolheaded+1","Conserve Battery"],"picked":"SKIP","floor":19},{"not_picked":["Consume","Compile Driver"],"picked":"Beam Cell+1","floor":27}],"player_experience":996894,"relics_obtained":[{"floor":7,"key":"Orichalcum"},{"floor":9,"key":"Vajra"},{"floor":10,"key":"Juzu Bracelet"},{"floor":17,"key":"MawBank"},{"floor":17,"key":"The Courier"},{"floor":17,"key":"Incense Burner"}],"event_choices":[{"damage_healed":0,"gold_gain":0,"player_choice":"Donut","damage_taken":0,"max_hp_gain":5,"max_hp_loss":0,"event_name":"Big Fish","floor":2,"gold_loss":0},{"damage_healed":0,"gold_gain":0,"cards_transformed":["Strike_B"],"player_choice":"Change","damage_taken":0,"max_hp_gain":0,"max_hp_loss":0,"event_name":"Living Wall","floor":5,"gold_loss":0,"cards_obtained":["Stack"]},{"damage_healed":0,"gold_gain":50,"player_choice":"Stole From Cult","damage_taken":0,"max_hp_gain":0,"max_hp_loss":0,"event_name":"Nest","floor":20,"gold_loss":0},{"damage_healed":0,"gold_gain":0,"player_choice":"Bet on Murderer","damage_taken":0,"max_hp_gain":0,"max_hp_loss":0,"event_name":"The Joust","floor":21,"gold_loss":50},{"damage_healed":0,"gold_gain":0,"player_choice":"Opened","damage_taken":0,"relics_obtained":["Blood Vial"],"max_hp_gain":0,"max_hp_loss":0,"event_name":"The Mausoleum","floor":22,"gold_loss":0,"cards_obtained":["Writhe"]},{"cards_removed":["Strike_B"],"damage_healed":0,"gold_gain":0,"player_choice":"Offered Basic","damage_taken":0,"max_hp_gain":0,"max_hp_loss":0,"event_name":"Bonfire Elementals","floor":23,"gold_loss":0},{"damage_healed":0,"gold_gain":0,"cards_transformed":["Strike_B","Strike_B"],"player_choice":"Became Test Subject","damage_taken":0,"max_hp_gain":0,"max_hp_loss":0,"event_name":"Drug Dealer","floor":25,"gold_loss":0,"cards_obtained":["Darkness","Amplify"]}],"is_beta":false,"boss_relics":[{"not_picked":["Coffee Dripper","Cursed Key"],"picked":"Calling Bell"}],"items_purged_floors":[],"is_endless":false,"potions_floor_spawned":[1,11,12,14,27],"killed_by":"Book of Stabbing","ascension_level":20}}