{"host":"rpu0b34yn88n8zeb","time":1611533579,"event":{"mods":["Act Like it!","BaseMod","CapriCore","Colored Powertips","Defuse TimeMaze Blight","Gensokyo","Marisa£®ÏF”Í°°ƒß¿Ì…≥£©","Minty Spire (QoL Compilation)","Quick Restart","Reimu£®≤©¿ˆ¡È√Œ£©","Shop Mod","Spicy Shops","StSLib","The Immortal","The Servant 0.9.4","Yakumo Yukari mod","Youmu£®ªÍ∆«—˝√Œ£©"],"gold_per_floor":[113,188,188,206,216,251,251,276,276,51,61,61,61,72,72,170,170,185,185,201,221,235,235,235,235],"floor_reached":23,"language":"ZHS","playtime":976,"items_purged":[],"score":213,"play_id":"84325484-99cb-46dc-a585-7e0bb1ebf0b8","local_time":"20210124171259","is_ascension_mode":true,"campfire_choices":[{"data":"MokouMod:Sear","floor":7.0,"key":"SMITH"},{"data":"MokouMod:HeartofFire","floor":12.0,"key":"SMITH"},{"data":"MokouMod:PhoenixForm","floor":15,"key":"SMITH"}],"circlet_count":0,"master_deck":["MokouMod:Strike","MokouMod:Strike","MokouMod:Strike","MokouMod:Strike","MokouMod:Strike","MokouMod:Defend","MokouMod:Defend","MokouMod:Defend","MokouMod:Defend","MokouMod:HeatSpark+1","MokouMod:FlareStarter","MokouMod:Sear+1","MokouMod:GuidingSmoke","MokouMod:HouraiForge","MokouMod:PhoenixForm+1","MokouMod:HeartofFire+1","MokouMod:Wildfire","MokouMod:Geothermal","MokouMod:ResoluteFlare","MokouMod:HeatSpark","MokouMod:SacredFire","MokouMod:AdaptivePyromancy+1","MokouMod:ResoluteFlare+1","MokouMod:InfernalWave"],"relics":["MokouMod:PhoenixFeather","Bottled Lightning","Gambling Chip","StoneCalendar","Lee\u0027s Waffle","SlaversCollar"],"acts_visited":["Exordium","TheCity"],"potions_floor_usage":[22],"damage_taken":[{"damage":11.0,"enemies":"Jaw Worm","floor":1.0,"turns":3.0},{"damage":1.0,"enemies":"2 Louse","floor":4.0,"turns":3.0},{"damage":0.0,"enemies":"Cultist","floor":5.0,"turns":3.0},{"damage":48.0,"enemies":"Lagavulin","floor":6.0,"turns":7.0},{"damage":19.0,"enemies":"3 Sentries","floor":8.0,"turns":7.0},{"damage":9.0,"enemies":"3 Louse","floor":11.0,"turns":4.0},{"damage":10.0,"enemies":"Lots of Slimes","floor":14.0,"turns":4.0},{"damage":25,"enemies":"Slime Boss","floor":16,"turns":6},{"damage":24,"enemies":"Shell Parasite","floor":18,"turns":4},{"damage":28,"enemies":"Spheric Guardian","floor":20,"turns":5},{"damage":16,"enemies":"3 Cultists","floor":21,"turns":4},{"damage":12,"enemies":"Chosen and Byrds","floor":22,"turns":4},{"damage":0,"enemies":"Book of Stabbing","floor":23,"turns":1}],"seed_played":"9163028136816767339","potions_obtained":[{"floor":1.0,"key":"PowerPotion"},{"floor":5.0,"key":"Regen Potion"},{"floor":6.0,"key":"Swift Potion"},{"floor":16,"key":"Explosive Potion"},{"floor":20,"key":"AttackPotion"}],"is_trial":false,"path_per_floor":["M","?","?","M","M","E","R","E","T","$","M","R","$","M","R","B",null,"M","?","M","M","M","E"],"character_chosen":"MKU","items_purchased":["Lee\u0027s Waffle","MokouMod:HeartofFire"],"campfire_rested":0,"item_purchase_floors":[10,10],"current_hp_per_floor":[64,53,53,52,52,4,4,18,18,82,73,73,73,63,63,38,82,58,58,30,14,2,2,2,2],"gold":235,"neow_bonus":"UPGRADE_CARD","is_daily":false,"chose_seed":false,"campfire_upgraded":3,"win_rate":0.0,"timestamp":1611533579,"path_taken":["M","?","?","M","M","E","R","E","T","$","M","R","$","?","R","BOSS","M","?","?","M","M","E"],"items_purchased_type":["Relic","Card"],"build_version":"2020-12-22","purchased_purges":0,"victory":false,"max_hp_per_floor":[75,75,75,75,75,75,75,75,75,82,82,82,82,82,82,82,82,82,82,82,82,82,82,82,82],"card_choices":[{"not_picked":["MokouMod:HeatTransfer","MokouMod:PhoenixFeathers"],"picked":"MokouMod:FlareStarter","floor":1.0},{"not_picked":["MokouMod:InfernalWave","MokouMod:TemporalFireSeal"],"picked":"MokouMod:Sear","floor":4.0},{"not_picked":["MokouMod:TemporalFireSeal","MokouMod:HeatTransfer"],"picked":"MokouMod:GuidingSmoke","floor":5.0},{"not_picked":["MokouMod:ResoluteFlare","MokouMod:SearingShot"],"picked":"MokouMod:HouraiForge","floor":6.0},{"not_picked":["MokouMod:FujiyamaVolcano","MokouMod:CrimsonFlare"],"picked":"MokouMod:PhoenixForm","floor":8.0},{"not_picked":["MokouMod:IgneousBlow","MokouMod:ScorchingColumn"],"picked":"MokouMod:Wildfire","floor":11.0},{"not_picked":["MokouMod:Meltdown","MokouMod:WarmUp","MokouMod:Sear"],"picked":"SKIP","floor":14.0},{"not_picked":["MokouMod:ProfanedFlare","MokouMod:RadiantBlade"],"picked":"MokouMod:Geothermal","floor":16},{"not_picked":["MokouMod:EternalBurstReactor","MokouMod:BlazingComet"],"picked":"MokouMod:ResoluteFlare","floor":18},{"not_picked":["MokouMod:ThermalPressure","MokouMod:Singe"],"picked":"MokouMod:AdaptivePyromancy+1","floor":20},{"not_picked":["MokouMod:IgnitionBarrier+1","MokouMod:FlamingFireTalons+1"],"picked":"MokouMod:ResoluteFlare+1","floor":21},{"not_picked":["MokouMod:PhoenixFeathers+1","MokouMod:HeartofFire"],"picked":"MokouMod:InfernalWave","floor":22}],"player_experience":545095,"relics_obtained":[{"floor":6.0,"key":"Bottled Lightning"},{"floor":8.0,"key":"Gambling Chip"},{"floor":9.0,"key":"StoneCalendar"}],"event_choices":[{"damage_healed":0.0,"max_hp_gain":0.0,"max_hp_loss":0.0,"gold_gain":75.0,"event_name":"World of Goop","player_choice":"Gather Gold","floor":2.0,"gold_loss":0.0,"damage_taken":11.0},{"damage_healed":0.0,"max_hp_gain":0.0,"max_hp_loss":0.0,"gold_gain":0.0,"event_name":"NoteForYourself","player_choice":"Ignored","floor":3.0,"gold_loss":0.0,"damage_taken":0.0},{"damage_healed":0,"gold_gain":0,"player_choice":"2 cards matched","damage_taken":0,"max_hp_gain":0,"max_hp_loss":0,"event_name":"Match and Keep!","floor":19,"gold_loss":0,"cards_obtained":["MokouMod:HeatSpark","MokouMod:SacredFire"]}],"is_beta":false,"boss_relics":[{"not_picked":["Pandora\u0027s Box","Tiny House"],"picked":"SlaversCollar"}],"items_purged_floors":[],"is_endless":false,"potions_floor_spawned":[1,5,6,16,20],"killed_by":"Book of Stabbing","ascension_level":1}}