{"host":"09xy7x44mql7nhdq","time":1611595699,"event":{"mods":["AchievementEnabler","BaseMod","Colored Map","Colored Powertips","Filter the Spire","Minty Spire (QoL Compilation)","Quick Restart","Relic Stats","Slay the Relics Exporter","everything is the same but u backflip on backflip","ojb\u0027s Better Paths Mod","ojb\u0027s Info Mod","slay the spire mod where everything is the same but ironclad has a cowboy hat"],"gold_per_floor":[119,139,149,167,185,185,210,225,251,284,304,304,331,381,381,453,453,465,515,515,515,534,534,534],"floor_reached":23,"language":"ENG","playtime":2026,"items_purged":[],"score":526,"play_id":"78531747-3eb8-43a3-88f6-ab2cf85d8c69","local_time":"20210125122819","is_ascension_mode":true,"campfire_choices":[{"floor":6.0,"key":"REST"},{"floor":12,"key":"REST"},{"floor":15,"key":"RECALL"}],"circlet_count":0,"master_deck":["AscendersBane","Strike_R","Strike_R","Strike_R","Strike_R","Strike_R","Defend_R","Defend_R","Defend_R","Defend_R","Bash","Fire Breathing","Clothesline","Shrug It Off","Whirlwind","Uppercut","Shrug It Off","Barricade","Metallicize","Feed","Limit Break","CurseOfTheBell","Entrench"],"relics":["Fusion Hammer","Mercury Hourglass","Du-Vu Doll","Anchor","Calling Bell","Dream Catcher","Darkstone Periapt","Magic Flower","Blue Candle"],"acts_visited":["Exordium","TheCity"],"potions_floor_usage":[7,16,18,22,23],"damage_taken":[{"damage":0.0,"enemies":"Small Slimes","floor":1.0,"turns":3.0},{"damage":1.0,"enemies":"Cultist","floor":2.0,"turns":4.0},{"damage":6.0,"enemies":"2 Louse","floor":3.0,"turns":3.0},{"damage":1.0,"enemies":"Blue Slaver","floor":4.0,"turns":5.0},{"damage":8.0,"enemies":"Large Slime","floor":5.0,"turns":5.0},{"damage":24,"enemies":"Gremlin Nob","floor":7,"turns":4},{"damage":0,"enemies":"2 Fungi Beasts","floor":8,"turns":2},{"damage":7,"enemies":"3 Sentries","floor":10,"turns":5},{"damage":4,"enemies":"Blue Slaver","floor":11,"turns":3},{"damage":14,"enemies":"Gremlin Nob","floor":13,"turns":4},{"damage":0,"enemies":"Hexaghost","floor":16,"turns":10},{"damage":8,"enemies":"2 Thieves","floor":18,"turns":3},{"damage":6,"enemies":"3 Byrds","floor":22,"turns":3},{"damage":65,"enemies":"Gremlin Leader","floor":23,"turns":7}],"seed_played":"-2049399919543546720","potions_obtained":[{"floor":1.0,"key":"GamblersBrew"},{"floor":3.0,"key":"LiquidMemories"},{"floor":8,"key":"ElixirPotion"},{"floor":11,"key":"BlessingOfTheForge"},{"floor":13,"key":"AttackPotion"},{"floor":16,"key":"Block Potion"},{"floor":18,"key":"SpeedPotion"}],"is_trial":false,"path_per_floor":["M","M","M","M","M","R","E","M","T","E","M","R","E","?","R","B",null,"M","?","?","T","M","E"],"character_chosen":"IRONCLAD","items_purchased":[],"campfire_rested":2,"item_purchase_floors":[],"current_hp_per_floor":[68,67,61,60,52,74,50,50,50,43,39,61,47,47,47,47,68,60,60,60,60,54,0,0],"gold":534,"neow_bonus":"BOSS_RELIC","is_daily":false,"chose_seed":false,"campfire_upgraded":0,"win_rate":0.0,"timestamp":1611595699,"path_taken":["M","M","M","M","M","R","E","M","T","E","M","R","E","?","R","BOSS","M","?","?","?","M","E"],"items_purchased_type":[],"build_version":"2020-12-22","purchased_purges":0,"victory":false,"max_hp_per_floor":[75,75,75,75,75,75,75,75,75,75,75,75,75,75,75,75,75,75,75,75,75,75,75,75],"relic_stats":{"Darkstone Periapt":0,"Dream Catcher":0,"counters":[14,60],"Blue Candle":[0],"Magic Flower":[0],"obtain_stats":[{"Du-Vu Doll":10,"Calling Bell":17,"Darkstone Periapt":17,"Anchor":13,"Dream Catcher":17,"Blue Candle":21,"Magic Flower":17,"Fusion Hammer":0,"Burning Blood":0,"Mercury Hourglass":7},{"Du-Vu Doll":8,"Calling Bell":11,"Darkstone Periapt":11,"Anchor":10,"Dream Catcher":11,"Blue Candle":12,"Magic Flower":11,"Fusion Hammer":0,"Burning Blood":0,"Mercury Hourglass":6},{"Du-Vu Doll":31,"Calling Bell":48,"Darkstone Periapt":48,"Anchor":38,"Dream Catcher":48,"Blue Candle":50,"Magic Flower":48,"Fusion Hammer":0,"Burning Blood":0,"Mercury Hourglass":24}],"Mercury Hourglass":[174]},"card_choices":[{"not_picked":["Evolve","Intimidate"],"picked":"Fire Breathing","floor":1.0},{"not_picked":["True Grit","Sever Soul"],"picked":"Clothesline","floor":2.0},{"not_picked":["Sentinel","Flex"],"picked":"Shrug It Off","floor":3.0},{"not_picked":["Dark Embrace","Disarm"],"picked":"Whirlwind","floor":4.0},{"not_picked":["Heavy Blade","Perfected Strike"],"picked":"Uppercut","floor":5.0},{"not_picked":["Whirlwind","Havoc"],"picked":"Shrug It Off","floor":7},{"not_picked":["True Grit","Hemokinesis"],"picked":"Barricade","floor":8},{"not_picked":["Ghostly Armor","Heavy Blade","Twin Strike"],"picked":"SKIP","floor":10},{"not_picked":["Rupture","Flex"],"picked":"Metallicize","floor":11},{"not_picked":["Flex","Cleave"],"picked":"Feed","floor":13},{"not_picked":["Corruption","Brutality"],"picked":"Limit Break","floor":16},{"not_picked":["Flex","Blood for Blood","Anger"],"picked":"SKIP","floor":18},{"not_picked":["Perfected Strike","Clothesline","Armaments"],"picked":"SKIP","floor":22}],"player_experience":1094076,"relics_obtained":[{"floor":7,"key":"Mercury Hourglass"},{"floor":10,"key":"Du-Vu Doll"},{"floor":13,"key":"Anchor"},{"floor":17,"key":"Dream Catcher"},{"floor":17,"key":"Darkstone Periapt"},{"floor":17,"key":"Magic Flower"},{"floor":21,"key":"Blue Candle"}],"event_choices":[{"damage_healed":0,"gold_gain":50,"player_choice":"Pray","damage_taken":0,"max_hp_gain":0,"max_hp_loss":0,"event_name":"Golden Shrine","floor":14,"gold_loss":0},{"damage_healed":0,"gold_gain":50,"player_choice":"Stole From Cult","damage_taken":0,"max_hp_gain":0,"max_hp_loss":0,"event_name":"Nest","floor":19,"gold_loss":0},{"damage_healed":0,"gold_gain":0,"player_choice":"Read","damage_taken":0,"max_hp_gain":0,"max_hp_loss":0,"event_name":"The Library","floor":20,"gold_loss":0,"cards_obtained":["Entrench"]}],"is_beta":false,"boss_relics":[{"not_picked":["Coffee Dripper","Ectoplasm"],"picked":"Calling Bell"}],"items_purged_floors":[],"is_endless":false,"potions_floor_spawned":[1,3,8,11,13,16,18],"killed_by":"Gremlin Leader","ascension_level":20}}