{"host":"j2hc7f20mihqnih6","time":1611591309,"event":{"mods":["AchievementEnabler","BaseMod","Downfall","Lobotomy","LobotomyExtend","Marisa£®ÏF”Í°°ƒß¿Ì…≥£©","Minty Spire (QoL Compilation)","Quick Restart","READ ME - Guardian Mod","Replay The Spire","Shop Mod","StSLib","The Jungle","The Servant 0.9.4","°æ“≈ŒÔø®≈∆°øREMEMod"],"gold_per_floor":[99,110,128,128,141,176,230,250,250,269,12,12,32,46,62,161,161,61,91,114,136,148,15,95,95,95,115,115,127,127,144,157,254,254,254,292,292,292,124,160,187,40,40,40,63,63,83,83,114,189,189,189],"floor_reached":50,"language":"ZHS","playtime":3420,"items_purged":["downfall:Malfunctioning"],"score":500,"play_id":"8a05a4ae-ae5b-4f28-a4a2-a1f73678373e","local_time":"20210126001509","is_ascension_mode":false,"campfire_choices":[{"floor":1.0,"key":"RECALL"},{"data":"expansioncontent:QuickStudy","floor":12.0,"key":"SMITH"},{"floor":18.0,"key":"DIG"},{"data":"Guardian:TimeSifter","floor":26.0,"key":"SMITH"},{"floor":28,"key":"DIG"},{"data":"REME_EyeOfCthun","floor":30,"key":"SMITH"},{"floor":35,"key":"DIG"},{"data":"Guardian:StasisStrike","floor":43,"key":"SMITH"},{"floor":46,"key":"DIG"}],"circlet_count":0,"master_deck":["Guardian:Strike_Guardian","Guardian:Strike_Guardian","Guardian:Strike_Guardian","Guardian:Strike_Guardian","Guardian:Defend_Guardian","Guardian:Defend_Guardian","Guardian:Defend_Guardian","Guardian:Defend_Guardian","Guardian:CurlUp+1","Guardian:TwinSlam","Guardian:Recover+1","Guardian:PolyBeam","Guardian:BodySlam","expansioncontent:QuickStudy+1","Guardian:TimeBomb","Guardian:SentryBeam","Guardian:PrimingBeam","Guardian:StasisStrike+1","Guardian:BronzeOrb","Guardian:Harden+1","Guardian:TimeSifter+1","REME_EyeOfCthun+1","Finesse","REME_MawOfCthun","Guardian:Incinerate","Guardian:DonusPower","Guardian:ChargeCore","Guardian:RevengeProtocol","Guardian:Reroute+1","Guardian:AncientConstruct","Guardian:ExploitGems+1","expansioncontent:StudyTheSpire","Guardian:Gem_White","expansioncontent:Chronoboost","Replay:SS_fish_1","Replay:SS_forest_2","Guardian:ConstructionForm"],"relics":["Guardian:ModeShifter","REME_ComplimentaryCards","LetterFromLob","Bag of Marbles","Simple Rune","Honey Jar","downfall:HeartBlessingRed","MawBank","ReplayTheSpireMod:ShopPack","Sundial","Shovel","Pantograph","Coffee Dripper","REME_ArchaeologicalTools","Replay:Bottled Eggs","Replay:Rubber Ducky","Guardian:BottledStasis","Pet Ghost"],"acts_visited":["Exordium","Exordium","TheBeyond"],"potions_floor_usage":[33,33,33,50,50],"damage_taken":[{"damage":10.0,"enemies":"Jaw Worm","floor":2.0,"turns":5.0},{"damage":7.0,"enemies":"Small Slimes","floor":3.0,"turns":5.0},{"damage":1.0,"enemies":"Cultist","floor":5.0,"turns":4.0},{"damage":50.0,"enemies":"Gremlin Nob","floor":6.0,"turns":7.0},{"damage":0.0,"enemies":"2 Fungi Beasts","floor":8.0,"turns":4.0},{"damage":12.0,"enemies":"Exordium Wildlife","floor":10.0,"turns":4.0},{"damage":0.0,"enemies":"downfall:FleeingMerchant","floor":11.0,"turns":4.0},{"damage":0.0,"enemies":"3 Louse","floor":13.0,"turns":2.0},{"damage":10.0,"enemies":"Blue Slaver","floor":14.0,"turns":3.0},{"damage":20.0,"enemies":"Exordium Wildlife","floor":15.0,"turns":8.0},{"damage":21.0,"enemies":"WA_ARCHETYPE_RETAIN","floor":16.0,"turns":11.0},{"damage":14.0,"enemies":"theJungle:Flameango_and_Byrd","floor":19.0,"turns":4.0},{"damage":0.0,"enemies":"theJungle:MUSHROOMGANG","floor":20.0,"turns":1.0},{"damage":0.0,"enemies":"theJungle:Lyon","floor":21.0,"turns":3.0},{"damage":0.0,"enemies":"downfall:FleeingMerchant","floor":23.0,"turns":4.0},{"damage":13,"enemies":"theJungle:Snecko_Cultist_And_Trap","floor":27,"turns":5},{"damage":11,"enemies":"Snake Plant","floor":29,"turns":3},{"damage":0,"enemies":"theJungle:Lyon","floor":31,"turns":2},{"damage":12,"enemies":"theJungle:2_Snecko_Cultists","floor":32,"turns":3},{"damage":8,"enemies":"IC_MUSHROOM_ARCHETYPE","floor":33,"turns":8},{"damage":0,"enemies":"Orb Walker","floor":36,"turns":1},{"damage":0,"enemies":"downfall:FleeingMerchant","floor":39,"turns":3},{"damage":3,"enemies":"3 Shapes","floor":40,"turns":4},{"damage":0,"enemies":"Sphere and 2 Shapes","floor":45,"turns":1},{"damage":5,"enemies":"Spire Growth","floor":47,"turns":3},{"damage":9,"enemies":"Writhing Mass","floor":49,"turns":6},{"damage":131,"enemies":"SI_POISON_ARCHETYPE","floor":50,"turns":7}],"seed_played":"5162964431205534923","potions_obtained":[{"floor":3.0,"key":"PowerPotion"},{"floor":8.0,"key":"Fire Potion"},{"floor":14.0,"key":"Milkshake"},{"floor":16.0,"key":"SpeedPotion"},{"floor":21.0,"key":"BlessingOfTheForge"},{"floor":27,"key":"Fire Potion"},{"floor":29,"key":"LifebloodPotion"},{"floor":31,"key":"Fire Potion"},{"floor":32,"key":"Fire Potion"},{"floor":36,"key":"Fire Potion"},{"floor":45,"key":"Reflective Coating"},{"floor":49,"key":"SpeedPotion"}],"is_trial":false,"path_per_floor":["R","M","M","?","M","E","T","M","?","M","$","R","M","M","M","B",null,"R","M","M","M","?","$","T","?","R","M","R","M","R","M","M","B",null,"R","M","?","?","$","M","T","$","R","?","M","R","M","?","M","B"],"character_chosen":"GUARDIAN","items_purchased":["expansioncontent:QuickStudy","ReplayTheSpireMod:ShopPack","Guardian:ExploitGems+1","expansioncontent:StudyTheSpire","Replay:Bottled Eggs","Guardian:BottledStasis"],"campfire_rested":0,"item_purchase_floors":[11,23,39,39,39,42],"current_hp_per_floor":[88,78,71,71,70,20,20,20,42,30,30,30,30,20,30,9,88,88,74,74,74,74,74,74,54,54,41,41,30,30,30,18,35,85,85,85,85,85,85,82,82,82,82,82,82,82,77,67,58,0,0,0],"gold":189,"neow_bonus":"TEN_PERCENT_HP_BONUS","is_daily":false,"chose_seed":false,"campfire_upgraded":4,"win_rate":0.0,"timestamp":1611591309,"path_taken":["R","M","M","?","M","E","T","M","?","M","$","R","?","M","M","BOSS","R","M","M","M","?","$","T","?","R","M","R","M","R","M","M","BOSS","R","M","?","?","$","M","T","$","R","?","?","R","M","?","M","BOSS"],"items_purchased_type":["Card","Relic","Card","Card","Relic","Relic"],"build_version":"2020-12-22","purchased_purges":1,"victory":false,"max_hp_per_floor":[88,88,88,88,88,88,88,88,88,88,88,88,88,88,88,88,88,88,88,88,88,85,85,85,85,85,85,85,85,85,85,85,85,85,85,85,85,85,85,85,85,85,85,85,85,85,85,85,85,85,85,85],"card_choices":[{"not_picked":["Guardian:Reroute","Guardian:Gem_Cyan"],"picked":"Guardian:Recover","floor":2.0},{"not_picked":["Guardian:Suspension","Guardian:VentSteam"],"picked":"Guardian:Planning","floor":3.0},{"not_picked":["Guardian:Reroute","Guardian:CrystalBeam"],"picked":"Guardian:Gem_Purple","floor":5.0},{"not_picked":["Guardian:ShieldCharger","Guardian:Incinerate"],"picked":"Guardian:PolyBeam","floor":6.0},{"not_picked":["Guardian:Suspension","Guardian:Harden"],"picked":"Guardian:Gem_Blue","floor":8.0},{"not_picked":["Guardian:Planning","Guardian:Recover"],"picked":"Guardian:Gem_Synthetic","floor":10.0},{"not_picked":["Guardian:TimeCapacitor","Guardian:VentSteam"],"picked":"Guardian:BodySlam","floor":11.0},{"not_picked":["Guardian:MultiBeam","Guardian:PrimingBeam"],"picked":"Guardian:TimeBomb","floor":13.0},{"not_picked":["Guardian:DecasProtection","Guardian:WalkerClaw"],"picked":"Guardian:SentryBeam","floor":14.0},{"not_picked":["Guardian:PolyBeam","Guardian:CrystalBeam"],"picked":"Guardian:PrimingBeam","floor":15.0},{"not_picked":["Guardian:RevengeProtocol","Guardian:AncientConstruct"],"picked":"Guardian:StasisStrike","floor":16.0},{"not_picked":["Guardian:WalkerClaw","Guardian:CrystalBeam+1","Guardian:PrismaticBarrier"],"picked":"Guardian:Gem_Cyan","floor":19.0},{"not_picked":["Guardian:Suspension","Guardian:VentSteam","Guardian:ChargeCore"],"picked":"Guardian:BronzeOrb","floor":20.0},{"not_picked":["Guardian:CrystalBeam","Guardian:Gem_Blue","Guardian:RollAttack"],"picked":"Guardian:Harden+1","floor":21.0},{"not_picked":["Guardian:PiercingHide+1","Guardian:Reroute","Guardian:SpikerProtocol+1"],"picked":"Guardian:TimeSifter","floor":23.0},{"not_picked":["Secret Technique","HandOfGreed","REME_AllRoundStrike"],"picked":"REME_EyeOfCthun","floor":23.0},{"not_picked":["Panacea","Purity","REME_BuildACard"],"picked":"Finesse","floor":23.0},{"not_picked":["Transmutation","The Bomb","Survey Options"],"picked":"REME_MawOfCthun","floor":23.0},{"not_picked":["Guardian:PiercingHide+1","Guardian:Gem_Purple","Guardian:EvasiveProtocol+1"],"picked":"Guardian:Incinerate","floor":27},{"not_picked":["Guardian:RollAttack","Guardian:TemporalShield","Guardian:VentSteam"],"picked":"Guardian:Gem_White","floor":29},{"not_picked":["Guardian:Reroute","Guardian:BronzeArmor","Guardian:BaubleBeam"],"picked":"Guardian:DonusPower","floor":31},{"not_picked":["Guardian:VentSteam+1","Guardian:CrystalBeam","Guardian:DecasProtection"],"picked":"Guardian:ChargeCore","floor":32},{"not_picked":["Guardian:BaubleBeam","Guardian:HyperBeam_Guardian","Guardian:StasisField"],"picked":"Guardian:RevengeProtocol","floor":33},{"not_picked":["Guardian:Gem_Cyan","Guardian:ShieldCharger+1","Guardian:TemporalShield"],"picked":"Guardian:Reroute+1","floor":36},{"not_picked":["Guardian:ShieldCharger+1","Guardian:VentSteam","Guardian:Incinerate"],"picked":"Guardian:AncientConstruct","floor":39},{"not_picked":["Guardian:RollAttack","Guardian:PrismaticBarrier","Guardian:DonusPower","Guardian:PiercingHide+1"],"picked":"SKIP","floor":40},{"not_picked":["Guardian:Recover","Guardian:PrismaticBeam","Guardian:PiercingHide","Guardian:ShieldCharger"],"picked":"SKIP","floor":45},{"not_picked":["Guardian:ShieldCharger+1","Guardian:Gem_Lightblue","Guardian:Reroute+1"],"picked":"Guardian:Gem_White","floor":47},{"not_picked":["Replay:SS_fish_1","expansioncontent:Hexaburn","Replay:SS_forest_2"],"picked":"expansioncontent:Chronoboost","floor":48},{"not_picked":["expansioncontent:HyperBeam","Replay:SS_hec_1","expansioncontent:Chronoboost"],"picked":"Replay:SS_fish_1","floor":48},{"not_picked":["expansioncontent:Hexaburn","expansioncontent:LastStand","expansioncontent:YouAreMine"],"picked":"Replay:SS_forest_2","floor":48},{"not_picked":["Guardian:ChargeCore","Guardian:VentSteam","Guardian:FloatingOrbs"],"picked":"Guardian:ConstructionForm","floor":49}],"player_experience":179710,"relics_obtained":[{"floor":2.0,"key":"LetterFromLob"},{"floor":6.0,"key":"Bag of Marbles"},{"floor":7.0,"key":"Simple Rune"},{"floor":18.0,"key":"MawBank"},{"floor":24.0,"key":"Sundial"},{"floor":28,"key":"Pantograph"},{"floor":35,"key":"REME_ArchaeologicalTools"},{"floor":41,"key":"Replay:Rubber Ducky"},{"floor":46,"key":"Pet Ghost"}],"event_choices":[{"damage_healed":22.0,"max_hp_gain":0.0,"max_hp_loss":0.0,"gold_gain":0.0,"event_name":"Mushrooms","player_choice":"Healed and dodged fight","floor":9.0,"gold_loss":0.0,"damage_taken":0.0,"cards_obtained":["Parasite"]}],"is_beta":false,"boss_relics":[{"not_picked":["Runic Dome","Runic Pyramid"],"picked":"Honey Jar"},{"not_picked":["SlaversCollar","Empty Cage"],"picked":"Coffee Dripper"}],"items_purged_floors":[11],"is_endless":false,"potions_floor_spawned":[3,8,14,16,21,27,29,31,32,36,45,49],"killed_by":"SI_POISON_ARCHETYPE","ascension_level":0}}