{"host":"v4tuy5ykrbdcm9o9","time":1611604764,"event":{"mods":["BaseMod","Duelist Mod","Minty Spire (QoL Compilation)","Replay The Spire","StSLib"],"gold_per_floor":[111,124,136,101,101,101,131,131,131,146,174,189,189,207,207,311,311,326,339,389,409,409,409],"floor_reached":22,"language":"ENG","playtime":2877,"items_purged":[],"score":307,"play_id":"bebe4632-84f0-4a14-9ca1-da7370527414","local_time":"20210125145924","is_ascension_mode":true,"campfire_choices":[{"floor":6,"key":"RECALL"},{"floor":15,"key":"REST"}],"circlet_count":0,"master_deck":["Strike_P","Strike_P","Strike_P","Strike_P","Defend_P","Defend_P","Defend_P","Defend_P","Eruption","Vigilance","Evaluate","CrushJoints+1","FlurryOfBlows","EmptyFist","JustLucky","WindmillStrike","FollowUp","Replay:BluntJabs","Judgement+1","SandsOfTime","SignatureMove+1","Replay:ManipulateFuture+1"],"relics":["PureWater","Replay:Ringing Soul","Golden Egg","Anchor","Replay:Bottled Flurry","SlaversCollar"],"acts_visited":["Exordium","TheCity"],"potions_floor_usage":[7,12,16,19,21],"damage_taken":[{"damage":13,"enemies":"Small Slimes","floor":1,"turns":4},{"damage":2,"enemies":"2 Louse","floor":2,"turns":3},{"damage":0,"enemies":"Cultist","floor":3,"turns":2},{"damage":5,"enemies":"Replay:BlueRogue","floor":7,"turns":5},{"damage":6,"enemies":"Red Slaver","floor":10,"turns":4},{"damage":8,"enemies":"Gremlin Nob","floor":11,"turns":3},{"damage":0,"enemies":"Large Slime","floor":12,"turns":3},{"damage":0,"enemies":"Looter","floor":14,"turns":2},{"damage":56,"enemies":"Slime Boss","floor":16,"turns":11},{"damage":0,"enemies":"Spheric Guardian","floor":18,"turns":3},{"damage":16,"enemies":"3 Byrds","floor":19,"turns":4},{"damage":40,"enemies":"Snake Plant","floor":21,"turns":6},{"damage":0,"enemies":"Snecko","floor":22,"turns":2}],"seed_played":"-5420171501835777443","potions_obtained":[{"floor":3,"key":"Strength Potion"},{"floor":10,"key":"Ancient Potion"},{"floor":11,"key":"Strength Potion"},{"floor":12,"key":"AttackPotion"},{"floor":16,"key":"GamblersBrew"},{"floor":19,"key":"EssenceOfSteel"}],"is_trial":false,"path_per_floor":["M","M","M","?","?","R","E","?","T","M","E","M","?","M","R","B",null,"M","M","?","M","M"],"character_chosen":"WATCHER","items_purchased":[],"campfire_rested":1,"item_purchase_floors":[],"current_hp_per_floor":[59,57,57,76,76,76,74,74,74,71,66,69,44,47,75,22,78,81,68,68,31,31,31],"gold":409,"neow_bonus":"TEN_PERCENT_HP_BONUS","is_daily":false,"chose_seed":false,"campfire_upgraded":0,"win_rate":0.0,"timestamp":1611604764,"path_taken":["M","M","M","?","?","R","E","?","T","M","E","M","?","M","R","BOSS","M","M","?","M","M"],"items_purchased_type":[],"build_version":"2020-12-22","purchased_purges":0,"victory":false,"max_hp_per_floor":[79,79,79,79,79,79,82,82,82,85,88,91,91,94,94,97,97,100,103,103,106,106,106],"card_choices":[{"not_picked":["ClearTheMind","DeceiveReality"],"picked":"Evaluate","floor":1},{"not_picked":["Worship","Fasting2"],"picked":"CrushJoints","floor":2},{"not_picked":["CarveReality","Protect"],"picked":"FlurryOfBlows","floor":3},{"not_picked":["ClearTheMind","ThirdEye"],"picked":"EmptyFist","floor":7},{"not_picked":["Crescendo","Swivel"],"picked":"JustLucky","floor":10},{"not_picked":["Consecrate","ConjureBlade"],"picked":"WindmillStrike","floor":11},{"not_picked":["CutThroughFate","FlurryOfBlows"],"picked":"FollowUp","floor":12},{"not_picked":["Wireheading","Crescendo"],"picked":"Replay:BluntJabs","floor":14},{"not_picked":["LessonLearned","DeusExMachina"],"picked":"Judgement","floor":16},{"not_picked":["Protect","JustLucky"],"picked":"SandsOfTime","floor":18},{"not_picked":["Evaluate+1","PathToVictory"],"picked":"SignatureMove+1","floor":19},{"not_picked":["Halt+1","EmptyBody"],"picked":"Replay:ManipulateFuture+1","floor":21}],"player_experience":671571,"relics_obtained":[{"floor":7,"key":"Replay:Ringing Soul"},{"floor":9,"key":"Golden Egg"},{"floor":11,"key":"Anchor"}],"event_choices":[{"damage_healed":19,"gold_gain":0,"player_choice":"Healed","damage_taken":0,"max_hp_gain":0,"max_hp_loss":0,"event_name":"The Cleric","floor":4,"gold_loss":35},{"damage_healed":0,"gold_gain":0,"player_choice":"Ignored","damage_taken":0,"max_hp_gain":0,"max_hp_loss":0,"event_name":"Golden Wing","floor":5,"gold_loss":0},{"damage_healed":0,"gold_gain":0,"player_choice":"Grow","damage_taken":0,"max_hp_gain":0,"max_hp_loss":0,"event_name":"Living Wall","floor":8,"gold_loss":0,"cards_upgraded":["CrushJoints"]},{"damage_healed":0,"gold_gain":0,"player_choice":"Success","damage_taken":25,"relics_obtained":["Replay:Bottled Flurry"],"max_hp_gain":0,"max_hp_loss":0,"event_name":"Scrap Ooze","floor":13,"gold_loss":0},{"damage_healed":0,"gold_gain":100,"player_choice":"Bet on Murderer","damage_taken":0,"max_hp_gain":0,"max_hp_loss":0,"event_name":"The Joust","floor":20,"gold_loss":50}],"is_beta":false,"boss_relics":[{"not_picked":["Calling Bell","Tiny House"],"picked":"SlaversCollar"}],"items_purged_floors":[],"is_endless":false,"potions_floor_spawned":[3,10,11,12,16,19],"killed_by":"Snecko","ascension_level":6}}