{"host":"1tl36azeqm6yhdgj","time":1611585271,"event":{"mods":["AchievementEnabler","BaseMod","Minty Spire (QoL Compilation)","StSLib","The IronCluck","everything is the same but u backflip on backflip"],"gold_per_floor":[119,44,44,8,8,35,46,46,46,75,88,13,23,36,36,108,108,120,70,85,101,46,46,70,96,96,96,112,126,126,140,140,140,140],"floor_reached":33,"language":"ENG","playtime":853,"items_purged":["Regret"],"score":564,"play_id":"d966872a-ce53-4d45-b2ab-bd0bf8d11403","local_time":"20210125093431","is_ascension_mode":true,"campfire_choices":[{"data":"Anger","floor":8.0,"key":"SMITH"},{"data":"Dark Embrace","floor":15.0,"key":"SMITH"},{"floor":23.0,"key":"REST"},{"data":"Limit Break","floor":30.0,"key":"SMITH"},{"floor":32.0,"key":"REST"}],"circlet_count":0,"master_deck":["AscendersBane","Bash","Anger+1","Inflame","Reckless Charge","Feel No Pain+1","Thunderclap","Ghostly Armor","Dark Embrace+1","Fiend Fire","Immolate","Limit Break+1","Clothesline","Limit Break","Sword Boomerang","Blood for Blood","Fire Breathing+1","Inflame","Clash","Flame Barrier","Intimidate","Shrug It Off","Burning Pact","Cleave","Reaper"],"relics":["Burning Blood","NeowsBlessing","Vajra","Bottled Flame","MealTicket","Mercury Hourglass","Pandora\u0027s Box","Regal Pillow","Bag of Preparation"],"acts_visited":["Exordium","TheCity"],"potions_floor_usage":[33],"damage_taken":[{"damage":0.0,"enemies":"Jaw Worm","floor":1.0,"turns":1.0},{"damage":0.0,"enemies":"3 Sentries","floor":6.0,"turns":1.0},{"damage":0.0,"enemies":"Small Slimes","floor":7.0,"turns":1.0},{"damage":31.0,"enemies":"Lagavulin","floor":10.0,"turns":5.0},{"damage":0.0,"enemies":"Cultist","floor":11.0,"turns":2.0},{"damage":6.0,"enemies":"Exordium Thugs","floor":13.0,"turns":3.0},{"damage":12.0,"enemies":"Exordium Wildlife","floor":14.0,"turns":3.0},{"damage":43.0,"enemies":"Hexaghost","floor":16.0,"turns":9.0},{"damage":0.0,"enemies":"Shell Parasite","floor":18.0,"turns":3.0},{"damage":6.0,"enemies":"3 Byrds","floor":20.0,"turns":3.0},{"damage":36.0,"enemies":"Centurion and Healer","floor":21.0,"turns":6.0},{"damage":18.0,"enemies":"Cultist and Chosen","floor":28.0,"turns":4.0},{"damage":29.0,"enemies":"Snake Plant","floor":29.0,"turns":4.0},{"damage":23.0,"enemies":"Centurion and Healer","floor":31.0,"turns":2.0},{"damage":101,"enemies":"Collector","floor":33,"turns":7}],"seed_played":"2239564405247637064","potions_obtained":[{"floor":6.0,"key":"Fire Potion"},{"floor":13.0,"key":"FearPotion"},{"floor":16.0,"key":"Block Potion"},{"floor":28.0,"key":"Strength Potion"},{"floor":29.0,"key":"DuplicationPotion"}],"is_trial":false,"path_per_floor":["M","?","?","$","$","E","M","R","T","E","M","$","M","M","R","B",null,"M","?","M","M","$","R","T","T","T","?","M","M","R","M","R","B"],"character_chosen":"IRONCLAD","items_purchased":["Inflame","Shrug It Off"],"campfire_rested":2,"item_purchase_floors":[4,22],"current_hp_per_floor":[74,74,74,74,74,75,75,75,75,50,56,71,71,65,65,28,63,69,69,69,39,54,75,75,75,75,75,63,40,40,23,60,0,0],"gold":140,"neow_bonus":"THREE_ENEMY_KILL","is_daily":false,"chose_seed":false,"campfire_upgraded":3,"win_rate":0.0,"timestamp":1611585271,"path_taken":["M","?","?","$","?","E","M","R","T","E","M","$","M","M","R","BOSS","M","?","?","M","$","R","?","?","T","?","M","M","R","?","R","BOSS"],"items_purchased_type":["Card","Card"],"build_version":"2020-12-22","purchased_purges":1,"victory":false,"max_hp_per_floor":[75,75,75,75,75,75,75,75,75,75,75,75,75,75,75,75,75,75,75,75,75,75,75,75,75,75,75,75,75,75,75,75,75,75],"card_choices":[{"not_picked":["Headbutt","Shrug It Off"],"picked":"Anger","floor":1.0},{"not_picked":["Rupture","Anger"],"picked":"Reckless Charge","floor":6.0},{"not_picked":["Power Through","Heavy Blade"],"picked":"Feel No Pain","floor":7.0},{"not_picked":["Pommel Strike","Entrench"],"picked":"Thunderclap","floor":10.0},{"not_picked":["Pommel Strike","Anger"],"picked":"Ghostly Armor","floor":11.0},{"not_picked":["Pommel Strike","Armaments"],"picked":"Dark Embrace","floor":13.0},{"not_picked":["Clash","Sentinel"],"picked":"Fiend Fire","floor":14.0},{"not_picked":["Impervious","Brutality"],"picked":"Immolate","floor":16.0},{"not_picked":["Clothesline","Fire Breathing"],"picked":"Clash","floor":18.0},{"not_picked":["Intimidate","Headbutt"],"picked":"Flame Barrier","floor":20.0},{"not_picked":["Uppercut+1","Whirlwind"],"picked":"Intimidate","floor":21.0},{"not_picked":["Flame Barrier","Perfected Strike"],"picked":"Burning Pact","floor":28.0},{"not_picked":["Headbutt","Twin Strike"],"picked":"Cleave","floor":29.0},{"not_picked":["Spot Weakness","Armaments"],"picked":"Reaper","floor":31.0}],"player_experience":2041117,"relics_obtained":[{"floor":6.0,"key":"Bottled Flame"},{"floor":9.0,"key":"MealTicket"},{"floor":10.0,"key":"Mercury Hourglass"},{"floor":24.0,"key":"Regal Pillow"},{"floor":25.0,"key":"Bag of Preparation"}],"event_choices":[{"cards_removed":["Strike_R"],"damage_healed":0.0,"max_hp_gain":0.0,"max_hp_loss":0.0,"gold_gain":0.0,"event_name":"The Cleric","player_choice":"Card Removal","floor":2.0,"gold_loss":75.0,"damage_taken":0.0},{"damage_healed":0.0,"max_hp_gain":0.0,"max_hp_loss":0.0,"gold_gain":0.0,"event_name":"Big Fish","player_choice":"Box","floor":3.0,"gold_loss":0.0,"damage_taken":0.0,"relics_obtained":["Vajra"],"cards_obtained":["Regret"]},{"damage_healed":0.0,"max_hp_gain":0.0,"max_hp_loss":0.0,"gold_gain":0.0,"event_name":"Designer","player_choice":"Upgraded Two","floor":19.0,"gold_loss":50.0,"damage_taken":0.0,"cards_upgraded":["Feel No Pain","Fire Breathing"]},{"cards_removed":["Bloodletting"],"damage_healed":0.0,"max_hp_gain":0.0,"max_hp_loss":0.0,"gold_gain":0.0,"event_name":"Bonfire Elementals","player_choice":"Offered Uncommon","floor":27.0,"gold_loss":0.0,"damage_taken":0.0}],"is_beta":false,"boss_relics":[{"not_picked":["Sozu","Busted Crown"],"picked":"Pandora\u0027s Box"}],"items_purged_floors":[12],"is_endless":false,"potions_floor_spawned":[6,13,16,28,29],"killed_by":"Collector","ascension_level":20}}