{"host":"mb7itejek3z0coku","time":1611563307,"event":{"mods":["AchievementEnabler","BaseMod","Hermit","Hubris","Jorbs\u0027s Wanderer Trilogy","Minty Spire (QoL Compilation)","Replay The Spire","StSLib","Td1madao Mod","The Cursed","The Disciple","The Hierophant","The Mystic","slay the spire mod where everything is the same but ironclad has a cowboy hat"],"gold_per_floor":[109,109,123,123,142,142,157,169,169,169,181,201,212,232,232,328,328,348,308,308],"floor_reached":19,"language":"ENG","playtime":1800,"items_purged":[],"score":165,"play_id":"a3e4a9f2-2f91-4883-8661-c5e2022f8809","local_time":"20210125002827","is_ascension_mode":false,"campfire_choices":[{"floor":6,"key":"RECALL"},{"floor":10,"key":"REST"},{"floor":15,"key":"REST"}],"circlet_count":0,"master_deck":["mysticmod:Strike_Mystic","mysticmod:Strike_Mystic","mysticmod:Strike_Mystic","mysticmod:Strike_Mystic","mysticmod:Defend_Mystic","mysticmod:Defend_Mystic","mysticmod:Defend_Mystic","mysticmod:Defend_Mystic","mysticmod:ArcaneDodge","mysticmod:ShockingGrasp","mysticmod:HeavyStrike+1","mysticmod:ShockingGrasp","mysticmod:PureInstinct","mysticmod:Probe","mysticmod:Fly","mysticmod:LightningBolt","mysticmod:Feint","mysticmod:ComboCaster","mysticmod:ArcaneAccuracy","mysticmod:Haste","mysticmod:Riposte"],"relics":["mysticmod:SpellBook","Fusion Hammer"],"acts_visited":["Exordium","TheCity"],"potions_floor_usage":[12,16,16,16,18,19],"damage_taken":[{"damage":6,"enemies":"Jaw Worm","floor":1,"turns":4},{"damage":4,"enemies":"Cultist","floor":3,"turns":4},{"damage":0,"enemies":"Small Slimes","floor":5,"turns":3},{"damage":8,"enemies":"Gremlin Gang","floor":7,"turns":5},{"damage":0,"enemies":"Looter","floor":8,"turns":4},{"damage":1,"enemies":"Lots of Slimes","floor":11,"turns":2},{"damage":2,"enemies":"Gremlin Gang","floor":12,"turns":3},{"damage":14,"enemies":"Blue Slaver","floor":13,"turns":4},{"damage":11,"enemies":"Exordium Thugs","floor":14,"turns":4},{"damage":18,"enemies":"Slime Boss","floor":16,"turns":12},{"damage":20,"enemies":"3 Byrds","floor":18,"turns":8}],"seed_played":"4236079929365076302","potions_obtained":[{"floor":1,"key":"AttackPotion"},{"floor":5,"key":"ColorlessPotion"},{"floor":7,"key":"Strength Potion"},{"floor":14,"key":"Dexterity Potion"},{"floor":16,"key":"SneckoOil"},{"floor":19,"key":"EntropicBrew"},{"floor":19,"key":"Flashbang"},{"floor":19,"key":"Fruit Juice"}],"is_trial":false,"path_per_floor":["M","?","M","?","M","R","M","M","T","R","M","M","M","M","R","B",null,"M","?"],"character_chosen":"MYSTIC_CLASS","items_purchased":[],"campfire_rested":2,"item_purchase_floors":[],"current_hp_per_floor":[78,78,74,74,74,74,66,66,66,84,83,81,67,56,81,63,84,64,69,69],"gold":308,"neow_bonus":"TEN_PERCENT_HP_BONUS","is_daily":false,"chose_seed":false,"campfire_upgraded":0,"win_rate":0.0,"timestamp":1611563307,"path_taken":["M","?","?","?","M","R","M","M","T","R","M","?","M","M","R","BOSS","M","?"],"items_purchased_type":[],"build_version":"2020-12-22","purchased_purges":0,"victory":false,"max_hp_per_floor":[84,84,84,84,84,84,84,84,84,84,84,84,84,84,84,84,84,84,89,89],"card_choices":[{"not_picked":["mysticmod:PreparedCaster","mysticmod:VorpalThrust"],"picked":"mysticmod:HeavyStrike","floor":1},{"not_picked":["mysticmod:IllusionOfCalm","mysticmod:BulkUp"],"picked":"mysticmod:PureInstinct","floor":3},{"not_picked":["mysticmod:Dedication","mysticmod:ChargedParry"],"picked":"mysticmod:Probe","floor":5},{"not_picked":["mysticmod:HunkerDown","mysticmod:Probe"],"picked":"mysticmod:Fly","floor":7},{"not_picked":["mysticmod:Sideswipe","mysticmod:HunkerDown"],"picked":"mysticmod:LightningBolt","floor":8},{"not_picked":["mysticmod:Probe","mysticmod:ChargedParry"],"picked":"mysticmod:Feint","floor":11},{"not_picked":["mysticmod:Daze","mysticmod:ChargedParry"],"picked":"mysticmod:ComboCaster","floor":12},{"not_picked":["mysticmod:StyleChange","mysticmod:IllusionOfCalm"],"picked":"mysticmod:ArcaneAccuracy","floor":13},{"not_picked":["mysticmod:HeavyStrike","mysticmod:Lunge","mysticmod:BulkUp"],"picked":"SKIP","floor":14},{"not_picked":["mysticmod:Discipline","mysticmod:Lunge"],"picked":"mysticmod:Haste","floor":16},{"not_picked":["mysticmod:LightningBolt","mysticmod:AllIn"],"picked":"mysticmod:Riposte","floor":18}],"player_experience":143834,"relics_obtained":[],"event_choices":[{"damage_healed":0,"gold_gain":0,"player_choice":"1 cards matched","damage_taken":0,"max_hp_gain":0,"max_hp_loss":0,"event_name":"Match and Keep!","floor":2,"gold_loss":0,"cards_obtained":["mysticmod:ShockingGrasp"]},{"damage_healed":0,"gold_gain":0,"player_choice":"Forge","damage_taken":0,"max_hp_gain":0,"max_hp_loss":0,"event_name":"Accursed Blacksmith","floor":4,"gold_loss":0,"cards_upgraded":["mysticmod:HeavyStrike"]},{"damage_healed":0,"gold_gain":0,"player_choice":"Bought 3 Potions","damage_taken":0,"max_hp_gain":0,"max_hp_loss":0,"event_name":"The Woman in Blue","floor":19,"gold_loss":0}],"is_beta":false,"boss_relics":[{"not_picked":["Velvet Choker","Ring of Chaos"],"picked":"Fusion Hammer"}],"items_purged_floors":[],"is_endless":false,"potions_floor_spawned":[1,5,7,14,16],"ascension_level":0}}