{"host":"f6w7z8zvb0mi4wy9","time":1611592486,"event":{"mods":["BaseMod","Colored Map","Minty Spire (QoL Compilation)","READ ME - Guardian Mod","StSLib","SuperFastMode","The Jungle"],"gold_per_floor":[110,110,86,86,100,132,159,159,159,159,174,174,174],"floor_reached":12,"language":"KOR","playtime":274,"items_purged":[],"score":125,"play_id":"1486adc1-2bb6-4036-9f48-31c3429386ef","local_time":"20210126013446","is_ascension_mode":true,"campfire_choices":[{"data":"Zap","floor":8,"key":"SMITH"},{"data":"Dualcast","floor":10,"key":"SMITH"}],"circlet_count":0,"master_deck":["Strike_B","Strike_B","Strike_B","Strike_B","Defend_B","Defend_B","Defend_B","Defend_B","Zap+1","Dualcast+1","White Noise","Coolheaded","White Noise","Force Field","Go for the Eyes"],"relics":["Cracked Core","Pen Nib","WingedGreaves","Ancient Tea Set","Centennial Puzzle","Incense Burner"],"acts_visited":["Exordium"],"potions_floor_usage":[6,7],"damage_taken":[{"damage":3,"enemies":"Small Slimes","floor":1,"turns":4},{"damage":1,"enemies":"Jaw Worm","floor":5,"turns":6},{"damage":26,"enemies":"Gremlin Nob","floor":6,"turns":4},{"damage":18,"enemies":"Lagavulin","floor":7,"turns":9},{"damage":0,"enemies":"2 Louse","floor":11,"turns":2},{"damage":21,"enemies":"Gremlin Nob","floor":12,"turns":3}],"seed_played":"-1278452362185384504","potions_obtained":[{"floor":5,"key":"Swift Potion"},{"floor":6,"key":"Fire Potion"}],"is_trial":false,"path_per_floor":["M","?","$","?","M","E","E","R","T","R","M","E"],"character_chosen":"DEFECT","items_purchased":["Coolheaded"],"campfire_rested":0,"item_purchase_floors":[3],"current_hp_per_floor":[65,53,53,58,57,31,13,13,13,13,13,0,0],"gold":174,"neow_bonus":"RANDOM_COMMON_RELIC","is_daily":false,"chose_seed":false,"campfire_upgraded":2,"win_rate":0.0,"timestamp":1611592486,"path_taken":["M","?","$","?","M","E","E","R","T","R","M","E"],"items_purchased_type":["Card"],"build_version":"2020-12-22","purchased_purges":0,"victory":false,"max_hp_per_floor":[75,75,75,80,80,80,80,80,80,80,80,80,80],"card_choices":[{"not_picked":["Leap","Rebound"],"picked":"White Noise","floor":1},{"not_picked":["Genetic Algorithm","Coolheaded"],"picked":"White Noise","floor":5},{"not_picked":["Hologram","Compile Driver"],"picked":"Force Field","floor":6},{"not_picked":["Amplify","Reinforced Body"],"picked":"Go for the Eyes","floor":7},{"not_picked":["Reprogram","Sweeping Beam","Turbo"],"picked":"SKIP","floor":11}],"player_experience":895337,"relics_obtained":[{"floor":6,"key":"Ancient Tea Set"},{"floor":7,"key":"Centennial Puzzle"},{"floor":9,"key":"Incense Burner"}],"event_choices":[{"damage_healed":0,"gold_gain":0,"player_choice":"Success","damage_taken":12,"relics_obtained":["WingedGreaves"],"max_hp_gain":0,"max_hp_loss":0,"event_name":"Scrap Ooze","floor":2,"gold_loss":0},{"damage_healed":0,"gold_gain":0,"player_choice":"Donut","damage_taken":0,"max_hp_gain":5,"max_hp_loss":0,"event_name":"Big Fish","floor":4,"gold_loss":0}],"is_beta":false,"boss_relics":[],"items_purged_floors":[],"is_endless":false,"potions_floor_spawned":[5,6],"killed_by":"Gremlin Nob","ascension_level":9}}