{"host":"egwexuw5uvnxf11j","time":1611534078,"event":{"mods":["2.2 Compatiblity","Aspiration","BaseMod","Better Altar","Better Note","Better Sensory Stone","Better Third Choice","Displayed Cursed Tome","Downfall","Hermit","Key Reminder","Koishi","Marisa????????","Minty Spire (QoL Compilation)","Quick Restart","Shade Mod","Spicy Shops","StSLib","The Construct","The Cursed","The Hierophant","The Runesmith","The Senshi","The Servant 0.9.4","Transform Curses"],"gold_per_floor":[114,114,124,124,124,156,176,176,176,203,32,32,63,63,63,192,192,207,222,32,32,32,32,32],"floor_reached":23,"language":"ENG","playtime":3765,"items_purged":[],"score":215,"play_id":"ff9a37b3-e639-491c-9201-50e2ebdf327a","local_time":"20210124192118","is_ascension_mode":true,"campfire_choices":[{"floor":8,"key":"REST"},{"floor":15,"key":"REST"}],"circlet_count":0,"master_deck":["hermit:Strike_Hermit","hermit:Strike_Hermit","hermit:Strike_Hermit","hermit:Strike_Hermit","hermit:Defend_Hermit","hermit:Defend_Hermit","hermit:Defend_Hermit","hermit:Snapshot","hermit:Covet","hermit:TakeAim+1","Regret","hermit:Desperado","hermit:ItchyTrigger","hermit:Roulette","hermit:CalledShot","hermit:Dive","Injury","hermit:Vantage+1","hermit:Magnum","hermit:Ricochet","hermit:EyeOfTheStorm+1","hermit:Brawl","hermit:Magnum"],"relics":["hermit:Momento","Thread and Needle","Juzu Bracelet","Darkstone Periapt","Regal Pillow","WingedGreaves","aspiration:Nostalgia","Runesmith:BrokenRuby","Golden Idol","Toxic Egg 2","keyreminder:keyreminder","Cursed Key","Membership Card"],"acts_visited":["Exordium","TheCity"],"potions_floor_usage":[16,18,23,23],"damage_taken":[{"damage":1,"enemies":"Cultist","floor":1,"turns":3},{"damage":2,"enemies":"Jaw Worm","floor":3,"turns":5},{"damage":26,"enemies":"Gremlin Nob","floor":6,"turns":5},{"damage":0,"enemies":"Small Slimes","floor":7,"turns":3},{"damage":33,"enemies":"3 Sentries","floor":10,"turns":8},{"damage":27,"enemies":"Gremlin Nob","floor":13,"turns":5},{"damage":48,"enemies":"Hexaghost","floor":16,"turns":11},{"damage":20,"enemies":"2 Thieves","floor":18,"turns":5},{"damage":10,"enemies":"Shell Parasite","floor":19,"turns":5},{"damage":68,"enemies":"Book of Stabbing","floor":23,"turns":5}],"seed_played":"-2558445679708737985","potions_obtained":[{"floor":6,"key":"construct:ShiftPotion"},{"floor":13,"key":"Regen Potion"},{"floor":16,"key":"Fire Potion"},{"floor":18,"key":"FearPotion"}],"is_trial":false,"path_per_floor":["M","?","M","?","?","E","M","R","T","E","$","?","E","?","R","B",null,"M","M","$","?","?","E"],"character_chosen":"HERMIT","items_purchased":["aspiration:Nostalgia","hermit:Dive","Membership Card","hermit:Brawl"],"campfire_rested":2,"item_purchase_floors":[11,11,20,20],"current_hp_per_floor":[81,81,79,76,76,50,50,74,74,41,41,47,20,20,61,28,88,68,58,58,58,58,0,0],"gold":32,"neow_bonus":"TEN_PERCENT_HP_BONUS","is_daily":false,"chose_seed":false,"campfire_upgraded":0,"win_rate":0.0,"timestamp":1611534078,"path_taken":["M","?","M","?","?","E","M","R","T","E","$","?","E","?","R","BOSS","M","M","$","?","?","E"],"items_purchased_type":["Relic","Card","Relic","Card"],"build_version":"2020-12-22","purchased_purges":0,"victory":false,"max_hp_per_floor":[82,82,82,82,82,82,82,82,82,82,82,88,88,88,88,88,88,88,88,88,88,88,88,88],"card_choices":[{"not_picked":["hermit:Ricochet","hermit:HighCaliber"],"picked":"hermit:TakeAim","floor":1},{"not_picked":["hermit:Feint","hermit:Vantage"],"picked":"hermit:Desperado","floor":3},{"not_picked":["hermit:HoleUp","hermit:Feint"],"picked":"hermit:ItchyTrigger","floor":6},{"not_picked":["hermit:Maintenance","hermit:Showdown"],"picked":"hermit:Roulette","floor":7},{"not_picked":["hermit:ItchyTrigger","hermit:CursedWeapon"],"picked":"hermit:CalledShot","floor":10},{"not_picked":["hermit:SprayPray","hermit:DeadMansHand+1"],"picked":"hermit:Vantage+1","floor":13},{"not_picked":["hermit:Purgatory","hermit:BlackWind"],"picked":"hermit:Magnum","floor":16},{"not_picked":["hermit:Desperado+1","hermit:BodyArmor+1"],"picked":"hermit:Ricochet","floor":18},{"not_picked":["hermit:Coalescence+1","hermit:Maintenance+1"],"picked":"hermit:EyeOfTheStorm+1","floor":19}],"player_experience":2311418,"relics_obtained":[{"floor":6,"key":"Darkstone Periapt"},{"floor":9,"key":"Regal Pillow"},{"floor":10,"key":"WingedGreaves"},{"floor":13,"key":"Toxic Egg 2"}],"event_choices":[{"damage_healed":0,"gold_gain":0,"player_choice":"Box","damage_taken":0,"relics_obtained":["Thread and Needle"],"max_hp_gain":0,"max_hp_loss":0,"event_name":"Big Fish","floor":2,"gold_loss":0,"cards_obtained":["Regret"]},{"damage_healed":0,"gold_gain":0,"player_choice":"Relic ","damage_taken":3,"max_hp_gain":0,"max_hp_loss":0,"event_name":"betterThird:BetterScrap","floor":4,"gold_loss":0,"cards_obtained":["Catalyst"]},{"damage_healed":0,"gold_gain":0,"player_choice":"Grow","damage_taken":0,"max_hp_gain":0,"max_hp_loss":0,"event_name":"Living Wall","floor":5,"gold_loss":0,"cards_upgraded":["hermit:TakeAim"]},{"damage_healed":0,"gold_gain":0,"player_choice":"Take Wound","damage_taken":0,"relics_obtained":["Golden Idol"],"max_hp_gain":0,"max_hp_loss":0,"event_name":"Golden Idol","floor":12,"gold_loss":0,"cards_obtained":["Injury"]},{"cards_removed":["hermit:Defend_Hermit"],"damage_healed":0,"gold_gain":0,"player_choice":"Offered Basic","damage_taken":0,"max_hp_gain":0,"max_hp_loss":0,"event_name":"Bonfire Elementals","floor":14,"gold_loss":0},{"damage_healed":0,"gold_gain":0,"player_choice":"Copied","damage_taken":0,"max_hp_gain":0,"max_hp_loss":0,"event_name":"Duplicator","floor":22,"gold_loss":0,"cards_obtained":["hermit:Magnum"]}],"is_beta":false,"boss_relics":[{"not_picked":["Philosopher\u0027s Stone","aspiration:FutureDiary"],"picked":"Cursed Key"}],"items_purged_floors":[],"is_endless":false,"potions_floor_spawned":[6,13,16,18],"killed_by":"Book of Stabbing","ascension_level":1}}