{"host":"edc6wmn2qug8wnvl","time":1611563658,"event":{"mods":["AchievementEnabler","BaseMod","Colored Map","Colored Powertips","Minty Spire (QoL Compilation)","StSLib"],"gold_per_floor":[116,134,309,309,48,48,62,62,62,77,95,95,95,109,109,109,109],"floor_reached":16,"language":"ENG","playtime":776,"items_purged":[],"score":92,"play_id":"4e753045-28c8-409f-9608-8be080da5b15","local_time":"20210125003418","is_ascension_mode":false,"campfire_choices":[{"data":"Enlightenment","floor":6,"key":"SMITH"},{"data":"Transmutation","floor":12,"key":"SMITH"},{"floor":15,"key":"REST"}],"circlet_count":0,"master_deck":["Strike_B","Strike_B","Strike_B","Strike_B","Defend_B","Defend_B","Defend_B","Defend_B","Zap","Dualcast","Conserve Battery","Skim","Doubt","Enlightenment+1","Transmutation+1","Aggregate+1","Hologram"],"relics":["Cracked Core","NeowsBlessing","Ornamental Fan"],"acts_visited":["Exordium"],"potions_floor_usage":[16,16,16],"damage_taken":[{"damage":0,"enemies":"Cultist","floor":1,"turns":1},{"damage":0,"enemies":"Small Slimes","floor":2,"turns":1},{"damage":0,"enemies":"2 Louse","floor":7,"turns":1},{"damage":2,"enemies":"Red Slaver","floor":10,"turns":6},{"damage":17,"enemies":"Blue Slaver","floor":11,"turns":4},{"damage":33,"enemies":"Lots of Slimes","floor":14,"turns":5},{"damage":50,"enemies":"Hexaghost","floor":16,"turns":11}],"seed_played":"8704087539868541160","potions_obtained":[{"floor":4,"key":"LiquidMemories"},{"floor":4,"key":"BlessingOfTheForge"},{"floor":4,"key":"BlessingOfTheForge"}],"is_trial":false,"path_per_floor":["M","M","?","?","$","R","M","?","T","M","M","R","?","M","R","B"],"character_chosen":"DEFECT","items_purchased":["Enlightenment","Mayhem"],"campfire_rested":1,"item_purchase_floors":[5,5],"current_hp_per_floor":[75,75,75,75,75,75,75,75,75,73,56,56,56,23,45,0,0],"gold":109,"neow_bonus":"THREE_ENEMY_KILL","is_daily":false,"chose_seed":false,"campfire_upgraded":2,"win_rate":0.0,"timestamp":1611563658,"path_taken":["M","M","?","?","$","R","?","?","T","?","M","R","?","?","R","BOSS"],"items_purchased_type":["Card","Card"],"build_version":"2020-12-22","purchased_purges":0,"victory":false,"max_hp_per_floor":[75,75,75,75,75,75,75,75,75,75,75,75,75,75,75,75,75],"card_choices":[{"not_picked":["Streamline","Redo"],"picked":"Conserve Battery","floor":1},{"not_picked":["Beam Cell","Barrage"],"picked":"Skim","floor":2},{"not_picked":["Lockon","Turbo","Rip and Tear"],"picked":"SKIP","floor":7},{"not_picked":["Chaos","Beam Cell"],"picked":"Aggregate","floor":10},{"not_picked":["Barrage","Conserve Battery"],"picked":"Hologram","floor":11},{"not_picked":["Ball Lightning","Glacier","Rebound"],"picked":"SKIP","floor":14}],"player_experience":32574,"relics_obtained":[{"floor":9,"key":"Ornamental Fan"}],"event_choices":[{"damage_healed":0,"gold_gain":175,"player_choice":"AGREE","damage_taken":0,"max_hp_gain":0,"max_hp_loss":0,"event_name":"Liars Game","floor":3,"gold_loss":0,"cards_obtained":["Doubt"]},{"damage_healed":0,"gold_gain":0,"player_choice":"Got Potions","damage_taken":0,"max_hp_gain":0,"max_hp_loss":0,"event_name":"Lab","floor":4,"gold_loss":0},{"damage_healed":0,"gold_gain":0,"cards_transformed":["Mayhem"],"player_choice":"Transformed","damage_taken":0,"max_hp_gain":0,"max_hp_loss":0,"event_name":"Transmorgrifier","floor":8,"gold_loss":0,"cards_obtained":["Transmutation"]},{"damage_healed":0,"gold_gain":0,"player_choice":"Upgraded","damage_taken":0,"max_hp_gain":0,"max_hp_loss":0,"event_name":"Upgrade Shrine","floor":13,"gold_loss":0,"cards_upgraded":["Aggregate"]}],"is_beta":false,"boss_relics":[],"items_purged_floors":[],"is_endless":false,"potions_floor_spawned":[14],"killed_by":"Hexaghost","ascension_level":0}}