{"host":"dg9bmj64xsaxvoc5","time":1611541477,"event":{"mods":["AchievementEnabler","BaseMod","Highlight Path","Minty Spire (QoL Compilation)","Quick Restart","Relic Stats"],"gold_per_floor":[119,136,86,86,47,72,72],"floor_reached":6,"language":"ENG","playtime":59,"items_purged":[],"score":69,"play_id":"2d1571f9-f7a7-4a2c-a5a2-a057d26a8998","local_time":"20210124212437","is_ascension_mode":false,"campfire_choices":[],"circlet_count":0,"master_deck":["Strike_R","Strike_R","Strike_R","Strike_R","Defend_R","Defend_R","Defend_R","Defend_R","Bash","Heavy Blade","Headbutt","Hemokinesis"],"relics":["Burning Blood","NeowsBlessing","NlothsMask","MealTicket"],"acts_visited":["Exordium"],"potions_floor_usage":[],"damage_taken":[{"damage":0,"enemies":"Small Slimes","floor":1,"turns":1},{"damage":0,"enemies":"Cultist","floor":2,"turns":1},{"damage":0,"enemies":"3 Sentries","floor":6,"turns":2}],"seed_played":"5966466359379016179","potions_obtained":[{"floor":6,"key":"SkillPotion"}],"is_trial":false,"path_per_floor":["M","M","?","?","$","E"],"character_chosen":"IRONCLAD","items_purchased":["Hemokinesis"],"campfire_rested":0,"item_purchase_floors":[5],"current_hp_per_floor":[80,80,80,80,80,80,80],"gold":72,"neow_bonus":"THREE_ENEMY_KILL","is_daily":false,"chose_seed":false,"campfire_upgraded":0,"win_rate":0.0,"timestamp":1611541477,"path_taken":["M","M","?","?","$","E"],"items_purchased_type":["Card"],"build_version":"2020-12-22","purchased_purges":0,"victory":false,"max_hp_per_floor":[80,80,80,80,80,80,80],"relic_stats":{"counters":[3,4],"MealTicket":0,"obtain_stats":[{"NeowsBlessing":0,"MealTicket":6,"Burning Blood":0,"NlothsMask":4},{"NeowsBlessing":0,"MealTicket":3,"Burning Blood":0,"NlothsMask":2},{"NeowsBlessing":0,"MealTicket":4,"Burning Blood":0,"NlothsMask":2}],"Burning Blood":0},"card_choices":[{"not_picked":["Perfected Strike","Dual Wield"],"picked":"Heavy Blade","floor":1},{"not_picked":["True Grit","Rupture"],"picked":"Headbutt","floor":2}],"player_experience":4292,"relics_obtained":[{"floor":6,"key":"MealTicket"}],"event_choices":[{"cards_removed":["Strike_R"],"damage_healed":0,"gold_gain":0,"player_choice":"Card Removal","damage_taken":0,"max_hp_gain":0,"max_hp_loss":0,"event_name":"The Cleric","floor":3,"gold_loss":50},{"damage_healed":0,"gold_gain":0,"player_choice":"Trade","damage_taken":0,"relics_obtained":["NlothsMask"],"max_hp_gain":0,"max_hp_loss":0,"event_name":"FaceTrader","floor":4,"gold_loss":0}],"is_beta":false,"boss_relics":[],"items_purged_floors":[],"is_endless":false,"potions_floor_spawned":[6],"killed_by":"3 Sentries","ascension_level":0}}