{"host":"y1oqg7uy0jc6f5mb","time":1611591851,"event":{"mods":["BaseMod","Better Altar","Better Match","Better Note","Better Sensory Stone","Better Skull","Better Third Choice","BetterRewards","Block Reminder","Colored Map","Colored Powertips","Custom Start","DeckTracker","Displayed Cursed Tome","Highlight Path","Ironclad Rager","Minty Spire (QoL Compilation)","Permanent Neow","Quick Restart","Relic Sorter","Relic Stats","Replay The Spire","Shop Mod","StSLib"],"gold_per_floor":[27,37,50,50,40,40,73,73,121,136,136,153,23,42,42,146,146,168,200,228,290,321,333,373,385,397,409,421,444,469,511,523,638,650,675,738,824,306,356,356,384,384,384,384,384,409,612,622,622,622],"floor_reached":51,"language":"ENG","playtime":5102,"items_purged":["Strike_R","Strike_R"],"score":1434,"play_id":"353e5996-7400-4b55-8509-2949bb9b23ca","local_time":"20210126002410","is_ascension_mode":true,"campfire_choices":[{"data":"Limit Break","floor":6.0,"key":"SMITH"},{"data":"Battle Trance","floor":11.0,"key":"SMITH"},{"data":"Abandon","floor":15.0,"key":"SMITH"},{"data":"ReplayTheSpireMod:Muscle Training","floor":23.0,"key":"SMITH"},{"floor":27.0,"key":"REST"},{"floor":32.0,"key":"REST"},{"floor":40.0,"key":"REST"},{"data":"True Grit","floor":42.0,"key":"SMITH"},{"data":"Double Tap","floor":44.0,"key":"SMITH"},{"floor":49,"key":"REST"}],"circlet_count":0,"master_deck":["Strike_R","Strike_R","Strike_R","Defend_R","Defend_R","Defend_R","Defend_R","Bash","Limit Break+1","Inflame","Master of Strategy","Immolate","Life Link","Combust","Battle Trance+1","True Grit+1","Shrug It Off","Abandon+1","ReplayTheSpireMod:Stacked","Feel No Pain","Feel No Pain","ReplayTheSpireMod:Muscle Training+1","Hemogenesis","CurseOfTheBell","Armaments+1","Sword Boomerang+1","Shrug It Off+1","Reckless Charge","Double Tap+1","Flame Barrier","Juggernaut","Rupture+1","Dual Wield+1","Feel No Pain+1","Writhe","Abandon","ReplayTheSpireMod:Corrosion Curse","Pummel"],"relics":["Burning Blood","Durian","Vajra","Anchor","Pen Nib","Blue Candle","ReplayTheSpireMod:Ring of Addiction","White Beast Statue","Toy Ornithopter","Replay:Mystery Machine","ReplayTheSpireMod:TigerMarble","Calling Bell","Iron Hammer","Pocketwatch","Potion Belt","Snack Pack","Red Skull","Honey Jar","Ginger","Quantum Egg","MerchantsRug","Bird Faced Urn","Incense Burner","Centennial Puzzle","The Courier","Counterbalance"],"acts_visited":["Exordium","TheCity","TheBeyond"],"potions_floor_usage":[46,46,46,50,50],"damage_taken":[{"damage":1.0,"enemies":"Cultist","floor":1.0,"turns":3.0},{"damage":0.0,"enemies":"Small Slimes","floor":2.0,"turns":3.0},{"damage":2.0,"enemies":"Jaw Worm","floor":3.0,"turns":4.0},{"damage":2.0,"enemies":"Exordium Thugs","floor":5.0,"turns":4.0},{"damage":37.0,"enemies":"Gremlin Nob","floor":7.0,"turns":3.0},{"damage":0.0,"enemies":"Blue Slaver","floor":10.0,"turns":1.0},{"damage":0.0,"enemies":"Exordium Wildlife","floor":12.0,"turns":2.0},{"damage":1.0,"enemies":"3 Louse","floor":14.0,"turns":1.0},{"damage":26.0,"enemies":"Hexaghost","floor":16.0,"turns":7.0},{"damage":23.0,"enemies":"Shell Parasite","floor":18.0,"turns":5.0},{"damage":1.0,"enemies":"Chosen","floor":19.0,"turns":5.0},{"damage":0.0,"enemies":"Centurion and Healer","floor":20.0,"turns":2.0},{"damage":26.0,"enemies":"Shelled Parasite and Fungi","floor":22.0,"turns":4.0},{"damage":43.0,"enemies":"Gremlin Leader","floor":24.0,"turns":6.0},{"damage":7.0,"enemies":"3 Cultists","floor":29.0,"turns":2.0},{"damage":14.0,"enemies":"Snecko","floor":30.0,"turns":5.0},{"damage":24.0,"enemies":"Replay:Snechameleon","floor":31.0,"turns":6.0},{"damage":36.0,"enemies":"Champ","floor":33.0,"turns":7.0},{"damage":8.0,"enemies":"Orb Walker","floor":35.0,"turns":4.0},{"damage":53.0,"enemies":"2 Orb Walkers","floor":36.0,"turns":5.0},{"damage":1.0,"enemies":"Mind Bloom Boss Battle","floor":39.0,"turns":6.0},{"damage":32.0,"enemies":"Nemesis","floor":41.0,"turns":5.0},{"damage":35,"enemies":"Giant Head","floor":46,"turns":8},{"damage":1,"enemies":"3 Shapes","floor":48,"turns":1},{"damage":55,"enemies":"Time Eater","floor":50,"turns":13}],"seed_played":"-4262630205933091764","potions_obtained":[{"floor":1.0,"key":"LiquidBronze"},{"floor":2.0,"key":"Strength Potion"},{"floor":4.0,"key":"Cursed Concoction"},{"floor":4.0,"key":"Elixir"},{"floor":5.0,"key":"Fire Potion"},{"floor":7.0,"key":"CultistPotion"},{"floor":14.0,"key":"Adrenaline Potion"},{"floor":16.0,"key":"Energy Potion"},{"floor":18.0,"key":"Explosive Potion"},{"floor":19.0,"key":"Flashbang"},{"floor":22.0,"key":"Ancient Potion"},{"floor":24.0,"key":"Explosive Potion"},{"floor":29.0,"key":"Weak Potion"},{"floor":30.0,"key":"Swift Potion"},{"floor":31.0,"key":"Fire Potion"},{"floor":33.0,"key":"Explosive Potion"},{"floor":35.0,"key":"Death Potion"},{"floor":36.0,"key":"FairyPotion"},{"floor":39.0,"key":"ElixirPotion"},{"floor":41.0,"key":"AttackPotion"},{"floor":46,"key":"Languid Potion"},{"floor":48,"key":"Fire Potion"}],"is_trial":false,"path_per_floor":["M","M","M","?","M","R","E","?","T","M","R","M","$","M","R","B",null,"M","M","M","?","M","R","E","$","T","R","?","M","M","E","R","B",null,"M","?","T","$","?","R","E","R","T","R","?","E","?","M","R","B",null],"character_chosen":"IRONCLAD","items_purchased":["Limit Break","Inflame","Master of Strategy","Immolate","Reflective Coating","Durian","Vajra","Anchor","Pen Nib","Life Link","Feel No Pain","ReplayTheSpireMod:Muscle Training","MerchantsRug","Bird Faced Urn"],"campfire_rested":4,"item_purchase_floors":[0,0,0,0,0,0,0,0,0,0,13,13,38,38],"current_hp_per_floor":[50,56,60,60,69,69,38,66,66,75,75,81,81,84,82,62,77,60,70,76,76,61,61,29,29,29,53,53,57,54,41,65,45,71,69,24,24,24,37,60,50,50,50,50,69,50,21,28,50,25],"gold":622,"neow_bonus":"","is_daily":false,"chose_seed":false,"campfire_upgraded":6,"win_rate":0.0,"timestamp":1611591850,"path_taken":["M","M","M","?","M","R","E","?","T","M","R","M","$","M","R","BOSS","M","M","M","?","M","R","E","?","T","R","?","M","?","E","R","BOSS","M","?","?","$","?","R","E","R","T","R","?","E","?","M","R","BOSS"],"items_purchased_type":["Card","Card","Card","Card","Potion","Relic","Relic","Relic","Relic","Card","Card","Card","Relic","Relic"],"build_version":"2020-12-22","purchased_purges":2,"victory":true,"max_hp_per_floor":[85,85,85,85,85,85,85,85,83,86,86,84,84,84,82,82,82,82,82,82,82,82,82,82,82,82,82,80,80,80,80,80,80,80,80,80,80,78,78,78,76,76,76,74,74,74,74,74,74,72],"relic_stats":{"Centennial Puzzle":[9],"counters":[83,405],"Blue Candle":[0],"Bird Faced Urn":[34],"Pen Nib":[12],"Ginger":[5],"obtain_stats":[{"Vajra":43,"Ginger":36,"Boot":41,"Sozu":17,"Blood Vial":38,"Centennial Puzzle":41,"Honey Jar":34,"MealTicket":41,"Prayer Wheel":36,"Fusion Hammer":34,"Iron Hammer":17,"Toxic Egg 2":43,"MerchantsRug":38,"Happy Flower":9,"Blue Candle":24,"ReplayTheSpireMod:Ring of Addiction":4,"Counterbalance":46,"Oddly Smooth Stone":38,"Pen Nib":0,"Letter Opener":53,"War Paint":7,"Bronze Scales":29,"Bird Faced Urn":38,"Mark of Pain":34,"ReplayTheSpireMod:TigerMarble":9,"Pocketwatch":17,"Regal Pillow":26,"Torii":45,"Magic Flower":28,"Incense Burner":39,"Replay:Mystery Machine":7,"Smiling Mask":9,"Cursed Key":17,"Ancient Tea Set":43,"Burning Blood":0,"ClockworkSouvenir":0,"Dream Catcher":26,"Matryoshka":14,"Red Mask":22,"InkBottle":45,"Red Skull":31,"Potion Belt":24,"Golden Idol":5,"Quantum Egg":37,"Thread and Needle":0,"PreservedInsect":26,"The Courier":43,"Orichalcum":7,"MawBank":26,"White Beast Statue":4,"Mercury Hourglass":28,"Calling Bell":17,"CaptainsWheel":23,"Anchor":0,"Ornamental Fan":47,"Durian":0,"Snack Pack":26,"FossilizedHelix":36,"TungstenRod":0,"Toy Ornithopter":4},{"Vajra":22,"Ginger":78,"Boot":49,"Sozu":7,"Blood Vial":20,"Centennial Puzzle":80,"Honey Jar":76,"MealTicket":21,"Prayer Wheel":46,"Fusion Hammer":17,"Iron Hammer":67,"Toxic Egg 2":50,"MerchantsRug":20,"Happy Flower":29,"Blue Candle":12,"ReplayTheSpireMod:Ring of Addiction":61,"Counterbalance":81,"Oddly Smooth Stone":20,"Pen Nib":58,"Letter Opener":56,"War Paint":3,"Bronze Scales":14,"Bird Faced Urn":78,"Mark of Pain":44,"ReplayTheSpireMod:TigerMarble":63,"Pocketwatch":67,"Regal Pillow":13,"Torii":23,"Magic Flower":13,"Incense Burner":79,"Replay:Mystery Machine":63,"Smiling Mask":4,"Cursed Key":34,"Ancient Tea Set":50,"Burning Blood":0,"ClockworkSouvenir":25,"Dream Catcher":39,"Matryoshka":6,"Red Mask":11,"InkBottle":52,"Red Skull":75,"Potion Belt":72,"Golden Idol":2,"Quantum Egg":78,"Thread and Needle":25,"PreservedInsect":39,"The Courier":80,"Orichalcum":29,"MawBank":13,"White Beast Statue":61,"Mercury Hourglass":13,"Calling Bell":67,"CaptainsWheel":38,"Anchor":58,"Ornamental Fan":24,"Durian":58,"Snack Pack":72,"FossilizedHelix":19,"TungstenRod":25,"Toy Ornithopter":61},{"Vajra":72,"Ginger":372,"Boot":236,"Sozu":23,"Blood Vial":63,"Centennial Puzzle":383,"Honey Jar":363,"MealTicket":68,"Prayer Wheel":220,"Fusion Hammer":56,"Iron Hammer":321,"Toxic Egg 2":243,"MerchantsRug":63,"Happy Flower":116,"Blue Candle":37,"ReplayTheSpireMod:Ring of Addiction":303,"Counterbalance":391,"Oddly Smooth Stone":63,"Pen Nib":293,"Letter Opener":281,"War Paint":10,"Bronze Scales":42,"Bird Faced Urn":372,"Mark of Pain":208,"ReplayTheSpireMod:TigerMarble":310,"Pocketwatch":321,"Regal Pillow":40,"Torii":77,"Magic Flower":40,"Incense Burner":378,"Replay:Mystery Machine":310,"Smiling Mask":12,"Cursed Key":145,"Ancient Tea Set":243,"Burning Blood":0,"ClockworkSouvenir":89,"Dream Catcher":173,"Matryoshka":17,"Red Mask":33,"InkBottle":255,"Red Skull":356,"Potion Belt":343,"Golden Idol":4,"Quantum Egg":372,"Thread and Needle":89,"PreservedInsect":173,"The Courier":383,"Orichalcum":116,"MawBank":40,"White Beast Statue":303,"Mercury Hourglass":40,"Calling Bell":321,"CaptainsWheel":166,"Anchor":293,"Ornamental Fan":82,"Durian":293,"Snack Pack":343,"FossilizedHelix":62,"TungstenRod":89,"Toy Ornithopter":303}],"Burning Blood":495,"Toy Ornithopter":61,"Pocketwatch":[81]},"card_choices":[{"not_picked":["Havoc","Anger"],"picked":"Combust","floor":1.0},{"not_picked":["Entrench","Body Slam"],"picked":"Battle Trance","floor":2.0},{"not_picked":["Ghostly Armor","Hemokinesis"],"picked":"True Grit","floor":3.0},{"not_picked":["Massacre","Dropkick"],"picked":"Shrug It Off","floor":5.0},{"not_picked":["ReplayTheSpireMod:LeadingStrike","Perfected Strike"],"picked":"Abandon","floor":7.0},{"not_picked":["Wild Strike","Clothesline","Berserk"],"picked":"SKIP","floor":10.0},{"not_picked":["Headbutt","Havoc"],"picked":"ReplayTheSpireMod:Stacked","floor":12.0},{"not_picked":["Wild Strike","Sever Soul","Shockwave"],"picked":"SKIP","floor":14.0},{"not_picked":["Demonic Infusion","Eclipse"],"picked":"Hemogenesis","floor":16.0},{"not_picked":["Life Link","Dark Embrace"],"picked":"Armaments+1","floor":18.0},{"not_picked":["Infernal Blade","Wild Strike+1"],"picked":"Sword Boomerang+1","floor":19.0},{"not_picked":["Sword Boomerang","Wild Strike+1"],"picked":"Shrug It Off+1","floor":20.0},{"not_picked":["Anger","Shrug It Off","Feel No Pain"],"picked":"SKIP","floor":22.0},{"not_picked":["Wild Strike","Havoc"],"picked":"Reckless Charge","floor":24.0},{"not_picked":["Sword Boomerang","Power Through"],"picked":"Double Tap","floor":29.0},{"not_picked":["Second Wind","Run Through","Flex"],"picked":"SKIP","floor":30.0},{"not_picked":["Sword Boomerang","Run Through"],"picked":"Flame Barrier","floor":31.0},{"not_picked":["Immolate","Eclipse"],"picked":"Juggernaut","floor":33.0},{"not_picked":["ReplayReversal+1","Cleave","Sentinel"],"picked":"Rupture+1","floor":35.0},{"not_picked":["Clothesline","Thunderclap","ReplayTheSpireMod:LeadingStrike"],"picked":"Dual Wield+1","floor":36.0},{"not_picked":["Headbutt+1","Evolve","Inflame+1"],"picked":"Cleave+1","floor":39.0},{"not_picked":["Havoc+1","ReplayReversal","Dropkick"],"picked":"Feel No Pain+1","floor":41.0},{"not_picked":["ReplayTheSpireMod:Stacked","Clothesline+1","Bloodletting"],"picked":"Abandon","floor":46},{"not_picked":["Hemogenesis","Clash","Twin Strike"],"picked":"ReplayTheSpireMod:Corrosion Curse","floor":47},{"not_picked":["Perfected Strike","Pommel Strike","Run Through"],"picked":"Pummel","floor":48}],"player_experience":203429,"relics_obtained":[{"floor":4.0,"key":"ReplayTheSpireMod:Ring of Addiction"},{"floor":4.0,"key":"White Beast Statue"},{"floor":4.0,"key":"Toy Ornithopter"},{"floor":7.0,"key":"Replay:Mystery Machine"},{"floor":9.0,"key":"ReplayTheSpireMod:TigerMarble"},{"floor":17.0,"key":"MawBank"},{"floor":17.0,"key":"Iron Hammer"},{"floor":17.0,"key":"Pocketwatch"},{"floor":24.0,"key":"Potion Belt"},{"floor":26.0,"key":"Snack Pack"},{"floor":31.0,"key":"Red Skull"},{"floor":36.0,"key":"Ginger"},{"floor":37.0,"key":"Quantum Egg"},{"floor":39.0,"key":"Incense Burner"},{"floor":41.0,"key":"Centennial Puzzle"},{"floor":43.0,"key":"The Courier"},{"floor":46,"key":"Counterbalance"}],"event_choices":[{"damage_healed":28.0,"max_hp_gain":0.0,"max_hp_loss":0.0,"gold_gain":0.0,"event_name":"Big Fish","player_choice":"Banana","floor":8.0,"gold_loss":0.0,"damage_taken":0.0},{"damage_healed":0.0,"max_hp_gain":0.0,"max_hp_loss":0.0,"gold_gain":100.0,"event_name":"The Joust","player_choice":"Bet on Murderer","floor":21.0,"gold_loss":50.0,"damage_taken":0.0},{"damage_healed":0.0,"max_hp_gain":0.0,"max_hp_loss":0.0,"gold_gain":0.0,"event_name":"Vampires","player_choice":"Ignored","floor":28.0,"gold_loss":0.0,"damage_taken":0.0},{"damage_healed":0.0,"max_hp_gain":0.0,"max_hp_loss":0.0,"gold_gain":0.0,"event_name":"Mysterious Sphere","player_choice":"Fight","floor":36.0,"gold_loss":0.0,"damage_taken":0.0},{"damage_healed":0.0,"max_hp_gain":0.0,"max_hp_loss":0.0,"gold_gain":0.0,"event_name":"MindBloom","player_choice":"Fight","floor":39.0,"gold_loss":0.0,"damage_taken":0.0},{"damage_healed":19.0,"max_hp_gain":0.0,"max_hp_loss":0.0,"gold_gain":0.0,"event_name":"Winding Halls","player_choice":"Writhe","floor":45.0,"gold_loss":0.0,"damage_taken":0.0,"cards_obtained":["Writhe"]}],"is_beta":false,"boss_relics":[{"not_picked":["SlaversCollar","Replay:Drink Me"],"picked":"Calling Bell"},{"not_picked":["SacredBark","Pandora\u0027s Box"],"picked":"Honey Jar"}],"items_purged_floors":[0,38],"is_endless":false,"potions_floor_spawned":[1,2,5,7,10,12,14,16,18,19,20,22,24,29,30,31,33,35,36,39,41,46,48],"ascension_level":9}}