{"host":"edc6wmn2qug8wnvl","time":1611559563,"event":{"mods":["AchievementEnabler","BaseMod","Colored Map","Colored Powertips","Minty Spire (QoL Compilation)","StSLib"],"gold_per_floor":[115,41,41,61,74,105,105,131,131,27,0,18,18,35,35,139,139,155,115,43,55,6,6,20,20,44,44,55,55,3,0,0,103,103,117,0,0,19,19,19,30,30,30,42,42,92,42,42,42,42,42],"floor_reached":50,"language":"ENG","playtime":2543,"items_purged":[],"score":446,"play_id":"5dd6a4de-f790-4566-bcd3-7278db5b6e66","local_time":"20210124232603","is_ascension_mode":false,"campfire_choices":[{"floor":7,"key":"REST"},{"floor":13,"key":"REST"},{"data":"Seek","floor":15,"key":"SMITH"},{"floor":23,"key":"REST"},{"data":"Aggregate","floor":27,"key":"SMITH"},{"floor":29,"key":"REST"},{"data":"Double Energy","floor":32,"key":"SMITH"},{"data":"Buffer","floor":40,"key":"SMITH"},{"data":"Conserve Battery","floor":42,"key":"SMITH"},{"data":"Thunder Strike+1","floor":49,"key":"PURGE"}],"circlet_count":0,"master_deck":["Strike_B","Strike_B","Strike_B","Strike_B","Defend_B","Defend_B","Defend_B","Defend_B","Dualcast","Sunder+1","Ball Lightning","Leap","Seek+1","Redo","Aggregate+1","Hologram","Lockon+1","Defragment+1","Stack","Doom and Gloom+1","Conserve Battery+1","Double Energy+1","Skim","FTL","Buffer+1","Compile Driver+1","Skim","Skim","Conserve Battery","Go for the Eyes+1","Writhe"],"relics":["Cracked Core","NeowsBlessing","Centennial Puzzle","Gremlin Horn","Pen Nib","Astrolabe","Juzu Bracelet","Nuclear Battery","Red Mask","Kunai","Ornamental Fan","Peace Pipe"],"acts_visited":["Exordium","TheCity","TheBeyond"],"potions_floor_usage":[6,6,16,18,21,21,24,24,33,38,38,44,46,50,50],"damage_taken":[{"damage":0,"enemies":"Jaw Worm","floor":1,"turns":1},{"damage":0,"enemies":"Cultist","floor":4,"turns":1},{"damage":0,"enemies":"Small Slimes","floor":5,"turns":1},{"damage":21,"enemies":"3 Sentries","floor":6,"turns":6},{"damage":10,"enemies":"Gremlin Nob","floor":8,"turns":3},{"damage":6,"enemies":"Exordium Wildlife","floor":12,"turns":2},{"damage":6,"enemies":"Large Slime","floor":14,"turns":5},{"damage":39,"enemies":"The Guardian","floor":16,"turns":8},{"damage":10,"enemies":"Spheric Guardian","floor":18,"turns":3},{"damage":18,"enemies":"3 Byrds","floor":21,"turns":3},{"damage":3,"enemies":"3 Cultists","floor":24,"turns":3},{"damage":10,"enemies":"Cultist and Chosen","floor":28,"turns":3},{"damage":38,"enemies":"Automaton","floor":33,"turns":8},{"damage":9,"enemies":"Orb Walker","floor":35,"turns":3},{"damage":0,"enemies":"3 Darklings","floor":38,"turns":3},{"damage":0,"enemies":"Transient","floor":41,"turns":5},{"damage":0,"enemies":"4 Shapes","floor":44,"turns":2},{"damage":12,"enemies":"Mind Bloom Boss Battle","floor":46,"turns":7},{"damage":81,"enemies":"Donu and Deca","floor":50,"turns":8}],"seed_played":"-2835247124168118439","potions_obtained":[{"floor":1,"key":"EssenceOfSteel"},{"floor":14,"key":"FocusPotion"},{"floor":16,"key":"PowerPotion"},{"floor":19,"key":"SneckoOil"},{"floor":19,"key":"Weak Potion"},{"floor":19,"key":"DistilledChaos"},{"floor":21,"key":"SkillPotion"},{"floor":33,"key":"DuplicationPotion"},{"floor":35,"key":"LiquidBronze"},{"floor":41,"key":"Block Potion"},{"floor":44,"key":"Energy Potion"},{"floor":46,"key":"LiquidBronze"}],"is_trial":false,"path_per_floor":["M","$","?","M","M","E","R","E","T","$","?","M","R","M","R","B",null,"M","?","$","M","$","R","M","?","T","R","M","R","$","?","R","B",null,"M","?","T","M","$","R","M","R","T","M","?","?","$","?","R","B"],"character_chosen":"DEFECT","items_purchased":["LiquidMemories","Redo","Aggregate","DuplicationPotion","Conserve Battery","Swift Potion","Fire Potion"],"campfire_rested":4,"item_purchase_floors":[2,10,10,20,22,30,47],"current_hp_per_floor":[75,75,75,75,75,54,75,65,65,65,65,59,75,69,69,30,75,65,65,65,47,47,69,66,66,66,66,56,75,75,75,75,37,75,66,66,66,66,66,66,66,66,66,66,66,54,54,73,73,0,0],"gold":42,"neow_bonus":"THREE_ENEMY_KILL","is_daily":false,"chose_seed":false,"campfire_upgraded":5,"win_rate":0.0,"timestamp":1611559563,"path_taken":["M","$","?","M","M","E","R","E","T","$","?","M","R","M","R","BOSS","M","?","$","?","$","R","?","?","T","R","M","R","$","?","R","BOSS","M","?","?","M","$","R","M","R","T","M","?","?","?","?","R","BOSS"],"items_purchased_type":["Potion","Card","Card","Potion","Card","Potion","Potion"],"build_version":"2020-12-22","purchased_purges":0,"victory":false,"max_hp_per_floor":[75,75,75,75,75,75,75,75,75,75,75,75,75,75,75,75,75,75,75,75,75,75,75,75,75,75,75,75,75,75,75,75,75,75,75,75,75,75,75,75,75,75,75,75,75,75,75,75,75,75,75],"card_choices":[{"not_picked":["Steam Power","Hologram"],"picked":"Sunder","floor":1},{"not_picked":["Barrage","Cold Snap","Rebound"],"picked":"SKIP","floor":4},{"not_picked":["Turbo","Steam"],"picked":"Ball Lightning","floor":5},{"not_picked":["Chill","Darkness"],"picked":"Leap","floor":6},{"not_picked":["Stack","Beam Cell"],"picked":"Seek","floor":8},{"not_picked":["Coolheaded","Genetic Algorithm"],"picked":"Reprogram","floor":12},{"not_picked":["Redo","Rip and Tear"],"picked":"Hologram","floor":14},{"not_picked":["All For One","Creative AI"],"picked":"Fission","floor":16},{"not_picked":["Glacier+1","FTL"],"picked":"Stack","floor":18},{"not_picked":["Darkness","Barrage"],"picked":"Doom and Gloom+1","floor":21},{"not_picked":["Blizzard","Hologram"],"picked":"Double Energy","floor":24},{"not_picked":["Compile Driver","Conserve Battery"],"picked":"FTL","floor":28},{"not_picked":["Biased Cognition","Amplify"],"picked":"Buffer","floor":33},{"not_picked":["Rebound+1","Capacitor+1"],"picked":"Compile Driver+1","floor":35},{"not_picked":["Beam Cell+1","Hologram+1"],"picked":"Skim","floor":38},{"not_picked":["Gash+1","Streamline+1"],"picked":"Skim","floor":41},{"not_picked":["Redo+1","Beam Cell+1"],"picked":"Conserve Battery","floor":44},{"not_picked":["Hello World","Chaos"],"picked":"Go for the Eyes+1","floor":46}],"player_experience":26797,"relics_obtained":[{"floor":6,"key":"Centennial Puzzle"},{"floor":8,"key":"Gremlin Horn"},{"floor":9,"key":"Pen Nib"},{"floor":26,"key":"Juzu Bracelet"},{"floor":37,"key":"Kunai"},{"floor":43,"key":"Ornamental Fan"},{"floor":46,"key":"Peace Pipe"}],"event_choices":[{"damage_healed":0,"gold_gain":0,"player_choice":"Grow","damage_taken":0,"max_hp_gain":0,"max_hp_loss":0,"event_name":"Living Wall","floor":3,"gold_loss":0,"cards_upgraded":["Sunder"]},{"damage_healed":0,"gold_gain":0,"player_choice":"Left Gold","damage_taken":0,"max_hp_gain":0,"max_hp_loss":0,"event_name":"World of Goop","floor":11,"gold_loss":27},{"damage_healed":0,"gold_gain":0,"player_choice":"Bought 3 Potions","damage_taken":0,"max_hp_gain":0,"max_hp_loss":0,"event_name":"The Woman in Blue","floor":19,"gold_loss":0},{"damage_healed":0,"gold_gain":0,"player_choice":"Read","damage_taken":0,"max_hp_gain":0,"max_hp_loss":0,"event_name":"The Library","floor":25,"gold_loss":0,"cards_obtained":["Skim"]},{"damage_healed":0,"gold_gain":0,"player_choice":"Paid Fearfully","damage_taken":0,"max_hp_gain":0,"max_hp_loss":0,"event_name":"Masked Bandits","floor":31,"gold_loss":3},{"damage_healed":0,"gold_gain":0,"player_choice":"Paid","damage_taken":0,"relics_obtained":["Red Mask"],"max_hp_gain":0,"max_hp_loss":0,"event_name":"Tomb of Lord Red Mask","floor":36,"gold_loss":117},{"damage_healed":0,"gold_gain":0,"player_choice":"Ignored","damage_taken":0,"max_hp_gain":0,"max_hp_loss":0,"event_name":"Mysterious Sphere","floor":45,"gold_loss":0},{"damage_healed":0,"gold_gain":0,"player_choice":"Fight","damage_taken":0,"max_hp_gain":0,"max_hp_loss":0,"event_name":"MindBloom","floor":46,"gold_loss":0},{"damage_healed":19,"gold_gain":0,"player_choice":"Writhe","damage_taken":0,"max_hp_gain":0,"max_hp_loss":0,"event_name":"Winding Halls","floor":48,"gold_loss":0,"cards_obtained":["Writhe"]}],"is_beta":false,"boss_relics":[{"not_picked":["Fusion Hammer","Runic Dome"],"picked":"Astrolabe"},{"not_picked":["FrozenCore","Coffee Dripper"],"picked":"Nuclear Battery"}],"items_purged_floors":[],"is_endless":false,"potions_floor_spawned":[1,14,16,21,33,35,41,44,46],"killed_by":"Donu and Deca","ascension_level":0}}