{"host":"uvmuduost5bzvojs","time":1611600806,"event":{"mods":["Aspiration","Bard","BaseMod","Better Match","Block Reminder","Conspire","Hermit","Highlight Path","Hubris","Infinite Spire","Jorbs\u0027s Wanderer Trilogy","Mad Scientist","Marisa????????","Mimic Mod","Minty Spire (QoL Compilation)","Potionbrewer","Replay The Spire","Robot Space Explorer","StSLib","The Blackbeard","The Construct","The Cursed","The Disciple","The Hayseed","The Hierophant","The Juggle","The Jungle","The Poker Player","The Runesmith","The Servant 0.9.4","The Spell Scribe","The Valiant","TheBandit"],"gold_per_floor":[111,126,2,177,204,260,260,283,304,330,281,233,277,281,281,365,365,361,461,446,535,462,462,449,516,419,419],"floor_reached":26,"language":"ENG","playtime":1644,"items_purged":["Doubt","hierophant:Strike_Hierophant"],"score":320,"play_id":"9e2e708f-978b-4bea-a3d5-0ef03d80076c","local_time":"20210125135326","is_ascension_mode":false,"campfire_choices":[{"data":"hierophant:CursedGold","floor":7,"key":"SMITH"},{"floor":15,"key":"REST"},{"floor":23,"key":"REST"}],"circlet_count":0,"master_deck":["hierophant:Strike_Hierophant","hierophant:Strike_Hierophant","hierophant:Strike_Hierophant","hierophant:Punish","hierophant:Defend_Hierophant","hierophant:Defend_Hierophant","hierophant:Defend_Hierophant","hierophant:Defend_Hierophant","hierophant:ChurchCoffers","hierophant:FlamingChariot","hierophant:Doubloon","hierophant:CursedGold+1","hierophant:Glossolalia","hierophant:SecretStash","hierophant:Mercenaries","hierophant:Doubloon","hierophant:CoinFling","hierophant:Invocation","hierophant:OrnateBuckler","hierophant:Doubloon","hierophant:Remorse","hierophant:Doubloon","hierophant:CoinFling","hierophant:Doubloon","hierophant:Generosity","hierophant:Embezzle","hierophant:Doubloon","hierophant:RecallFunds","hierophant:Doubloon","hierophant:RecallFunds","hierophant:OrnateBuckler+1","hierophant:AuricBeam+1"],"relics":["hierophant:PropheticMaskRelic","NeowsBlessing","Replay:Wax Seal","Ancient Tea Set","construct:FoamFinger","Akabeko","hubris:SlimyHat","infinitespire:Midas Blood","Omamori","hubris:Backtick","Bottled Tornado","Replay:Wanted Poster","Prayer Wheel","Happy Flower"],"acts_visited":["Exordium","TheCity"],"potions_floor_usage":[8,8,13,18,21,22,26],"damage_taken":[{"damage":0,"enemies":"Jaw Worm","floor":1,"turns":1},{"damage":0,"enemies":"Cultist","floor":2,"turns":1},{"damage":0,"enemies":"3 Sentries","floor":6,"turns":2},{"damage":0,"enemies":"Small Slimes","floor":8,"turns":2},{"damage":4,"enemies":"Blue Slaver","floor":9,"turns":6},{"damage":16,"enemies":"Blue Slaver","floor":10,"turns":4},{"damage":0,"enemies":"Large Slime","floor":12,"turns":1},{"damage":33,"enemies":"Lagavulin","floor":13,"turns":6},{"damage":20,"enemies":"Slime Boss","floor":16,"turns":4},{"damage":32,"enemies":"conspire:FuzzyDice","floor":18,"turns":7},{"damage":0,"enemies":"Chosen","floor":20,"turns":3},{"damage":12,"enemies":"3 Cultists","floor":21,"turns":4},{"damage":23,"enemies":"conspire:MimicChest","floor":22,"turns":4},{"damage":7,"enemies":"Centurion and Healer","floor":24,"turns":8},{"damage":18,"enemies":"Snake Plant","floor":25,"turns":3},{"damage":8,"enemies":"Cultist and Chosen","floor":26,"turns":4}],"seed_played":"1771091446968634807","potions_obtained":[{"floor":1,"key":"ColorlessPotion"},{"floor":6,"key":"FearPotion"},{"floor":12,"key":"SkillPotion"},{"floor":13,"key":"Toxic Potion"},{"floor":20,"key":"Explosive Potion"},{"floor":21,"key":"potionbrewer:AcidPotion"},{"floor":25,"key":"conspire:TimeTravelPotion"}],"is_trial":false,"path_per_floor":["M","M","$","?","T","E","R","M","MIM","M","$","M","E","?","R","B",null,"M","AVR","M","M","?","R","M","M","MIM"],"character_chosen":"HIEROPHANT","items_purchased":["Replay:Wax Seal","hierophant:Glossolalia","hierophant:SecretStash","hubris:SlimyHat","hierophant:OrnateBuckler"],"campfire_rested":2,"item_purchase_floors":[3,3,3,11,11],"current_hp_per_floor":[75,75,75,75,75,75,75,75,71,55,55,55,22,15,37,17,75,43,43,43,31,8,30,23,5,0,0],"gold":419,"neow_bonus":"THREE_ENEMY_KILL","is_daily":false,"chose_seed":false,"campfire_upgraded":1,"win_rate":0.0,"timestamp":1611600806,"path_taken":["M","M","$","?","?","E","R","?","MIM","M","$","M","E","?","R","BOSS","M","AVR","M","M","?","R","M","M","MIM"],"items_purchased_type":["Relic","Card","Card","Relic","Card"],"build_version":"2020-12-22","purchased_purges":2,"victory":false,"max_hp_per_floor":[75,75,75,75,75,75,75,75,75,75,75,75,75,75,75,75,75,75,75,75,75,75,75,75,75,75,75],"card_choices":[{"not_picked":["hierophant:TollTheBells","hierophant:Rebuild"],"picked":"hierophant:FlamingChariot","floor":1},{"not_picked":["hierophant:PristineSoul","hierophant:CoinFling"],"picked":"hierophant:CursedGold","floor":2},{"not_picked":["hierophant:HammerAndAnvil","hierophant:Smite"],"picked":"hierophant:Mercenaries","floor":6},{"not_picked":["hierophant:Sermon","hierophant:OrnateJavelin","hierophant:Smite"],"picked":"SKIP","floor":8},{"not_picked":["hierophant:Doubloon","hierophant:Chorus"],"picked":"hierophant:CoinFling","floor":9},{"not_picked":["hierophant:PassingBell","hierophant:AuricBeam"],"picked":"hierophant:Invocation","floor":10},{"not_picked":["hierophant:Shelter","hierophant:HammerAndAnvil"],"picked":"hierophant:Remorse","floor":12},{"not_picked":["hierophant:Zeal","hierophant:Doubloon"],"picked":"hierophant:CoinFling","floor":13},{"not_picked":["hierophant:Determination","hierophant:AuricForm"],"picked":"hierophant:Generosity","floor":16},{"not_picked":["hierophant:Doomsaying+1","hierophant:Martyrdom","hierophant:FieryStrike+1"],"picked":"SKIP","floor":18},{"not_picked":["hierophant:PassingBell","hierophant:Martyrdom"],"picked":"hierophant:Embezzle","floor":20},{"not_picked":["hierophant:Glossolalia","hierophant:MorningPrayer"],"picked":"hierophant:RecallFunds","floor":20},{"not_picked":["hierophant:Encroach","hierophant:PassingBell"],"picked":"hierophant:RecallFunds","floor":21},{"not_picked":["hierophant:FlamingChariot+1","hierophant:PassingBell","hierophant:Blessing"],"picked":"SKIP","floor":21},{"not_picked":["hierophant:Refuge+1","hierophant:Purify+1"],"picked":"hierophant:OrnateBuckler+1","floor":22},{"not_picked":["hierophant:Repentance","hierophant:HammerAndAnvil","hierophant:Encroach"],"picked":"SKIP","floor":24},{"not_picked":["hierophant:MorningPrayer","hierophant:Smite","hierophant:HolyVerse"],"picked":"SKIP","floor":24},{"not_picked":["hierophant:Repentance","hierophant:HammerAndAnvil","hierophant:Encroach"],"picked":"SKIP","floor":24},{"not_picked":["hierophant:MorningPrayer","hierophant:Smite","hierophant:HolyVerse"],"picked":"SKIP","floor":24},{"not_picked":["hierophant:Doomsaying","hierophant:FlamingChariot"],"picked":"hierophant:AuricBeam+1","floor":25},{"not_picked":["hierophant:Endure","hierophant:Repentance+1","hierophant:PristineSoul"],"picked":"SKIP","floor":25}],"player_experience":1794729,"relics_obtained":[{"floor":5,"key":"Ancient Tea Set"},{"floor":6,"key":"construct:FoamFinger"},{"floor":9,"key":"Akabeko"},{"floor":13,"key":"infinitespire:Midas Blood"},{"floor":22,"key":"Happy Flower"}],"event_choices":[{"damage_healed":0,"gold_gain":175,"player_choice":"AGREE","damage_taken":0,"max_hp_gain":0,"max_hp_loss":0,"event_name":"Liars Game","floor":4,"gold_loss":0,"cards_obtained":["Doubt"]},{"damage_healed":0,"gold_gain":0,"player_choice":"Success","damage_taken":7,"relics_obtained":["Omamori"],"max_hp_gain":0,"max_hp_loss":0,"event_name":"Scrap Ooze","floor":14,"gold_loss":0}],"is_beta":false,"boss_relics":[{"not_picked":["Coffee Dripper","Honey Jar"],"picked":"hubris:Backtick"}],"items_purged_floors":[11,19],"is_endless":false,"potions_floor_spawned":[1,6,12,13,20,21,25],"killed_by":"Cultist and Chosen","ascension_level":0}}