{"host":"3j2m8n0ywf988fwb","time":1611564390,"event":{"mods":["2.2 Compatiblity","AchievementEnabler","Act Like it!","Aspiration","Astrologer","BaseMod","Beaked The Cultist","Better Altar","Better Match","Better Note","Better Sensory Stone","Better Skull","Better Third Choice","CCEM","ChefMod","Colored Map","Colored Powertips","Conspire","Dark Map","Energized Spire","Evolution","Fireblade Mod","GifTheSpireLib","Googly Eyes","Halation","Hallownest","Highlight Path","Hubris","Infinite Spire","Jedi Mod","Marisa????????","Marked Mod","Mimic Mod","Minty Spire (QoL Compilation)","Random Character Button","Relic Stats","Reliquary","Replay The Spire","Robot Space Explorer","Shop Mod","Somnambulant","Spire Arcade","StSLib","Stuff the Spire","The Bug Knight","The Hierophant","The Marked","The Runesmith","TheFirefly","Unceasing Turn Reminder","everything is the same but u backflip on backflip"],"gold_per_floor":[115,135,135,135,0,30,30,50,50,50,50],"floor_reached":10,"language":"ENG","playtime":448,"items_purged":[],"score":102,"play_id":"5920361a-373c-428f-8475-d9bf9d68595b","local_time":"20210125024630","is_ascension_mode":true,"campfire_choices":[],"circlet_count":0,"master_deck":["jedi:BurstLightning+1","Strike_B","Strike_B","Strike_B+1","Zap+1","Dualcast","Redo","BasicCrystalCard","Hallownest:skillSlugHide","Hallownest:skillSlugHide","Hallownest:skillSlugHide","Hallownest:skillSlugHide","Hallownest:skillSlugHide","StuffTheSpire:Plugnplay","Static Discharge"],"relics":["Cracked Core","EVO:Axolotl","halation:PinkSoulGem","Hallownest:BankAccountRelic","infinitespire:FocusingShard","reliquary:JackalopeAntler"],"acts_visited":["Exordium"],"potions_floor_usage":[],"damage_taken":[{"damage":1,"enemies":"Hallownest:2_Baldur","floor":1,"turns":3},{"damage":3,"enemies":"Hallownest:monsterHuskWarrior","floor":2,"turns":3},{"damage":53,"enemies":"Hallownest:eliteCrystalGuardian","floor":6,"turns":7},{"damage":0,"enemies":"2_ Uuma","floor":8,"turns":6},{"damage":22,"enemies":"Hallownest:eliteMossKnight","floor":10,"turns":10}],"seed_played":"-4395871112220908372","potions_obtained":[{"floor":1,"key":"DistilledChaos"}],"is_trial":false,"path_per_floor":["M","M","?","?","?","E","?","M","T","E"],"character_chosen":"DEFECT","items_purchased":[],"campfire_rested":0,"item_purchase_floors":[],"current_hp_per_floor":[74,71,71,71,71,18,18,18,18,0,0],"gold":50,"neow_bonus":"UPGRADE_CARD","is_daily":false,"chose_seed":false,"campfire_upgraded":0,"win_rate":0.0,"timestamp":1611564390,"path_taken":["M","M","?","?","?","E","?","?","T","E"],"items_purchased_type":[],"build_version":"2020-12-22","purchased_purges":0,"victory":false,"max_hp_per_floor":[75,75,75,75,75,75,75,75,75,75,75],"relic_stats":{"counters":[5,29],"obtain_stats":[{"reliquary:JackalopeAntler":9,"Hallownest:BankAccountRelic":5,"infinitespire:FocusingShard":6,"EVO:Axolotl":0,"Cracked Core":0,"halation:PinkSoulGem":4},{"reliquary:JackalopeAntler":4,"Hallownest:BankAccountRelic":2,"infinitespire:FocusingShard":3,"EVO:Axolotl":0,"Cracked Core":0,"halation:PinkSoulGem":2},{"reliquary:JackalopeAntler":19,"Hallownest:BankAccountRelic":6,"infinitespire:FocusingShard":13,"EVO:Axolotl":0,"Cracked Core":0,"halation:PinkSoulGem":6}]},"card_choices":[{"not_picked":["Compile Driver","Stack"],"picked":"Redo","floor":1},{"not_picked":["Force Field","Streamline"],"picked":"BasicCrystalCard","floor":2},{"not_picked":["Steam","jedi:sharpshooter"],"picked":"StuffTheSpire:Plugnplay","floor":6},{"not_picked":["StuffTheSpire:LoadUp","Force Field"],"picked":"Static Discharge","floor":8}],"player_experience":1096345,"relics_obtained":[{"floor":6,"key":"infinitespire:FocusingShard"},{"floor":9,"key":"reliquary:JackalopeAntler"}],"event_choices":[],"is_beta":false,"boss_relics":[],"items_purged_floors":[],"is_endless":false,"potions_floor_spawned":[1],"killed_by":"Hallownest:eliteMossKnight","ascension_level":4}}