{"host":"tj6tjcyqgbd0xj5u","time":1611543413,"event":{"mods":["Aspiration","BaseMod","Better Match","BetterRewards","Challenge The Spire","Conspire","Defuse TimeMaze Blight","Downfall","Energized Spire","Evolution","GifTheSpireLib","Halation","Hubris","Infinite Spire","Minty Spire (QoL Compilation)","Replay The Spire","Reworked Bosses","Spikes Relics","StS++","StSLib","Stuff the Spire"],"gold_per_floor":[115,115,125,143,162,162,187,187,239,239,73,87,106,125,125,223,223,233,42,42,42,42,42,54,54,80,93,93,108,108,143,143,240,240,252,177,177,370,382,413,413,444,518,518,324,343,372,382,382,382],"floor_reached":51,"language":"ENG","playtime":2412,"items_purged":["Amnesia","Neutralize"],"score":908,"play_id":"65b22a07-367d-4903-b87d-647f8a4d8d0c","local_time":"20210124225653","is_ascension_mode":true,"campfire_choices":[{"data":"StSpp:ChainedTrap","floor":6,"key":"SMITH"},{"data":"Dash","floor":10,"key":"SMITH"},{"floor":15,"key":"REST"},{"data":"ReplayTheSpireMod:Scrap Shanks","floor":23,"key":"SMITH"},{"data":"StSpp:TimeParadox","floor":25,"key":"SMITH"},{"floor":32,"key":"REST"},{"floor":41,"key":"REST"},{"data":"ReplayTheSpireMod:Scrap Shanks","floor":44,"key":"SMITH"},{"floor":49,"key":"REST"}],"circlet_count":0,"master_deck":["Strike_G+1","Strike_G+1","Strike_G+1","Strike_G+1","Strike_G+1","Defend_G+1","Defend_G+1","Defend_G+1","Defend_G+1","Defend_G+1","Survivor","StSpp:ChainedTrap+1","Poisoned Stab","Dash+1","Prepared","ReplayTheSpireMod:Scrap Shanks+1","Blade Dance","StuffTheSpire:BumpUp","Hidden Blade","StuffTheSpire:Injection","Burst","StuffTheSpire:BrimstoneBlast+1","Footwork","StSpp:TimeParadox+1","ReplayTheSpireMod:Scrap Shanks+1","StuffTheSpire:DoubleShiv","Finisher+1","Blade Dance+1","StuffTheSpire:DoubleShiv","Noxious Fumes","Mayhem","Distraction+1"],"relics":["Ring of the Snake","EVO:Axolotl","Orichalcum","halation:SelfBoilingWater","NlothsMask","Snecko Scales","hubris:EmptyBottle","aspiration:SneckoTail","Nilry\u0027s Codex","StuffTheSpire:GrapeVine","Bronze Scales","halation:EternalFortune","Vajra","Philosopher\u0027s Stone","Membership Card","conspire:Boomerang","Regal Pillow","hubris:BottledRain","halation:Jellyphish","StuffTheSpire:PointBlank"],"acts_visited":["Exordium","TheCity","TheBeyond"],"potions_floor_usage":[7,14,16,16,31,31,42,42,47,48,50,50],"damage_taken":[{"damage":8,"enemies":"2 Louse","floor":1,"turns":4},{"damage":0,"enemies":"Cultist","floor":3,"turns":3},{"damage":10,"enemies":"Jaw Worm","floor":4,"turns":4},{"damage":1,"enemies":"Looter","floor":5,"turns":4},{"damage":17,"enemies":"3 Sentries","floor":7,"turns":11},{"damage":0,"enemies":"Large Slime","floor":12,"turns":5},{"damage":5,"enemies":"3 Louse","floor":13,"turns":4},{"damage":0,"enemies":"2 Fungi Beasts","floor":14,"turns":3},{"damage":30,"enemies":"The Guardian","floor":16,"turns":7},{"damage":11,"enemies":"Shell Parasite","floor":18,"turns":3},{"damage":0,"enemies":"Spheric Guardian","floor":24,"turns":2},{"damage":6,"enemies":"Snecko","floor":27,"turns":3},{"damage":6,"enemies":"Cultist and Chosen","floor":29,"turns":3},{"damage":29,"enemies":"conspire:Head Lice","floor":31,"turns":4},{"damage":16,"enemies":"hubris:MusketHawk","floor":33,"turns":5},{"damage":0,"enemies":"Orb Walker","floor":35,"turns":2},{"damage":54,"enemies":"3 Shapes","floor":39,"turns":3},{"damage":24,"enemies":"R_Hoarder","floor":40,"turns":4},{"damage":10,"enemies":"Nemesis","floor":42,"turns":5},{"damage":0,"enemies":"3 Darklings","floor":46,"turns":2},{"damage":16,"enemies":"Reptomancer","floor":47,"turns":3},{"damage":0,"enemies":"Jaw Worm Horde","floor":48,"turns":1},{"damage":60,"enemies":"bossMod:newShapes","floor":50,"turns":6}],"seed_played":"3854909804931794769","potions_obtained":[{"floor":5,"key":"Adrenaline Potion"},{"floor":7,"key":"Swift Potion"},{"floor":13,"key":"Flashbang"},{"floor":14,"key":"infinitespire:BlackPotion"},{"floor":18,"key":"FairyPotion"},{"floor":24,"key":"PowerPotion"},{"floor":42,"key":"Fruit Juice"},{"floor":46,"key":"CunningPotion"},{"floor":47,"key":"Ancient Potion"}],"is_trial":false,"path_per_floor":["M","?","M","M","M","R","E","?","T","R","$","M","M","M","R","B",null,"M","$","?","?","AVR","R","M","R","T","M","?","M","?","E","R","B",null,"M","?","AVR","?","M","E","R","E","T","R","$","M","E","M","R","B",null],"character_chosen":"THE_SILENT","items_purchased":["ReplayTheSpireMod:Scrap Shanks","Blade Dance","StuffTheSpire:BumpUp","hubris:EmptyBottle","Footwork","halation:Jellyphish","Noxious Fumes","Mayhem"],"campfire_rested":4,"item_purchase_floors":[11,11,11,19,19,45,45,45],"current_hp_per_floor":[62,55,55,45,44,44,27,27,27,27,27,27,22,22,43,13,70,59,59,59,43,43,43,43,43,43,37,37,31,34,5,26,10,73,73,73,73,73,19,18,39,39,39,39,39,39,23,23,62,2],"gold":382,"neow_bonus":"RANDOM_EVENT","is_daily":false,"chose_seed":false,"campfire_upgraded":5,"win_rate":0.0,"timestamp":1611543413,"path_taken":["M","?","M","M","M","R","E","?","T","R","$","?","M","M","R","BOSS","M","$","?","?","AVR","R","M","R","T","M","?","M","?","E","R","BOSS","M","?","AVR","?","M","E","R","E","T","R","$","M","E","M","R","BOSS"],"items_purchased_type":["Card","Card","Card","Relic","Card","Relic","Card","Card"],"build_version":"2020-12-22","purchased_purges":2,"victory":true,"max_hp_per_floor":[70,70,70,70,70,70,70,70,70,70,70,70,70,70,70,70,70,70,70,70,70,70,70,70,70,70,70,70,70,73,73,73,73,73,73,73,73,73,73,73,73,83,83,83,83,83,83,83,83,83],"card_choices":[{"not_picked":["Deadly Poison","Caltrops"],"picked":"StSpp:ChainedTrap","floor":1},{"not_picked":["Cloak And Dagger","Bane"],"picked":"Poisoned Stab","floor":3},{"not_picked":["hubris:SlightOfHand","ReplayTheSpireMod:Exploit Weakness","Heel Hook"],"picked":"SKIP","floor":4},{"not_picked":["ShadowRift","StuffTheSpire:Repulse"],"picked":"Dash","floor":5},{"not_picked":["Dodge and Roll","StSpp:Dive"],"picked":"Prepared","floor":7},{"not_picked":["Underhanded Strike","Catalyst","A Thousand Cuts"],"picked":"SKIP","floor":12},{"not_picked":["Outmaneuver","StSpp:PoisonousPunch"],"picked":"Hidden Blade","floor":13},{"not_picked":["Backflip","Concentrate"],"picked":"StuffTheSpire:Injection","floor":14},{"not_picked":["Doppelganger","Envenom"],"picked":"Burst","floor":16},{"not_picked":["StuffTheSpire:Injection","StSpp:PoisonousPunch+1"],"picked":"StuffTheSpire:BrimstoneBlast+1","floor":18},{"not_picked":["PiercingWail","Sucker Punch"],"picked":"StSpp:TimeParadox","floor":24},{"not_picked":["Pace","Underhanded Strike","Dodge and Roll"],"picked":"SKIP","floor":27},{"not_picked":["ReplayTheSpireMod:Tripwire+1","StSpp:Landslide"],"picked":"ReplayTheSpireMod:Scrap Shanks","floor":29},{"not_picked":["StSpp:CorrosivePoison","Adrenaline"],"picked":"StuffTheSpire:DoubleShiv","floor":31},{"not_picked":["StuffTheSpire:Sprint+1","Atom Bomb"],"picked":"Finisher+1","floor":35},{"not_picked":["Pace","Bane+1"],"picked":"Blade Dance+1","floor":38},{"not_picked":["Storm of Steel","Endless Agony","Wraith Form v2"],"picked":"SKIP","floor":39},{"not_picked":["Expertise","All Out Attack+1","Leg Sweep"],"picked":"SKIP","floor":40},{"not_picked":["Draining Mist+1","Distraction"],"picked":"StuffTheSpire:DoubleShiv","floor":42},{"not_picked":["Riddle With Holes+1","ReplayTheSpireMod:Tripwire+1","StuffTheSpire:ReptileScales+1"],"picked":"SKIP","floor":46},{"not_picked":["StSpp:StrikeFirst","Leg Sweep+1"],"picked":"Distraction+1","floor":47},{"not_picked":["Sucker Punch+1","Bullet Time","StSpp:Throw"],"picked":"SKIP","floor":48}],"player_experience":99447,"relics_obtained":[{"floor":7,"key":"halation:SelfBoilingWater"},{"floor":21,"key":"Nilry\u0027s Codex"},{"floor":26,"key":"Bronze Scales"},{"floor":31,"key":"Vajra"},{"floor":40,"key":"conspire:Boomerang"},{"floor":42,"key":"Regal Pillow"},{"floor":43,"key":"hubris:BottledRain"},{"floor":47,"key":"StuffTheSpire:PointBlank"}],"event_choices":[{"damage_healed":0,"gold_gain":0,"player_choice":"Box","damage_taken":0,"relics_obtained":["Orichalcum"],"max_hp_gain":0,"max_hp_loss":0,"event_name":"Big Fish","floor":0,"gold_loss":0,"cards_obtained":["Regret"]},{"cards_removed":["Regret"],"damage_healed":0,"gold_gain":0,"player_choice":"Card Removal","damage_taken":7,"max_hp_gain":0,"max_hp_loss":0,"event_name":"Golden Wing","floor":2,"gold_loss":0},{"damage_healed":0,"gold_gain":0,"player_choice":"Trade","damage_taken":0,"relics_obtained":["NlothsMask"],"max_hp_gain":0,"max_hp_loss":0,"event_name":"FaceTrader","floor":8,"gold_loss":0},{"damage_healed":0,"gold_gain":0,"player_choice":"Obtained Book","damage_taken":16,"max_hp_gain":0,"max_hp_loss":0,"event_name":"Cursed Tome","floor":21,"gold_loss":0},{"damage_healed":0,"gold_gain":0,"player_choice":"Simplicity","damage_taken":0,"max_hp_gain":0,"max_hp_loss":0,"event_name":"Back to Basics","floor":28,"gold_loss":0,"cards_upgraded":["Strike_G","Strike_G","Strike_G","Strike_G","Strike_G","Defend_G","Defend_G","Defend_G","Defend_G","Defend_G"]},{"damage_healed":0,"gold_gain":0,"player_choice":"3","damage_taken":0,"max_hp_gain":0,"max_hp_loss":0,"event_name":"betterMatch:BetterMatch","floor":36,"gold_loss":0,"cards_obtained":[]}],"is_beta":false,"boss_relics":[{"not_picked":["ReplayTheSpireMod:DimensionalGlitch","aspiration:WatcherSkillbook"],"picked":"Snecko Scales"},{"not_picked":["aspiration:FutureDiary","Abe\u0027s Treasure"],"picked":"Philosopher\u0027s Stone"}],"items_purged_floors":[22,37],"is_endless":false,"potions_floor_spawned":[5,7,13,14,18,24,42,46,47],"ascension_level":2}}