{"host":"ELF","time":1611567697,"event":{"mods":["BaseMod","Bestiary","Minty Spire (QoL Compilation)","Relic Stats","Slay the Relics Exporter"],"gold_per_floor":[112,112,123,123,148,148,192,29,56,56,56,56,3,36,36,132,132,152,168,168,168,168,168],"floor_reached":22,"language":"ENG","playtime":699,"items_purged":[],"score":430,"play_id":"fa533579-2511-4119-a2a9-0ac1a2f8d2d1","local_time":"20210125034137","is_ascension_mode":true,"campfire_choices":[{"floor":6.0,"key":"REST"},{"floor":10.0,"key":"REST"},{"floor":12.0,"key":"REST"},{"data":"Neutralize","floor":15.0,"key":"SMITH"}],"circlet_count":0,"master_deck":["AscendersBane","Strike_G","Strike_G","Strike_G","Strike_G","Strike_G","Defend_G","Defend_G","Defend_G","Defend_G","Survivor","Neutralize+1","Backflip","Backstab","Injury","Riddle With Holes","Terror","Slice","Deadly Poison","Envenom","Leg Sweep","Ghostly","Ghostly","Ghostly"],"relics":["WristBlade","Golden Idol","Happy Flower","PreservedInsect","Blood Vial","Anchor","StrikeDummy","Philosopher\u0027s Stone"],"acts_visited":["Exordium","TheCity"],"potions_floor_usage":[22],"damage_taken":[{"damage":15.0,"enemies":"Small Slimes","floor":1.0,"turns":6.0},{"damage":0.0,"enemies":"Jaw Worm","floor":3.0,"turns":4.0},{"damage":3.0,"enemies":"Cultist","floor":5.0,"turns":4.0},{"damage":34.0,"enemies":"Lagavulin","floor":7.0,"turns":6.0},{"damage":0.0,"enemies":"Gremlin Nob","floor":14.0,"turns":2.0},{"damage":13.0,"enemies":"Slime Boss","floor":16.0,"turns":6.0},{"damage":19.0,"enemies":"Chosen","floor":18.0,"turns":4.0},{"damage":31.0,"enemies":"Spheric Guardian","floor":19.0,"turns":5.0},{"damage":28,"enemies":"Cultist and Chosen","floor":22,"turns":3}],"seed_played":"-436887544952664823","potions_obtained":[{"floor":3.0,"key":"SkillPotion"},{"floor":5.0,"key":"AttackPotion"},{"floor":7.0,"key":"AttackPotion"},{"floor":16.0,"key":"PowerPotion"},{"floor":19.0,"key":"BlessingOfTheForge"}],"is_trial":false,"path_per_floor":["M","?","M","?","M","R","E","$","T","R","?","R","$","E","R","B",null,"M","M","?","?","M"],"character_chosen":"THE_SILENT","items_purchased":["PreservedInsect","Slice"],"campfire_rested":3,"item_purchase_floors":[8,13],"current_hp_per_floor":[44,37,37,37,34,53,19,19,19,38,20,39,39,41,41,30,57,40,11,24,24,0,0],"gold":168,"neow_bonus":"BOSS_RELIC","is_daily":false,"chose_seed":false,"campfire_upgraded":1,"win_rate":0.0,"timestamp":1611567697,"path_taken":["M","?","M","?","M","R","E","$","T","R","?","R","?","E","R","BOSS","M","?","?","?","M"],"items_purchased_type":["Relic","Card"],"build_version":"2020-12-18","purchased_purges":0,"victory":false,"max_hp_per_floor":[66,66,66,66,66,66,66,66,66,66,66,66,66,66,66,66,66,66,66,66,33,33,33],"relic_stats":{"Blood Vial":10,"Happy Flower":[6],"counters":[9,40],"Golden Idol":47,"PreservedInsect":22,"obtain_stats":[{"Blood Vial":9,"Anchor":11,"WristBlade":0,"Happy Flower":7,"Golden Idol":4,"Philosopher\u0027s Stone":17,"PreservedInsect":8,"StrikeDummy":14,"Ring of the Snake":0},{"Blood Vial":4,"Anchor":4,"WristBlade":0,"Happy Flower":4,"Golden Idol":2,"Philosopher\u0027s Stone":6,"PreservedInsect":4,"StrikeDummy":5,"Ring of the Snake":0},{"Blood Vial":20,"Anchor":20,"WristBlade":0,"Happy Flower":20,"Golden Idol":10,"Philosopher\u0027s Stone":28,"PreservedInsect":20,"StrikeDummy":22,"Ring of the Snake":0}]},"card_choices":[{"not_picked":["Bane","Reflex"],"picked":"Backflip","floor":1.0},{"not_picked":["Catalyst","Reflex"],"picked":"Backstab","floor":3.0},{"not_picked":["Heel Hook","Tactician"],"picked":"Riddle With Holes","floor":5.0},{"not_picked":["Catalyst","Prepared"],"picked":"Terror","floor":7.0},{"not_picked":["Calculated Gamble","Unload"],"picked":"Deadly Poison","floor":14.0},{"not_picked":["Unload","Glass Knife"],"picked":"Envenom","floor":16.0},{"not_picked":["Sucker Punch","Prepared","Riddle With Holes"],"picked":"SKIP","floor":18.0},{"not_picked":["Catalyst","Heel Hook"],"picked":"Leg Sweep","floor":19.0}],"player_experience":3271939,"relics_obtained":[{"floor":7.0,"key":"Happy Flower"},{"floor":9.0,"key":"Blood Vial"},{"floor":14.0,"key":"StrikeDummy"}],"event_choices":[{"cards_removed":["Defend_G"],"damage_healed":0.0,"max_hp_gain":0.0,"max_hp_loss":0.0,"gold_gain":0.0,"event_name":"Golden Wing","player_choice":"Card Removal","floor":2.0,"gold_loss":0.0,"damage_taken":7.0},{"damage_healed":0.0,"max_hp_gain":0.0,"max_hp_loss":0.0,"gold_gain":0.0,"event_name":"Golden Idol","player_choice":"Take Wound","floor":4.0,"gold_loss":0.0,"damage_taken":0.0,"relics_obtained":["Golden Idol"],"cards_obtained":["Injury"]},{"damage_healed":0.0,"max_hp_gain":0.0,"max_hp_loss":0.0,"gold_gain":0.0,"event_name":"Scrap Ooze","player_choice":"Success","floor":11.0,"gold_loss":0.0,"damage_taken":18.0,"relics_obtained":["Anchor"]},{"damage_healed":13.0,"max_hp_gain":0.0,"max_hp_loss":0.0,"gold_gain":0.0,"event_name":"The Library","player_choice":"Heal","floor":20.0,"gold_loss":0.0,"damage_taken":0.0},{"damage_healed":0.0,"max_hp_gain":0.0,"max_hp_loss":33.0,"gold_gain":0.0,"event_name":"Ghosts","player_choice":"Became a Ghost","floor":21.0,"gold_loss":0.0,"damage_taken":0.0,"cards_obtained":["Ghostly","Ghostly","Ghostly"]}],"is_beta":true,"boss_relics":[{"not_picked":["HoveringKite","Ectoplasm"],"picked":"Philosopher\u0027s Stone"}],"items_purged_floors":[],"is_endless":false,"potions_floor_spawned":[3,5,7,16,19],"killed_by":"Cultist and Chosen","ascension_level":20}}