{"host":"zwuytn9vh5b8tdl7","time":1611614002,"event":{"mods":["AchievementEnabler","BaseMod","Colored Powertips","GifTheSpireLib","Minty Spire (QoL Compilation)","Rare Cards Sparkle","StSLib","The Animator"],"gold_per_floor":[123,123,298,60,75,122,25,25,25,40,70,29,29,76,76,199,199,219,219,237,237,16,22,22],"floor_reached":23,"language":"ENG","playtime":1680,"items_purged":["Regret"],"score":247,"play_id":"a6349fb3-0c3a-4b9c-8107-d1bbf80dde49","local_time":"20210125173322","is_ascension_mode":false,"campfire_choices":[{"floor":8,"key":"REST"},{"floor":13,"key":"REST"},{"floor":15,"key":"REST"}],"circlet_count":0,"master_deck":["animator:Strike_Konosuba","animator:Defend_Konosuba","animator:Strike","animator:Strike","animator:Strike","animator:Defend","animator:Defend","animator:Defend","animator:Kazuma","animator:Aqua","animator:HiiragiShinya","animator:Megumin+8","animator:Saitama","animator:Mitsurugi","animator:QuestionMark","animator:Darkness","animator:ElricAlphonse","animator:YunYun+1","animator:Chris+1","animator:Ainz","animator:Vesta","animator:Mitsurugi+1","animator:Sora"],"relics":["animator:LivingPicture","animator:TheMissingPiece","animator:PurgingStone","Happy Flower","Shuriken","animator:BattleDrones","Molten Egg 2","Meat on the Bone","FaceOfCleric","Nloth\u0027s Gift","Omamori"],"acts_visited":["Exordium","TheCity"],"potions_floor_usage":[6],"damage_taken":[{"damage":0,"enemies":"Small Slimes","floor":1,"turns":3},{"damage":9,"enemies":"Cultist","floor":5,"turns":6},{"damage":43,"enemies":"Lagavulin","floor":6,"turns":12},{"damage":5,"enemies":"2 Louse","floor":10,"turns":4},{"damage":18,"enemies":"Lots of Slimes","floor":11,"turns":4},{"damage":34,"enemies":"Gremlin Nob","floor":14,"turns":5},{"damage":0,"enemies":"Slime Boss","floor":16,"turns":11},{"damage":10,"enemies":"3 Byrds","floor":18,"turns":4},{"damage":26,"enemies":"2 Thieves","floor":20,"turns":3},{"damage":38,"enemies":"Gremlin Leader","floor":23,"turns":4}],"seed_played":"1158203390921233546","potions_obtained":[{"floor":1,"key":"SpeedPotion"},{"floor":5,"key":"Fire Potion"},{"floor":20,"key":"EssenceOfSteel"}],"is_trial":false,"path_per_floor":["M","?","?","$","M","E","$","R","T","M","M","$","R","E","R","B",null,"M","?","M","?","$","E"],"character_chosen":"THE_ANIMATOR","items_purchased":["animator:Megumin","animator:Saitama","animator:QuestionMark","animator:YunYun+1","Omamori","animator:Sora"],"campfire_rested":3,"item_purchase_floors":[4,4,7,12,22,22],"current_hp_per_floor":[66,66,66,66,57,16,16,35,35,33,17,17,37,5,25,39,67,59,59,36,36,36,0,0],"gold":22,"neow_bonus":"RANDOM_COMMON_RELIC","is_daily":false,"chose_seed":false,"campfire_upgraded":0,"win_rate":0.0,"timestamp":1611614002,"path_taken":["M","?","?","$","M","E","$","R","T","M","M","$","R","E","R","BOSS","M","?","?","?","$","E"],"items_purchased_type":["Card","Card","Card","Card","Relic","Card"],"build_version":"2020-12-22","purchased_purges":1,"victory":false,"max_hp_per_floor":[66,66,66,66,66,66,66,66,66,67,67,67,67,67,67,67,67,67,67,68,68,68,68,68],"card_choices":[{"not_picked":["animator:ChlammyZell","animator:MumenRider"],"picked":"animator:HiiragiShinya","floor":1},{"not_picked":["animator:Millim","animator:Tatsumaki"],"picked":"animator:Demiurge","floor":5},{"not_picked":["animator:NarberalGamma","animator:SakuraMatou"],"picked":"animator:Mitsurugi","floor":6},{"not_picked":["animator:Chris+1","animator:YunYun+1"],"picked":"animator:Darkness","floor":10},{"not_picked":["animator:Cocytus+1","animator:AcuraTooru+1"],"picked":"animator:ElricAlphonse","floor":11},{"not_picked":["animator:ElricAlphonse","animator:Illya"],"picked":"animator:Chris+1","floor":14},{"not_picked":["animator:Greed","animator:Boros"],"picked":"animator:Ainz","floor":16},{"not_picked":["animator:Shion+1","animator:Archer"],"picked":"animator:Vesta","floor":18},{"not_picked":["animator:Chris+1","animator:Verdia"],"picked":"animator:Mitsurugi+1","floor":20}],"player_experience":333209,"relics_obtained":[{"floor":6,"key":"animator:BattleDrones"},{"floor":9,"key":"Molten Egg 2"},{"floor":14,"key":"Meat on the Bone"}],"event_choices":[{"damage_healed":0,"gold_gain":0,"player_choice":"Box","damage_taken":0,"relics_obtained":["Shuriken"],"max_hp_gain":0,"max_hp_loss":0,"event_name":"Big Fish","floor":2,"gold_loss":0,"cards_obtained":["Regret"]},{"damage_healed":0,"gold_gain":175,"player_choice":"AGREE","damage_taken":0,"max_hp_gain":0,"max_hp_loss":0,"event_name":"Liars Game","floor":3,"gold_loss":0,"cards_obtained":["Doubt"]},{"damage_healed":0,"gold_gain":0,"player_choice":"Trade","damage_taken":0,"relics_obtained":["FaceOfCleric"],"max_hp_gain":0,"max_hp_loss":0,"event_name":"FaceTrader","floor":19,"gold_loss":0},{"damage_healed":0,"gold_gain":0,"player_choice":"Traded Relic","damage_taken":0,"relics_obtained":["Nloth\u0027s Gift"],"max_hp_gain":0,"max_hp_loss":0,"event_name":"N\u0027loth","floor":21,"relics_lost":["Empty Cage"],"gold_loss":0}],"is_beta":false,"boss_relics":[{"not_picked":["Ectoplasm","Velvet Choker"],"picked":"Empty Cage"}],"items_purged_floors":[4],"is_endless":false,"potions_floor_spawned":[1,5,20],"killed_by":"Gremlin Leader","ascension_level":0}}