{"host":"uvmuduost5bzvojs","time":1611597493,"event":{"mods":["Aspiration","Bard","BaseMod","Better Match","Block Reminder","Conspire","Hermit","Highlight Path","Hubris","Infinite Spire","Jorbs\u0027s Wanderer Trilogy","Mad Scientist","Marisa????????","Mimic Mod","Minty Spire (QoL Compilation)","Potionbrewer","Replay The Spire","Robot Space Explorer","StSLib","The Blackbeard","The Construct","The Cursed","The Disciple","The Hayseed","The Hierophant","The Juggle","The Jungle","The Poker Player","The Runesmith","The Servant 0.9.4","The Spell Scribe","The Valiant","TheBandit"],"gold_per_floor":[116,128,60,78,0,39,39,63,63,91,119,145,145,110,110,216,216,244,60,60,88,63,63,98,98,98,118,118,18,61,61,166,166,190,190,219,219,241,289,332,332,332,332,332,332],"floor_reached":50,"language":"ENG","playtime":4144,"items_purged":["TheCursedMod:Strike_TheCursed","TheCursedMod:Strike_TheCursed","TheCursedMod:Strike_TheCursed"],"score":511,"play_id":"eb6657ef-81ba-47f2-8fe8-185627e65309","local_time":"20210125125813","is_ascension_mode":false,"campfire_choices":[{"data":"TheCursedMod:HellsGateOpen","floor":7.0,"key":"SMITH"},{"data":"TheCursedMod:CircleOfCorruption","floor":13.0,"key":"SMITH"},{"data":"TheCursedMod:CircleOfCorruption","floor":15.0,"key":"SMITH"},{"data":"TheCursedMod:EmpowerCircles","floor":23.0,"key":"SMITH"},{"data":"TheCursedMod:CollectTribute","floor":27.0,"key":"SMITH"},{"data":"infinitespire:NeuralNetwork","floor":32.0,"key":"SMITH"},{"data":"TheCursedMod:CircleOfFocus","floor":40.0,"key":"SMITH"},{"data":"TheCursedMod:ManaCirculation","floor":45,"key":"SMITH"},{"floor":49,"key":"REST"}],"circlet_count":0,"master_deck":["TheCursedMod:Defend_TheCursed","TheCursedMod:Defend_TheCursed","TheCursedMod:Defend_TheCursed","TheCursedMod:Defend_TheCursed","TheCursedMod:CursedWand","TheCursedMod:CleanUpWorkshop","TheCursedMod:Dregs","TheCursedMod:CursedMace","TheCursedMod:WearCloak","TheCursedMod:HellsGateOpen+1","TheCursedMod:CursedSpellbook","TheCursedMod:SpitefulPlan","hubris:Greed","hubris:Greed","TheCursedMod:CircleOfCorruption+1","TheCursedMod:BlessingInDisguise","TheCursedMod:CircleOfCorruption+1","TheCursedMod:CollectTribute+1","TheCursedMod:SpitefulStrike+1","TheCursedMod:EmpowerCircles+1","TheCursedMod:CircleOfFlame+1","TheCursedMod:CircleOfWindfury+1","TheCursedMod:CircleOfFlame","TheCursedMod:CircleOfBlood+1","TheCursedMod:CircleOfAmplification+1","infinitespire:NeuralNetwork+1","TheCursedMod:SoulCrush","TheCursedMod:ParallelWorld","TheCursedMod:CircleOfFocus+1","TheCursedMod:EmpowerCircles+1","TheCursedMod:CircleOfFlame","TheCursedMod:Stretching","TheCursedMod:ManaCirculation+1","hubris:Greed"],"relics":["TheCursedMod:BlackMagic101","NeowsBlessing","hubris:Teleporter","infinitespire:EmpoweringShard","Honey Jar","infinitespire:Lucky Rock","TheCursedMod:CrystalBall","aspiration:RunicSpoon","Singing Bowl","Blue Candle","Sozu","Mango","Nunchaku"],"acts_visited":["Exordium","TheCity","TheBeyond"],"potions_floor_usage":[44,50,50,50],"damage_taken":[{"damage":0.0,"enemies":"Cultist","floor":1.0,"turns":1.0},{"damage":0.0,"enemies":"Jaw Worm","floor":2.0,"turns":1.0},{"damage":0.0,"enemies":"2 Louse","floor":4.0,"turns":1.0},{"damage":34.0,"enemies":"3 Sentries","floor":6.0,"turns":15.0},{"damage":7.0,"enemies":"2 Fungi Beasts","floor":8.0,"turns":3.0},{"damage":7.0,"enemies":"Looter","floor":10.0,"turns":3.0},{"damage":7.0,"enemies":"Blue Slaver","floor":11.0,"turns":4.0},{"damage":9.0,"enemies":"Gremlin Gang","floor":12.0,"turns":5.0},{"damage":22.0,"enemies":"Hexaghost","floor":16.0,"turns":10.0},{"damage":0.0,"enemies":"Spheric Guardian","floor":18.0,"turns":3.0},{"damage":14.0,"enemies":"Shell Parasite","floor":21.0,"turns":4.0},{"damage":13.0,"enemies":"Gremlin Leader","floor":24.0,"turns":4.0},{"damage":12.0,"enemies":"Cultist and Chosen","floor":28.0,"turns":3.0},{"damage":5.0,"enemies":"conspire:MimicChest","floor":31.0,"turns":4.0},{"damage":35.0,"enemies":"Automaton","floor":33.0,"turns":7.0},{"damage":0.0,"enemies":"3 Shapes","floor":35.0,"turns":2.0},{"damage":17.0,"enemies":"3 Darklings","floor":38.0,"turns":4.0},{"damage":5.0,"enemies":"Maw","floor":42.0,"turns":6.0},{"damage":14,"enemies":"4 Shapes","floor":43,"turns":6},{"damage":48,"enemies":"Nemesis","floor":44,"turns":5},{"damage":56,"enemies":"infinitespire:MassOfShapes","floor":50,"turns":7}],"seed_played":"-344280216732980249","potions_obtained":[{"floor":1.0,"key":"FearPotion"},{"floor":6.0,"key":"Strength Potion"},{"floor":16.0,"key":"Adrenaline Potion"},{"floor":18.0,"key":"Death Potion"},{"floor":24.0,"key":"potionbrewer:DiscountPotion"},{"floor":31.0,"key":"EntropicBrew"},{"floor":33.0,"key":"ColorlessPotion"}],"is_trial":false,"path_per_floor":["M","M","$","M","$","E","R","M","T","M","M","M","R","?","R","B",null,"M","$","?","M","$","R","E","T","R","M","AVR","$","?","R","B",null,"M","?","M","R","M","MIM","E","R","?","R","B"],"character_chosen":"THE_CURSED","items_purchased":["TheCursedMod:HellsGateOpen","TheCursedMod:SpitefulPlan","TheCursedMod:EmpowerCircles","TheCursedMod:CircleOfFlame+1","TheCursedMod:CircleOfFlame"],"campfire_rested":1,"item_purchase_floors":[3,5,19,19,22],"current_hp_per_floor":[75,75,75,75,75,41,41,34,34,27,20,11,11,29,29,7,75,75,75,75,61,61,61,48,48,48,44,44,44,47,47,12,75,75,75,58,58,71,77,29,29,29,56,0,0],"gold":332,"neow_bonus":"THREE_ENEMY_KILL","is_daily":false,"chose_seed":false,"campfire_upgraded":8,"win_rate":0.0,"timestamp":1611597493,"path_taken":["M","M","$","M","$","E","R","?","T","M","M","M","R","?","R","BOSS","M","$","?","M","$","R","E","T","R","?","AVR","?","?","R","BOSS","M","?","M","R","?","MIM","E","R","?","R","BOSS"],"items_purchased_type":["Card","Card","Card","Card","Card"],"build_version":"2020-12-22","purchased_purges":3,"victory":false,"max_hp_per_floor":[75,75,75,75,75,75,75,75,75,75,75,75,75,75,75,75,75,75,75,75,75,75,75,75,75,75,75,75,75,75,75,75,75,75,75,75,75,77,91,91,91,91,91,91,91],"card_choices":[{"not_picked":["TheCursedMod:SoulReap","TheCursedMod:SoulCrush"],"picked":"TheCursedMod:CursedMace","floor":1.0},{"not_picked":["TheCursedMod:Wield","TheCursedMod:PrepareRite"],"picked":"TheCursedMod:WearCloak","floor":2.0},{"not_picked":["TheCursedMod:CursedShiv","TheCursedMod:Hemoplague"],"picked":"TheCursedMod:CursedSpellbook","floor":4.0},{"not_picked":["TheCursedMod:WearCloak","TheCursedMod:VitalStrike","TheCursedMod:SmokeScreen"],"picked":"SKIP","floor":6.0},{"not_picked":["TheCursedMod:CursedShiv","TheCursedMod:HellsGateOpen"],"picked":"TheCursedMod:CircleOfCorruption","floor":8.0},{"not_picked":["TheCursedMod:Torture","TheCursedMod:Mangle"],"picked":"TheCursedMod:BlessingInDisguise","floor":10.0},{"not_picked":["TheCursedMod:Obscuration","TheCursedMod:Torture","TheCursedMod:Neurasthenia"],"picked":"SKIP","floor":11.0},{"not_picked":["TheCursedMod:WearCloak","TheCursedMod:SaltUponWound"],"picked":"TheCursedMod:CircleOfCorruption","floor":12.0},{"not_picked":["TheCursedMod:UltimatePain","TheCursedMod:OutForBlood"],"picked":"TheCursedMod:CollectTribute","floor":16.0},{"not_picked":["TheCursedMod:VitalStrike+1","TheCursedMod:BlessingInDisguise","TheCursedMod:FleshFromBone"],"picked":"TheCursedMod:SpitefulStrike+1","floor":18.0},{"not_picked":["TheCursedMod:CursedBlade+1","TheCursedMod:SoulReap+1","TheCursedMod:CursedShiv"],"picked":"TheCursedMod:CircleOfWindfury+1","floor":21.0},{"not_picked":["TheCursedMod:DoubleShield","TheCursedMod:Torture","TheCursedMod:CursedStaff"],"picked":"TheCursedMod:CircleOfBlood+1","floor":24.0},{"not_picked":["TheCursedMod:CursedMace","TheCursedMod:SpitefulStrike+1","TheCursedMod:StingEye"],"picked":"TheCursedMod:CircleOfAmplification+1","floor":28.0},{"not_picked":["TheCursedMod:SurpriseAttack+1","TheCursedMod:SmokeScreen","TheCursedMod:WearCloak"],"picked":"TheCursedMod:SoulCrush","floor":31.0},{"not_picked":["TheCursedMod:AntiAging","TheCursedMod:StunningStrike","TheCursedMod:NeowsMight"],"picked":"TheCursedMod:ParallelWorld","floor":33.0},{"not_picked":["TheCursedMod:SurpriseAttack","TheCursedMod:BlessingInDisguise","TheCursedMod:FuryStrike"],"picked":"TheCursedMod:CircleOfFocus","floor":35.0},{"not_picked":["TheCursedMod:Stigma","TheCursedMod:SpitefulPlan","TheCursedMod:Obscuration"],"picked":"TheCursedMod:CircleOfFlame","floor":38.0},{"not_picked":["TheCursedMod:SpitefulStrike","TheCursedMod:DoubleShield","TheCursedMod:VitalStrike+1","TheCursedMod:Obscuration"],"picked":"Singing Bowl","floor":42.0},{"not_picked":["TheCursedMod:CursedAmulet","TheCursedMod:SmokeScreen+1","TheCursedMod:Obscuration"],"picked":"TheCursedMod:Stretching","floor":43},{"not_picked":["TheCursedMod:FuryStrike","TheCursedMod:RavingStaff","TheCursedMod:SpitefulStrike+1"],"picked":"TheCursedMod:ManaCirculation","floor":44}],"player_experience":1789013,"relics_obtained":[{"floor":6.0,"key":"hubris:Teleporter"},{"floor":9.0,"key":"infinitespire:EmpoweringShard"},{"floor":24.0,"key":"infinitespire:Lucky Rock"},{"floor":26.0,"key":"TheCursedMod:CrystalBall"},{"floor":31.0,"key":"Blue Candle"},{"floor":43,"key":"Mango"},{"floor":44,"key":"Nunchaku"}],"event_choices":[{"damage_healed":18.0,"max_hp_gain":0.0,"max_hp_loss":0.0,"gold_gain":0.0,"event_name":"The Cleric","player_choice":"Healed","floor":14.0,"gold_loss":35.0,"damage_taken":0.0},{"damage_healed":0.0,"max_hp_gain":0.0,"max_hp_loss":0.0,"gold_gain":0.0,"event_name":"Duplicator","player_choice":"Copied","floor":36.0,"gold_loss":0.0,"damage_taken":0.0,"cards_obtained":["TheCursedMod:EmpowerCircles"]},{"cards_removed":["TheCursedMod:Strike_TheCursed"],"damage_healed":0,"gold_gain":0,"player_choice":"Offered Basic","damage_taken":0,"max_hp_gain":0,"max_hp_loss":0,"event_name":"Bonfire Elementals","floor":47,"gold_loss":0}],"is_beta":false,"boss_relics":[{"not_picked":["conspire:RoyalGoblet","aspiration:MobileForge"],"picked":"Honey Jar"},{"not_picked":["Snecko Eye","hubris:HollowSoul"],"picked":"Sozu"}],"items_purged_floors":[19,29,30],"is_endless":false,"potions_floor_spawned":[1,6,16,18,24,31,33,38,44],"killed_by":"infinitespire:MassOfShapes","ascension_level":0}}