{"host":"j4g6ia6asvpyu2b0","time":1611577573,"event":{"mods":["BaseMod","Colored Map","Minty Spire (QoL Compilation)","Permanent Neow","Quick Restart","Relic Stats","StSLib","Unceasing Turn Reminder"],"gold_per_floor":[119,136,152,172,186,186,219,219,269,9,9,18,61,88,88,173,173,196,196,205,229,229,229],"floor_reached":22,"language":"ENG","playtime":601,"items_purged":["Strike_B"],"score":378,"play_id":"9983a3b8-156f-4495-9311-de3682c59978","local_time":"20210125052613","is_ascension_mode":true,"campfire_choices":[{"floor":6.0,"key":"DIG"},{"floor":8.0,"key":"DIG"},{"floor":11.0,"key":"DIG"},{"floor":15.0,"key":"REST"}],"circlet_count":0,"master_deck":["AscendersBane","Strike_B","Strike_B","Strike_B","Defend_B","Defend_B","Defend_B","Defend_B","Zap","Dualcast","Compile Driver","Static Discharge","Buffer","Darkness","Hologram","Chill","Self Repair","Sunder","Pain","Barrage","Sweeping Beam","Fission","Consume+1","Capacitor"],"relics":["Cracked Core","Shovel","Bottled Tornado","Gremlin Horn","Boot","Potion Belt","Membership Card","CeramicFish","WarpedTongs","Oddly Smooth Stone","Runic Dome"],"acts_visited":["Exordium","TheCity"],"potions_floor_usage":[16,16],"damage_taken":[{"damage":2.0,"enemies":"Jaw Worm","floor":1.0,"turns":4.0},{"damage":0.0,"enemies":"Cultist","floor":2.0,"turns":3.0},{"damage":15.0,"enemies":"2 Louse","floor":3.0,"turns":3.0},{"damage":4.0,"enemies":"Large Slime","floor":4.0,"turns":6.0},{"damage":11.0,"enemies":"Blue Slaver","floor":5.0,"turns":3.0},{"damage":5.0,"enemies":"Lagavulin","floor":7.0,"turns":7.0},{"damage":7.0,"enemies":"Gremlin Nob","floor":13.0,"turns":3.0},{"damage":8.0,"enemies":"Looter","floor":14.0,"turns":3.0},{"damage":30,"enemies":"The Guardian","floor":16,"turns":10},{"damage":31,"enemies":"Chosen","floor":18,"turns":5},{"damage":17,"enemies":"Shell Parasite","floor":22,"turns":1}],"seed_played":"6377169677493339336","potions_obtained":[{"floor":3.0,"key":"Explosive Potion"},{"floor":4.0,"key":"Strength Potion"},{"floor":7.0,"key":"ColorlessPotion"},{"floor":13.0,"key":"SteroidPotion"}],"is_trial":false,"path_per_floor":["M","M","M","M","M","R","E","R","T","$","R","?","E","M","R","B",null,"M","?","?","T","M"],"character_chosen":"DEFECT","items_purchased":["Membership Card","Self Repair","Sunder"],"campfire_rested":1,"item_purchase_floors":[10,10,10],"current_hp_per_floor":[62,62,47,43,32,32,27,27,27,27,27,27,20,12,31,11,51,27,10,10,10,0,0],"gold":229,"neow_bonus":"ONE_RARE_RELIC","is_daily":false,"chose_seed":false,"campfire_upgraded":0,"win_rate":0.0,"timestamp":1611577573,"path_taken":["M","M","M","M","M","R","E","R","T","$","R","?","E","?","R","BOSS","M","?","?","?","M"],"items_purchased_type":["Relic","Card","Card"],"build_version":"2020-12-22","purchased_purges":1,"victory":false,"max_hp_per_floor":[64,64,64,64,64,64,64,64,64,64,64,64,64,64,64,64,64,64,69,69,69,69,69],"relic_stats":{"Shovel":3,"Gremlin Horn":[0,0],"counters":[11,48],"CeramicFish":54,"Boot":[6],"obtain_stats":[{"Potion Belt":9,"Runic Dome":17,"Shovel":0,"Gremlin Horn":7,"CeramicFish":11,"Oddly Smooth Stone":13,"Membership Card":10,"Bottled Tornado":6,"Cracked Core":0,"Boot":8,"WarpedTongs":12},{"Potion Belt":6,"Runic Dome":9,"Shovel":0,"Gremlin Horn":6,"CeramicFish":6,"Oddly Smooth Stone":7,"Membership Card":6,"Bottled Tornado":5,"Cracked Core":0,"Boot":6,"WarpedTongs":6},{"Potion Belt":26,"Runic Dome":42,"Shovel":0,"Gremlin Horn":26,"CeramicFish":26,"Oddly Smooth Stone":29,"Membership Card":26,"Bottled Tornado":19,"Cracked Core":0,"Boot":26,"WarpedTongs":26}],"WarpedTongs":[22]},"card_choices":[{"not_picked":["Coolheaded","Beam Cell"],"picked":"Compile Driver","floor":1.0},{"not_picked":["Cold Snap","Aggregate"],"picked":"Static Discharge","floor":2.0},{"not_picked":["Gash","Rebound"],"picked":"Buffer","floor":3.0},{"not_picked":["Leap","Beam Cell"],"picked":"Darkness","floor":4.0},{"not_picked":["Beam Cell","Steam"],"picked":"Hologram","floor":5.0},{"not_picked":["Rip and Tear","Sweeping Beam"],"picked":"Chill","floor":7.0},{"not_picked":["Turbo","Tempest"],"picked":"Barrage","floor":13.0},{"not_picked":["Skim","Rip and Tear"],"picked":"Sweeping Beam","floor":14.0},{"not_picked":["Multi-Cast","Rainbow"],"picked":"Fission","floor":16},{"not_picked":["Redo","Reinforced Body"],"picked":"Consume+1","floor":18}],"player_experience":1001156,"relics_obtained":[{"floor":6.0,"key":"Bottled Tornado"},{"floor":7.0,"key":"Gremlin Horn"},{"floor":8.0,"key":"Boot"},{"floor":9.0,"key":"Potion Belt"},{"floor":11.0,"key":"CeramicFish"},{"floor":13.0,"key":"Oddly Smooth Stone"}],"event_choices":[{"damage_healed":0.0,"max_hp_gain":0.0,"max_hp_loss":0.0,"gold_gain":0.0,"event_name":"Accursed Blacksmith","player_choice":"Rummage","floor":12.0,"gold_loss":0.0,"damage_taken":0.0,"relics_obtained":["WarpedTongs"],"cards_obtained":["Pain"]},{"damage_healed":0,"gold_gain":0,"player_choice":"Shed Blood","damage_taken":22,"max_hp_gain":5,"max_hp_loss":0,"event_name":"Forgotten Altar","floor":19,"gold_loss":0},{"damage_healed":0,"gold_gain":0,"player_choice":"Read","damage_taken":0,"max_hp_gain":0,"max_hp_loss":0,"event_name":"The Library","floor":20,"gold_loss":0,"cards_obtained":["Capacitor"]}],"is_beta":false,"boss_relics":[{"not_picked":["Sozu","FrozenCore"],"picked":"Runic Dome"}],"items_purged_floors":[10],"is_endless":false,"potions_floor_spawned":[3,4,5,7,13],"killed_by":"Shell Parasite","ascension_level":19}}