{"host":"8xqrs3rh9uxfv7nb","time":1611533430,"event":{"mods":["AchievementEnabler","BaseMod","Colored Powertips","KomeijiMod","Minty Spire (QoL Compilation)","Permanent Neow","StSLib"],"gold_per_floor":[117,134,149,162,162,162,194,194,194,194,206,232,63,78,78,183,183,166,43,43,63,75,75,107,107,160,160,160,178,203,203,203,308,308,325,168,20,40,55,90,90,117,140,154,186,186,203,215,215,215,215,215,215,249,249],"floor_reached":56,"language":"ENG","playtime":9844,"items_purged":[],"score":1562,"play_id":"556148fb-c6cb-47da-a6d7-8502dbd0ddd3","local_time":"20210125011030","is_ascension_mode":false,"campfire_choices":[{"data":"GasuOrimono","floor":6.0,"key":"SMITH"},{"floor":8.0,"key":"REST"},{"data":"LittleLegion","floor":15.0,"key":"SMITH"},{"floor":23.0,"key":"REST"},{"floor":25,"key":"RECALL"},{"floor":27,"key":"REST"},{"floor":32,"key":"REST"},{"floor":41,"key":"REST"},{"floor":46,"key":"REST"},{"floor":49,"key":"REST"},{"floor":52,"key":"REST"}],"circlet_count":0,"master_deck":["Defend_Komeiji","Defend_Komeiji","Defend_Komeiji+1","Defend_Komeiji","Dash_Komeiji+1","NingyouSousou+1","GasuOrimono+1","KeiseiJin+1","NingyouSousou+1","SeekerDolls+1","SemiAutomaton+1","JyouchiJin+1","SeekerWire+1","LittleLegion+1","CS_Reisen","LunaticRedEyes+1","NingyouSousou+1","SeekerWire+1","SeekerWire+1","SeekerWire+1","HagoromoMizu","SemiAutomaton+1","SeekerWire+1","HisouNoKen+1","SeekerWire+1"],"relics":["KomeijisEye","SpellCardsRule","MusicBox","Blood Vial","CrystalOfMemory","Frozen Egg 2","Strawberry","Lantern","Fusion Hammer","GoodDreamPillow","MutagenicStrength","Bottled Lightning","War Paint","Nloth\u0027s Gift","Sozu","Happy Flower","FamiliarSpoon","FamiliarSpoon","Smiling Mask","Orichalcum","Art of War"],"acts_visited":["Exordium","TheCity","TheBeyond","TheEnding"],"potions_floor_usage":[],"damage_taken":[{"damage":0.0,"enemies":"2 Louse","floor":1.0,"turns":19.0},{"damage":0.0,"enemies":"Small Slimes","floor":2.0,"turns":9.0},{"damage":14.0,"enemies":"Jaw Worm","floor":3.0,"turns":5.0},{"damage":0.0,"enemies":"2 Fungi Beasts","floor":4.0,"turns":6.0},{"damage":18.0,"enemies":"3 Sentries","floor":7.0,"turns":8.0},{"damage":7.0,"enemies":"Lots of Slimes","floor":11.0,"turns":4.0},{"damage":0.0,"enemies":"Lagavulin","floor":12.0,"turns":10.0},{"damage":8.0,"enemies":"Red Slaver","floor":14.0,"turns":5.0},{"damage":0.0,"enemies":"Slime Boss","floor":16.0,"turns":15.0},{"damage":14.0,"enemies":"2 Thieves","floor":18.0,"turns":5.0},{"damage":15.0,"enemies":"3 Byrds","floor":21.0,"turns":4.0},{"damage":0.0,"enemies":"Snecko","floor":22.0,"turns":9.0},{"damage":0.0,"enemies":"Book of Stabbing","floor":24.0,"turns":7.0},{"damage":7,"enemies":"Centurion and Healer","floor":29,"turns":7},{"damage":18,"enemies":"Gremlin Leader","floor":30,"turns":15},{"damage":0,"enemies":"Collector","floor":33,"turns":10},{"damage":0,"enemies":"3 Darklings","floor":35,"turns":14},{"damage":0,"enemies":"Orb Walker","floor":38,"turns":13},{"damage":0,"enemies":"Sphere and 2 Shapes","floor":39,"turns":7},{"damage":1,"enemies":"Nemesis","floor":40,"turns":9},{"damage":0,"enemies":"Reptomancer","floor":42,"turns":7},{"damage":1,"enemies":"4 Shapes","floor":44,"turns":5},{"damage":0,"enemies":"Nemesis","floor":45,"turns":13},{"damage":51,"enemies":"3 Darklings","floor":47,"turns":7},{"damage":0,"enemies":"Writhing Mass","floor":48,"turns":6},{"damage":0,"enemies":"Donu and Deca","floor":50,"turns":10},{"damage":10,"enemies":"Shield and Spear","floor":54,"turns":7},{"damage":35,"enemies":"The Heart","floor":55,"turns":10}],"seed_played":"4801315909010342463","potions_obtained":[{"floor":3.0,"key":"Dexterity Potion"},{"floor":7.0,"key":"Swift Potion"},{"floor":12.0,"key":"Explosive Potion"},{"floor":14.0,"key":"Regen Potion"},{"floor":21.0,"key":"GamblersBrew"},{"floor":29,"key":"ExcitationPotion"}],"is_trial":false,"path_per_floor":["M","M","M","M","?","R","E","R","T","?","M","E","$","M","R","B",null,"M","?","?","M","M","R","E","R","T","R","?","M","E","?","R","B",null,"M","$","$","M","M","E","R","E","T","M","E","R","M","M","R","B",null,"R","$","E","B",null],"character_chosen":"KomeijiSatori","items_purchased":["SeekerWire+1","Lantern","Happy Flower","Strange Spoon"],"campfire_rested":8,"item_purchase_floors":[13,13,36,37],"current_hp_per_floor":[50,50,36,41,41,41,25,40,40,40,35,44,44,38,38,55,57,46,46,46,33,35,52,54,54,54,57,48,43,62,62,62,62,62,62,62,62,62,62,62,62,62,62,61,62,62,41,62,62,62,62,62,62,62,27],"gold":249,"neow_bonus":"RANDOM_COMMON_RELIC","is_daily":false,"chose_seed":false,"campfire_upgraded":2,"win_rate":0.0,"timestamp":1611533430,"path_taken":["M","M","M","M","?","R","E","R","T","?","M","E","$","M","R","BOSS","M","?","?","M","M","R","E","R","T","R","?","M","E","?","R","BOSS","M","?","$","M","M","E","R","E","T","M","E","R","?","M","R","BOSS","R","$","E","BOSS"],"items_purchased_type":["Card","Relic","Relic","Relic"],"build_version":"2020-12-22","purchased_purges":0,"victory":true,"max_hp_per_floor":[50,50,50,50,50,50,50,50,50,50,50,57,57,57,57,57,57,57,57,57,57,57,57,57,57,57,57,62,62,62,62,62,62,62,62,62,62,62,62,62,62,62,62,62,62,62,62,62,62,62,62,62,62,62,62],"card_choices":[{"not_picked":["SelfTokamak","NingyouShinki+1"],"picked":"NingyouSousou+1","floor":1.0},{"not_picked":["NingyouChiyari+1","DemonLordCradle"],"picked":"GasuOrimono","floor":2.0},{"not_picked":["DemonLordCradle","KokorosuKi+1"],"picked":"KeiseiJin+1","floor":3.0},{"not_picked":["ShyakuBuku","NingyouOkisou+1"],"picked":"NingyouSousou+1","floor":4.0},{"not_picked":["RikonNoKama+1","Melting"],"picked":"SeekerDolls","floor":7.0},{"not_picked":["Melting","OoedoNingyou+1","NingyouOkisou+1"],"picked":"SemiAutomaton+1","floor":11.0},{"not_picked":["DemonLordCradle","OoedoNingyou+1","SeishiRoten+1"],"picked":"JyouchiJin+1","floor":12.0},{"not_picked":["MissingPower","OoedoNingyou+1","ShyakuBuku"],"picked":"LittleLegion","floor":14.0},{"not_picked":["HelanNingyou","LunaDial","MunenMusou+1"],"picked":"LunaticRedEyes+1","floor":16.0},{"not_picked":["KinbakuJin+1","JyouchiJin+1","HenyouMirume"],"picked":"NingyouSousou+1","floor":18.0},{"not_picked":["SuitokuNoKyoryu+1","KinbakuJin+1","NingyouShinki+1","Mishyaguji+1"],"picked":"SKIP","floor":21.0},{"not_picked":["SeekerDolls","LittleLegion","KeiseiJin+1"],"picked":"SeekerWire+1","floor":22.0},{"not_picked":["MusuNoYume","NingyouSousou+1","Agarareta+1"],"picked":"SeekerWire+1","floor":24.0},{"not_picked":["NingyouShinki+1","GroundStardust+1","SatsujinDooru+1"],"picked":"SeekerWire+1","floor":29},{"not_picked":["Sabishigari+1","FreezeTouchMe","MajikuruSanhai+1"],"picked":"HagoromoMizu","floor":30},{"not_picked":["TenguhouSokujitsuken+1","ShanghaiNingyou","HelanNingyou"],"picked":"SemiAutomaton+1","floor":33},{"not_picked":["GroundStardust+1","MusuNoYume+1","ShyakuBuku"],"picked":"SeekerWire+1","floor":35},{"not_picked":["Sabishigari+1","NingyouSP+1","MusuNoYume+1","KeiseiJin+1"],"picked":"SKIP","floor":38},{"not_picked":["HenyouMirume+1","JyouchiJin+1","SenseofElegance+1","EnMu+1"],"picked":"SKIP","floor":39},{"not_picked":["HelanNingyou","InscribeRedSoul","ShyakuBuku","NingyouChiyari+1"],"picked":"SKIP","floor":40},{"not_picked":["NingyouShinki+1","KinbakuJin+1","HagoromoMizu+1"],"picked":"HisouNoKen+1","floor":42},{"not_picked":["Melting","SeishiRoten+1","DochyakuKami+1"],"picked":"SeekerWire+1","floor":44},{"not_picked":["SeishiRoten+1","MusouMyousyu","HenyouMirume","KeiseiJin+1"],"picked":"SKIP","floor":45},{"not_picked":["MakuraSeki","KokorosuKi+1","SenseofElegance+1","SenyouGoraku+1"],"picked":"SKIP","floor":47},{"not_picked":["ShanghaiNingyou","DemonLordCradle+1","YoukiSo+1","TenguNoTaiko"],"picked":"SKIP","floor":48},{"not_picked":["SelfTokamak","RoshinSou+1","DochyakuKami+1","SenseofElegance+1"],"picked":"SKIP","floor":54}],"player_experience":141960,"relics_obtained":[{"floor":7.0,"key":"Darkstone Periapt"},{"floor":7.0,"key":"CrystalOfMemory"},{"floor":9.0,"key":"Frozen Egg 2"},{"floor":12.0,"key":"Strawberry"},{"floor":24.0,"key":"Bottled Lightning"},{"floor":30,"key":"War Paint"},{"floor":40,"key":"Smiling Mask"},{"floor":43,"key":"Orichalcum"},{"floor":54,"key":"Art of War"}],"event_choices":[{"damage_healed":0.0,"max_hp_gain":0.0,"max_hp_loss":0.0,"gold_gain":0.0,"event_name":"Liars Game","player_choice":"Ignored","floor":5.0,"gold_loss":0.0,"damage_taken":0.0},{"damage_healed":0.0,"max_hp_gain":0.0,"max_hp_loss":0.0,"gold_gain":0.0,"event_name":"Living Wall","player_choice":"Grow","floor":10.0,"gold_loss":0.0,"damage_taken":0.0,"cards_upgraded":["Dash_Komeiji"]},{"damage_healed":0.0,"max_hp_gain":0.0,"max_hp_loss":0.0,"gold_gain":0.0,"event_name":"Drug Dealer","player_choice":"Inject Mutagens","floor":20.0,"gold_loss":0.0,"damage_taken":0.0,"relics_obtained":["MutagenicStrength"]},{"damage_healed":0,"gold_gain":0,"player_choice":"Shed Blood","damage_taken":14,"max_hp_gain":5,"max_hp_loss":0,"event_name":"Forgotten Altar","floor":28,"gold_loss":0},{"damage_healed":0,"gold_gain":0,"player_choice":"Traded Relic","damage_taken":0,"relics_obtained":["Nloth\u0027s Gift"],"max_hp_gain":0,"max_hp_loss":0,"event_name":"N\u0027loth","floor":31,"relics_lost":["Darkstone Periapt"],"gold_loss":0}],"is_beta":false,"boss_relics":[{"not_picked":["Ectoplasm","SacredBark"],"picked":"Fusion Hammer"},{"not_picked":["Black Star","Snecko Eye"],"picked":"Sozu"}],"items_purged_floors":[],"is_endless":false,"potions_floor_spawned":[3,7,12,14,21,22,29,35,40,42,44,54],"ascension_level":0}}