{"host":"swphzoo6hmc78epl","time":1611538692,"event":{"mods":["BaseMod","Highlight Path","Minty Spire (QoL Compilation)","Quick Restart"],"gold_per_floor":[109,122,133,151,166,166,179,199,223,256,286,304,314,327,327,431,431,446,456,472,54,54,87,104,104,104,120,137,137,137],"floor_reached":29,"language":"ENG","playtime":1483,"items_purged":["Strike_G"],"score":308,"play_id":"7442c843-2d36-4119-8ffa-6c767804875f","local_time":"20210124203812","is_ascension_mode":true,"campfire_choices":[{"data":"All Out Attack","floor":6,"key":"SMITH"},{"data":"Cloak And Dagger","floor":15,"key":"SMITH"},{"floor":25,"key":"REST"}],"circlet_count":0,"master_deck":["Strike_G","Strike_G","Strike_G","Strike_G","Defend_G","Defend_G","Defend_G","Defend_G","Defend_G","Survivor","Neutralize","Dagger Spray","Caltrops","Dash","All Out Attack+1","Cloak And Dagger+1","Dodge and Roll","Endless Agony","Blur","Backstab","Accuracy","Burst","Blade Dance+1","Slice","Distraction+1","Dramatic Entrance","A Thousand Cuts","Discovery","Wraith Form v2","Dodge and Roll+1","Infinite Blades"],"relics":["WristBlade","Pen Nib","Anchor","Odd Mushroom","Black Star","Matryoshka","Calipers","Dream Catcher","Akabeko","Eternal Feather"],"acts_visited":["Exordium","TheCity"],"potions_floor_usage":[5,10,10,13,16,20,24,29],"damage_taken":[{"damage":0,"enemies":"Cultist","floor":1,"turns":5},{"damage":3,"enemies":"Small Slimes","floor":2,"turns":3},{"damage":4,"enemies":"2 Louse","floor":3,"turns":3},{"damage":5,"enemies":"Large Slime","floor":4,"turns":8},{"damage":16,"enemies":"Exordium Thugs","floor":5,"turns":5},{"damage":0,"enemies":"2 Fungi Beasts","floor":7,"turns":2},{"damage":0,"enemies":"Exordium Wildlife","floor":8,"turns":3},{"damage":15,"enemies":"3 Sentries","floor":10,"turns":5},{"damage":0,"enemies":"The Mushroom Lair","floor":11,"turns":2},{"damage":0,"enemies":"Lots of Slimes","floor":12,"turns":2},{"damage":4,"enemies":"Exordium Thugs","floor":13,"turns":4},{"damage":0,"enemies":"Gremlin Gang","floor":14,"turns":3},{"damage":13,"enemies":"The Guardian","floor":16,"turns":12},{"damage":0,"enemies":"3 Byrds","floor":18,"turns":3},{"damage":3,"enemies":"2 Thieves","floor":19,"turns":4},{"damage":4,"enemies":"3 Cultists","floor":20,"turns":3},{"damage":20,"enemies":"Gremlin Leader","floor":23,"turns":6},{"damage":16,"enemies":"Centurion and Healer","floor":24,"turns":2},{"damage":16,"enemies":"Shelled Parasite and Fungi","floor":27,"turns":4},{"damage":29,"enemies":"Snake Plant","floor":28,"turns":4},{"damage":14,"enemies":"Slavers","floor":29,"turns":1}],"seed_played":"3509264843612355239","potions_obtained":[{"floor":3,"key":"DistilledChaos"},{"floor":5,"key":"Explosive Potion"},{"floor":8,"key":"PowerPotion"},{"floor":10,"key":"Explosive Potion"},{"floor":11,"key":"SteroidPotion"},{"floor":13,"key":"EssenceOfSteel"},{"floor":14,"key":"Fire Potion"},{"floor":18,"key":"Poison Potion"},{"floor":19,"key":"LiquidBronze"},{"floor":23,"key":"DuplicationPotion"}],"is_trial":false,"path_per_floor":["M","M","M","M","M","R","M","M","T","E","?","M","M","M","R","B",null,"M","M","M","$","?","E","M","R","T","M","M","E"],"character_chosen":"THE_SILENT","items_purchased":["Dramatic Entrance","Matryoshka"],"campfire_rested":1,"item_purchase_floors":[21,21],"current_hp_per_floor":[70,67,63,58,42,42,42,42,42,27,27,27,23,23,23,10,70,70,67,63,63,63,43,27,48,48,32,3,0,0],"gold":137,"neow_bonus":"BOSS_RELIC","is_daily":false,"chose_seed":false,"campfire_upgraded":2,"win_rate":0.0,"timestamp":1611538692,"path_taken":["M","M","M","M","M","R","M","?","T","E","?","M","M","M","R","BOSS","M","M","M","$","?","E","M","R","T","?","?","E"],"items_purchased_type":["Card","Relic"],"build_version":"2020-12-22","purchased_purges":1,"victory":false,"max_hp_per_floor":[70,70,70,70,70,70,70,70,70,70,70,70,70,70,70,70,70,70,70,70,70,70,70,70,70,70,70,70,70,70],"card_choices":[{"not_picked":["Dodge and Roll","Quick Slash"],"picked":"Dagger Spray","floor":1},{"not_picked":["PiercingWail","Underhanded Strike"],"picked":"Caltrops","floor":2},{"not_picked":["PiercingWail","All Out Attack"],"picked":"Dash","floor":3},{"not_picked":["Tactician","Outmaneuver","Riddle With Holes"],"picked":"SKIP","floor":4},{"not_picked":["Sucker Punch","Deflect"],"picked":"All Out Attack","floor":5},{"not_picked":["Deadly Poison","Finisher"],"picked":"Cloak And Dagger","floor":7},{"not_picked":["Noxious Fumes","Eviscerate"],"picked":"Dodge and Roll","floor":8},{"not_picked":["Crippling Poison","PiercingWail","Calculated Gamble"],"picked":"SKIP","floor":10},{"not_picked":["Deflect","Dagger Throw"],"picked":"Endless Agony","floor":11},{"not_picked":["Acrobatics","Setup"],"picked":"Blur","floor":12},{"not_picked":["Dagger Spray","Endless Agony"],"picked":"Backstab","floor":13},{"not_picked":["Backflip","Outmaneuver"],"picked":"Accuracy","floor":14},{"not_picked":["Unload","Tools of the Trade"],"picked":"Burst","floor":16},{"not_picked":["Dagger Spray","Outmaneuver"],"picked":"Blade Dance+1","floor":18},{"not_picked":["Poisoned Stab","Finisher+1"],"picked":"Slice","floor":19},{"not_picked":["Masterful Stab","Quick Slash"],"picked":"Distraction+1","floor":20},{"not_picked":["Heel Hook+1","Poisoned Stab"],"picked":"Wraith Form v2","floor":23},{"not_picked":["Acrobatics","Deflect","Bouncing Flask+1"],"picked":"SKIP","floor":24},{"not_picked":["Slice","Dagger Throw+1"],"picked":"Dodge and Roll+1","floor":27},{"not_picked":["Dagger Spray+1","Escape Plan+1"],"picked":"Infinite Blades","floor":28}],"player_experience":836430,"relics_obtained":[{"floor":9,"key":"Pen Nib"},{"floor":10,"key":"Anchor"},{"floor":11,"key":"Odd Mushroom"},{"floor":23,"key":"Calipers"},{"floor":23,"key":"Dream Catcher"},{"floor":26,"key":"Akabeko"},{"floor":26,"key":"Eternal Feather"}],"event_choices":[{"damage_healed":0,"gold_gain":0,"player_choice":"Fought Mushrooms","damage_taken":0,"max_hp_gain":0,"max_hp_loss":0,"event_name":"Mushrooms","floor":11,"gold_loss":0},{"damage_healed":0,"gold_gain":0,"player_choice":"2 cards matched","damage_taken":0,"max_hp_gain":0,"max_hp_loss":0,"event_name":"Match and Keep!","floor":22,"gold_loss":0,"cards_obtained":["A Thousand Cuts","Discovery"]}],"is_beta":false,"boss_relics":[{"not_picked":["Tiny House","Busted Crown"],"picked":"Black Star"}],"items_purged_floors":[21],"is_endless":false,"potions_floor_spawned":[3,5,8,10,11,13,14,18,19,23],"killed_by":"Slavers","ascension_level":4}}