{"host":"70zhvo5nwrhp1mbg","time":1611617861,"event":{"mods":["BaseMod","Colored Map","Colored Powertips","Filter the Spire","Highlight Path","Minty Spire (QoL Compilation)","Rare Cards Sparkle","StSLib"],"gold_per_floor":[113,213,227,244,255,282,59,59,128,159,224,224,224,242,242,345,345,360,460,71,89,102,133,133,158,158,158,158,174,189,206,206,206,206],"floor_reached":33,"language":"ENG","playtime":3227,"items_purged":["Strike_R","Strike_R"],"score":426,"play_id":"b2534cfb-4629-4e72-9419-47d28d6dc4ee","local_time":"20210125183741","is_ascension_mode":true,"campfire_choices":[{"data":"Armaments","floor":8,"key":"SMITH"},{"data":"Clothesline","floor":12,"key":"SMITH"},{"data":"Cleave","floor":15,"key":"SMITH"},{"floor":24,"key":"REST"},{"floor":28,"key":"REST"},{"floor":32,"key":"REST"}],"circlet_count":0,"master_deck":["Strike_R","Strike_R","Defend_R","Defend_R+1","Defend_R","Defend_R","Bash","Clothesline+1","Searing Blow","Ghostly Armor+1","Armaments+1","Cleave+1","Spot Weakness","Juggernaut+1","Anger+1","Inflame+1","Havoc","Rampage","Heavy Blade","True Grit","Shockwave","Armaments+1"],"relics":["Burning Blood","FossilizedHelix","Lee\u0027s Waffle","Frozen Egg 2","Vajra","War Paint","Runic Pyramid","Happy Flower","Bag of Preparation","Torii","Eternal Feather"],"acts_visited":["Exordium","TheCity"],"potions_floor_usage":[4,6,14,22,23,23,25,29,31],"damage_taken":[{"damage":7,"enemies":"Small Slimes","floor":1,"turns":3},{"damage":11,"enemies":"Cultist","floor":3,"turns":4},{"damage":17,"enemies":"2 Louse","floor":4,"turns":3},{"damage":11,"enemies":"Looter","floor":5,"turns":3},{"damage":35,"enemies":"3 Sentries","floor":6,"turns":12},{"damage":14,"enemies":"Gremlin Nob","floor":10,"turns":5},{"damage":35,"enemies":"Lagavulin Event","floor":11,"turns":6},{"damage":0,"enemies":"Gremlin Gang","floor":14,"turns":3},{"damage":18,"enemies":"Slime Boss","floor":16,"turns":11},{"damage":20,"enemies":"Spheric Guardian","floor":18,"turns":6},{"damage":1,"enemies":"Shell Parasite","floor":21,"turns":5},{"damage":11,"enemies":"Sentry and Sphere","floor":22,"turns":5},{"damage":43,"enemies":"Slavers","floor":23,"turns":5},{"damage":35,"enemies":"Book of Stabbing","floor":25,"turns":6},{"damage":10,"enemies":"Shelled Parasite and Fungi","floor":29,"turns":4},{"damage":42,"enemies":"Chosen and Byrds","floor":30,"turns":7},{"damage":6,"enemies":"Centurion and Healer","floor":31,"turns":6},{"damage":79,"enemies":"Automaton","floor":33,"turns":6}],"seed_played":"-8794389681576688893","potions_obtained":[{"floor":1,"key":"Fire Potion"},{"floor":3,"key":"BloodPotion"},{"floor":5,"key":"SteroidPotion"},{"floor":11,"key":"GamblersBrew"},{"floor":23,"key":"Dexterity Potion"},{"floor":25,"key":"SneckoOil"},{"floor":30,"key":"HeartOfIron"}],"is_trial":false,"path_per_floor":["M","?","M","M","M","E","$","R","T","E","?","R","?","M","R","B",null,"M","?","$","M","M","E","R","E","T","?","R","M","M","M","R","B"],"character_chosen":"IRONCLAD","items_purchased":["Lee\u0027s Waffle","Happy Flower","Inflame+1","Dexterity Potion","AttackPotion"],"campfire_rested":3,"item_purchase_floors":[7,20,20,20,20],"current_hp_per_floor":[79,79,74,80,75,46,95,95,95,87,58,58,58,64,64,52,84,70,70,70,75,70,33,61,32,32,32,69,65,29,29,69,0,0],"gold":206,"neow_bonus":"TEN_PERCENT_HP_BONUS","is_daily":false,"chose_seed":false,"campfire_upgraded":3,"win_rate":0.0,"timestamp":1611617861,"path_taken":["M","?","M","M","?","E","$","R","T","E","?","R","?","M","R","BOSS","M","?","$","?","M","E","R","E","T","?","R","M","M","M","R","BOSS"],"items_purchased_type":["Relic","Relic","Card","Potion","Potion"],"build_version":"2020-12-22","purchased_purges":2,"victory":false,"max_hp_per_floor":[88,88,88,88,88,88,95,95,95,95,95,95,95,95,95,95,95,95,95,95,95,95,95,95,95,95,95,95,95,95,95,95,95,95],"card_choices":[{"not_picked":["Fire Breathing","Flex","Body Slam"],"picked":"SKIP","floor":1},{"not_picked":["Clash","True Grit"],"picked":"Clothesline","floor":3},{"not_picked":["True Grit","Fire Breathing"],"picked":"Searing Blow","floor":4},{"not_picked":["Twin Strike","Pommel Strike"],"picked":"Ghostly Armor","floor":5},{"not_picked":["Perfected Strike","Blood for Blood"],"picked":"Armaments","floor":6},{"not_picked":["Sentinel","Reckless Charge","Rage"],"picked":"SKIP","floor":10},{"not_picked":["Flex","Twin Strike"],"picked":"Cleave","floor":11},{"not_picked":["Headbutt","Reckless Charge"],"picked":"Spot Weakness","floor":14},{"not_picked":["Limit Break","Exhume"],"picked":"Juggernaut+1","floor":16},{"not_picked":["Heavy Blade","Intimidate"],"picked":"Anger+1","floor":18},{"not_picked":["Pommel Strike","Infernal Blade","Armaments"],"picked":"SKIP","floor":21},{"not_picked":["Wild Strike+1","Evolve+1"],"picked":"Havoc","floor":22},{"not_picked":["Spot Weakness+1","Headbutt"],"picked":"Rampage","floor":23},{"not_picked":["Anger","Body Slam"],"picked":"Heavy Blade","floor":25},{"not_picked":["Entrench","Ghostly Armor"],"picked":"True Grit","floor":29},{"not_picked":["Entrench+1","Metallicize+1"],"picked":"Shockwave","floor":30},{"not_picked":["Wild Strike+1","Sever Soul"],"picked":"Armaments+1","floor":31}],"player_experience":486133,"relics_obtained":[{"floor":6,"key":"FossilizedHelix"},{"floor":9,"key":"Frozen Egg 2"},{"floor":10,"key":"Vajra"},{"floor":11,"key":"War Paint"},{"floor":23,"key":"Bag of Preparation"},{"floor":25,"key":"Torii"},{"floor":26,"key":"Eternal Feather"}],"event_choices":[{"damage_healed":0,"gold_gain":100,"player_choice":"Pray","damage_taken":0,"max_hp_gain":0,"max_hp_loss":0,"event_name":"Golden Shrine","floor":2,"gold_loss":0},{"damage_healed":0,"gold_gain":30,"player_choice":"Searched \u00272\u0027 times","damage_taken":0,"max_hp_gain":0,"max_hp_loss":0,"event_name":"Dead Adventurer","floor":11,"gold_loss":0},{"damage_healed":0,"gold_gain":0,"player_choice":"Ignored","damage_taken":0,"max_hp_gain":0,"max_hp_loss":0,"event_name":"Liars Game","floor":13,"gold_loss":0},{"damage_healed":0,"gold_gain":100,"player_choice":"Pray","damage_taken":0,"max_hp_gain":0,"max_hp_loss":0,"event_name":"Golden Shrine","floor":19,"gold_loss":0},{"cards_removed":["Strike_R"],"damage_healed":0,"gold_gain":0,"player_choice":"Purged","damage_taken":0,"max_hp_gain":0,"max_hp_loss":0,"event_name":"Purifier","floor":27,"gold_loss":0}],"is_beta":false,"boss_relics":[{"not_picked":["Calling Bell","SlaversCollar"],"picked":"Runic Pyramid"}],"items_purged_floors":[7,20],"is_endless":false,"potions_floor_spawned":[1,3,5,11,23,25,30],"killed_by":"Automaton","ascension_level":7}}