{"host":"lnt5dzsuhru0aonl","time":1611580600,"event":{"mods":["2.2 Compatiblity","BaseMod","Colored Map","Colored Powertips","DeckTracker","Keyboard Shortcuts","Minty Spire (QoL Compilation)","Permanent Neow","Rare Cards Sparkle","StSLib","SuperFastMode","everything is the same but u backflip on backflip"],"gold_per_floor":[109,89,109,58,58,58,71,71,71,71,71,81,112,127,127,201,201,201,201,201,201],"floor_reached":20,"language":"KOR","playtime":418,"items_purged":[],"score":398,"play_id":"97b3f4f2-ec67-4eb7-b735-759f344f18e7","local_time":"20210125221640","is_ascension_mode":true,"campfire_choices":[{"data":"Zap","floor":6,"key":"SMITH"},{"data":"Coolheaded","floor":8,"key":"SMITH"},{"data":"Dualcast","floor":10,"key":"SMITH"},{"data":"Capacitor","floor":15,"key":"SMITH"}],"circlet_count":0,"master_deck":["AscendersBane","Strike_B","Strike_B","Strike_B","Defend_B","Defend_B","Defend_B","Zap+1","Dualcast+1","Ball Lightning","Sweeping Beam","Conserve Battery","Coolheaded+1","Capacitor+1","Heatsinks","Creative AI","Turbo"],"relics":["Cracked Core","Pantograph","Bronze Scales","Ectoplasm"],"acts_visited":["Exordium","TheCity"],"potions_floor_usage":[12,13,16],"damage_taken":[{"damage":7,"enemies":"Small Slimes","floor":1,"turns":2},{"damage":1,"enemies":"Cultist","floor":3,"turns":3},{"damage":1,"enemies":"2 Louse","floor":7,"turns":2},{"damage":1,"enemies":"Exordium Wildlife","floor":12,"turns":3},{"damage":0,"enemies":"3 Sentries","floor":13,"turns":2},{"damage":2,"enemies":"Looter","floor":14,"turns":2},{"damage":25,"enemies":"Hexaghost","floor":16,"turns":9},{"damage":36,"enemies":"Shell Parasite","floor":18,"turns":6},{"damage":24,"enemies":"Chosen","floor":19,"turns":6},{"damage":7,"enemies":"Sentry and Sphere","floor":20,"turns":2}],"seed_played":"3132362552073843668","potions_obtained":[{"floor":1,"key":"PowerPotion"},{"floor":2,"key":"SneckoOil"},{"floor":12,"key":"BlessingOfTheForge"},{"floor":13,"key":"AttackPotion"},{"floor":18,"key":"Swift Potion"}],"is_trial":false,"path_per_floor":["M","?","M","$","$","R","M","R","T","R","$","M","E","M","R","B",null,"M","M","M"],"character_chosen":"DEFECT","items_purchased":["Conserve Battery"],"campfire_rested":0,"item_purchase_floors":[4],"current_hp_per_floor":[39,39,38,38,38,38,37,37,37,37,37,36,36,34,34,34,62,26,2,0,0],"gold":201,"neow_bonus":"REMOVE_TWO","is_daily":false,"chose_seed":false,"campfire_upgraded":4,"win_rate":0.0,"timestamp":1611580600,"path_taken":["M","?","M","?","$","R","M","R","T","R","$","M","E","?","R","BOSS","M","M","M"],"items_purchased_type":["Card"],"build_version":"2020-12-22","purchased_purges":0,"victory":false,"max_hp_per_floor":[71,71,71,71,71,71,71,71,71,71,71,71,71,71,71,71,71,71,71,71,71],"card_choices":[{"not_picked":["Sweeping Beam","Leap"],"picked":"Ball Lightning","floor":1},{"not_picked":["Heatsinks","Lockon"],"picked":"Sweeping Beam","floor":3},{"not_picked":["All For One","Genetic Algorithm"],"picked":"Coolheaded","floor":7},{"not_picked":["Stack","Beam Cell"],"picked":"Capacitor","floor":12},{"not_picked":["Meteor Strike","Beam Cell","Coolheaded"],"picked":"SKIP","floor":13},{"not_picked":["Rip and Tear","Sweeping Beam"],"picked":"Heatsinks","floor":14},{"not_picked":["Meteor Strike","Multi-Cast"],"picked":"Creative AI","floor":16},{"not_picked":["Force Field","Redo","Streamline"],"picked":"SKIP","floor":18},{"not_picked":["Capacitor+1","Melter"],"picked":"Turbo","floor":19}],"player_experience":764165,"relics_obtained":[{"floor":9,"key":"Pantograph"},{"floor":13,"key":"Bronze Scales"}],"event_choices":[{"damage_healed":0,"gold_gain":0,"player_choice":"Bought 1 Potion","damage_taken":0,"max_hp_gain":0,"max_hp_loss":0,"event_name":"The Woman in Blue","floor":2,"gold_loss":0}],"is_beta":false,"boss_relics":[{"not_picked":["Calling Bell","Velvet Choker"],"picked":"Ectoplasm"}],"items_purged_floors":[],"is_endless":false,"potions_floor_spawned":[1,12,13,18],"killed_by":"Sentry and Sphere","ascension_level":20}}