{"host":"tj6tjcyqgbd0xj5u","time":1611605965,"event":{"mods":["Aspiration","BaseMod","Better Match","BetterRewards","Challenge The Spire","Conspire","Defuse TimeMaze Blight","Downfall","Energized Spire","Evolution","GifTheSpireLib","Halation","Hubris","Infinite Spire","Minty Spire (QoL Compilation)","Replay The Spire","Reworked Bosses","Spikes Relics","StS++","StSLib","Stuff the Spire"],"gold_per_floor":[110,60,60,60,60,87,87,98,173,173,183,183,210,229,229,329,329,339,352,121,121,132,163,163,163,186,203,203,163,163,188,188,284,284,298,346,346,371,383,383,401,434,434,434,454,464,25,25,25],"floor_reached":48,"language":"ENG","playtime":1762,"items_purged":["downfall:Icky","Strike_P","hubris:Sloth"],"score":556,"play_id":"95680923-ae24-402e-b2a8-e98c56163966","local_time":"20210125161925","is_ascension_mode":false,"campfire_choices":[{"data":"BowlingBash","floor":7,"key":"SMITH"},{"floor":15,"key":"REST"},{"data":"conspire:Banana","floor":24,"key":"SMITH"},{"floor":28,"key":"DIG"},{"data":"Replay:Hum","floor":30,"key":"SMITH"}],"circlet_count":0,"master_deck":["Strike_P","Strike_P","Defend_P","Defend_P","Defend_P","Defend_P","Eruption+1","Vigilance","EmptyFist+1","BowlingBash+1","infinitespire:DeathsTouch+1","Replay:Hum+1","Worship","CutThroughFate","Brilliance","Halt","StSpp:Chanting+1","conspire:Banana+1","FollowUp+1","Prostrate+1","SashWhip+1","StSpp:Faith","MentalFortress+1","Halt","Wallop","TalkToTheHand"],"relics":["PureWater","EVO:Axolotl","conspire:TopHat","Replay:Ringing Soul","SnailShell","energizedSpire:CursedPentagram","ExplosiveVial","Mercury Hourglass","Shovel","aspiration:ChemicalBlood","Chameleon Ring","StuffTheSpire:Experiment12","SlaversCollar","aspiration:ArtOfWarUpgrade","StSpp:BoiledEgg","halation:KoshaPiece","infinitespire:Satchel","Iron Hammer","Dead Branch"],"acts_visited":["Exordium","TheCity","TheBeyond"],"potions_floor_usage":[13,22,22,23,27,33,33,33,33,35,42,42,42,42,45,46],"damage_taken":[{"damage":6,"enemies":"conspire:RoseBush","floor":1,"turns":1},{"damage":1,"enemies":"Replay:BlueRogue","floor":6,"turns":3},{"damage":0,"enemies":"Jaw Worm","floor":8,"turns":1},{"damage":0,"enemies":"Small Slimes","floor":11,"turns":2},{"damage":30,"enemies":"Gremlin Nob","floor":13,"turns":4},{"damage":0,"enemies":"Blue Slaver","floor":14,"turns":3},{"damage":18,"enemies":"Fading Forest","floor":16,"turns":11},{"damage":16,"enemies":"2 Thieves","floor":18,"turns":3},{"damage":0,"enemies":"conspire:FuzzyDice","floor":19,"turns":4},{"damage":0,"enemies":"3 Cultists","floor":22,"turns":3},{"damage":1,"enemies":"Gremlin Leader","floor":23,"turns":3},{"damage":30,"enemies":"Centurion and Healer","floor":27,"turns":3},{"damage":8,"enemies":"conspire:Head Lice","floor":31,"turns":2},{"damage":20,"enemies":"bossMod:newCollector","floor":33,"turns":6},{"damage":14,"enemies":"3 Darklings","floor":35,"turns":3},{"damage":10,"enemies":"conspire:MimicChest","floor":38,"turns":4},{"damage":0,"enemies":"Orb Walker","floor":39,"turns":3},{"damage":30,"enemies":"Maw","floor":41,"turns":6},{"damage":51,"enemies":"Nightmare","floor":42,"turns":8},{"damage":0,"enemies":"4 Shapes","floor":45,"turns":3},{"damage":5,"enemies":"Jaw Worm Horde","floor":46,"turns":3},{"damage":32,"enemies":"Writhing Mass","floor":48,"turns":4}],"seed_played":"-252441966485453021","potions_obtained":[{"floor":11,"key":"Fire Potion"},{"floor":13,"key":"SteroidPotion"},{"floor":18,"key":"SteroidPotion"},{"floor":22,"key":"Slimebound:ThreeZeroPotion"},{"floor":31,"key":"BottledMiracle"},{"floor":32,"key":"Block Potion"},{"floor":32,"key":"Ancient Potion"},{"floor":33,"key":"Fire Potion"},{"floor":41,"key":"hexamod:SoulburnPotion"},{"floor":42,"key":"SpeedPotion"},{"floor":45,"key":"ColorlessPotion"}],"is_trial":false,"path_per_floor":["M","?","?","$","T","E","R","M","T","?","M","?","E","M","R","B",null,"M","M","$","?","M","E","R","AVR","T","M","R","?","R","E","R","B",null,"M","T","AVR","?","M","R","M","NM","T","R","M","M","$","M"],"character_chosen":"WATCHER","items_purchased":["ExplosiveVial","conspire:Banana","Dead Branch","TalkToTheHand"],"campfire_rested":1,"item_purchase_floors":[20,20,47,47],"current_hp_per_floor":[66,66,66,66,66,65,65,65,65,50,53,53,26,29,54,39,87,74,77,80,80,84,87,87,87,87,62,62,62,62,54,54,39,114,102,102,102,97,99,99,71,22,22,22,25,25,28,0,0],"gold":25,"neow_bonus":"UPGRADE_CARD","is_daily":false,"chose_seed":false,"campfire_upgraded":3,"win_rate":0.0,"timestamp":1611605965,"path_taken":["M","?","?","?","?","E","R","M","T","?","M","?","E","M","R","BOSS","M","M","$","?","M","E","R","AVR","T","M","R","?","R","E","R","BOSS","M","?","AVR","?","M","R","M","NM","T","R","?","M","$","M"],"items_purchased_type":["Relic","Card","Relic","Card"],"build_version":"2020-12-22","purchased_purges":3,"victory":false,"max_hp_per_floor":[72,72,72,72,72,72,72,72,72,75,78,78,81,84,84,87,87,90,93,96,96,100,104,104,104,104,109,109,109,109,109,109,114,114,116,116,116,121,123,123,125,127,127,127,130,135,138,140,140],"card_choices":[{"not_picked":["Sanctity","CrushJoints"],"picked":"EmptyFist","floor":1},{"not_picked":["Replay:Anticipation","ReachHeaven"],"picked":"BowlingBash","floor":6},{"not_picked":["CrushJoints","EmptyMind","Replay:Anticipation"],"picked":"SKIP","floor":8},{"not_picked":["ReplayTheSpireMod:Echoes of Time","infinitespire:Menacing"],"picked":"infinitespire:DeathsTouch","floor":10},{"not_picked":["Adaptation","Weave"],"picked":"Replay:Hum","floor":11},{"not_picked":["Replay:BluntJabs","EmptyBody"],"picked":"Worship","floor":13},{"not_picked":["PathToVictory","Weave"],"picked":"CutThroughFate","floor":14},{"not_picked":["MasterReality","ConjureBlade"],"picked":"Brilliance","floor":16},{"not_picked":["Prostrate","Tantrum"],"picked":"Halt","floor":18},{"not_picked":["FlyingSleeves","WaveOfTheHand"],"picked":"StSpp:Chanting+1","floor":19},{"not_picked":["ClearTheMind","FlurryOfBlows"],"picked":"FollowUp+1","floor":22},{"not_picked":["Vault","PathToVictory+1"],"picked":"Prostrate+1","floor":23},{"not_picked":["Protect+1","MentalFortress"],"picked":"SashWhip+1","floor":27},{"not_picked":["EmptyFist+1","BowlingBash+1","Replay:Anticipation+1"],"picked":"SKIP","floor":31},{"not_picked":["DeusExMachina","MasterReality"],"picked":"StSpp:Faith","floor":33},{"not_picked":["FlyingSleeves","JustLucky+1","Protect+1"],"picked":"SKIP","floor":35},{"not_picked":["JustLucky+1","CutThroughFate"],"picked":"MentalFortress+1","floor":38},{"not_picked":["Replay:Battleflow","Protect+1","StSpp:Patience"],"picked":"SKIP","floor":39},{"not_picked":["Consecrate","SignatureMove","Replay:Battleflow"],"picked":"SKIP","floor":41},{"not_picked":["CrushJoints+1","Establishment","Protect"],"picked":"SKIP","floor":42},{"not_picked":["EmptyBody+1","SashWhip+1"],"picked":"Halt","floor":45},{"not_picked":["Replay:AtTheReady+1","Replay:ManipulateFuture"],"picked":"Wallop","floor":46}],"player_experience":101859,"relics_obtained":[{"floor":6,"key":"conspire:TopHat"},{"floor":9,"key":"Replay:Ringing Soul"},{"floor":13,"key":"SnailShell"},{"floor":23,"key":"Mercury Hourglass"},{"floor":26,"key":"aspiration:ChemicalBlood"},{"floor":28,"key":"Chameleon Ring"},{"floor":31,"key":"StuffTheSpire:Experiment12"},{"floor":36,"key":"Art of War"},{"floor":38,"key":"halation:KoshaPiece"},{"floor":42,"key":"infinitespire:Satchel"},{"floor":43,"key":"Iron Hammer"}],"event_choices":[{"cards_removed":["Strike_P"],"damage_healed":0,"gold_gain":0,"player_choice":"Card Removal","damage_taken":0,"max_hp_gain":0,"max_hp_loss":0,"event_name":"The Cleric","floor":2,"gold_loss":50},{"damage_healed":0,"gold_gain":0,"player_choice":"Ignored","damage_taken":0,"max_hp_gain":0,"max_hp_loss":0,"event_name":"Vampires","floor":21,"gold_loss":0},{"damage_healed":0,"gold_gain":0,"player_choice":"Upgrade","damage_taken":0,"max_hp_gain":0,"max_hp_loss":0,"event_name":"Designer","floor":29,"gold_loss":40,"cards_upgraded":["infinitespire:DeathsTouch"]}],"is_beta":false,"boss_relics":[{"not_picked":["energizedSpire:MagnifyingGlass","aspiration:DefectSkillbook"],"picked":"energizedSpire:CursedPentagram"},{"not_picked":["halation:HeavySnake","ChewingGum"],"picked":"SlaversCollar"}],"items_purged_floors":[25,37,47],"is_endless":true,"potions_floor_spawned":[11,13,18,22,31,33,41,42,45],"killed_by":"Writhing Mass","ascension_level":0}}