{"host":"0kk91h4bq4kgfj0u","time":1611538680,"event":{"mods":["BaseMod","Minty Spire (QoL Compilation)","StSLib"],"gold_per_floor":[117,133,208,13,24,24,24,34,34,60,76,76,94,104,104,205,205,216,216,231,61,76,76,30,43,343,343,355,355,26,42,42,42,42],"floor_reached":33,"language":"ENG","playtime":1095,"items_purged":[],"score":401,"play_id":"2278acc5-1805-4284-97d7-a50150331225","local_time":"20210124203800","is_ascension_mode":true,"campfire_choices":[{"data":"Choke","floor":6.0,"key":"SMITH"},{"floor":12.0,"key":"REST"},{"floor":15.0,"key":"REST"},{"floor":23.0,"key":"REST"},{"floor":27.0,"key":"REST"},{"floor":29.0,"key":"REST"},{"floor":32,"key":"REST"}],"circlet_count":0,"master_deck":["Strike_G","Strike_G","Strike_G","Defend_G","Defend_G","Defend_G","Defend_G","Survivor","Neutralize","Dagger Throw","Choke+1","Cloak And Dagger","Infinite Blades","Accuracy","Neutralize","Impatience","Corpse Explosion","Dash","Blade Dance","Leg Sweep","PiercingWail","Adrenaline","Dagger Spray+1","Well Laid Plans+1","Underhanded Strike+1","All Out Attack+1","Backflip","Footwork","Backstab+1","Blade Dance","Caltrops+1","Deadly Poison+1","Panache","Caltrops","Prepared","Escape Plan"],"relics":["SlaversCollar","Pen Nib","Calipers","Tough Bandages","Astrolabe","Old Coin"],"acts_visited":["Exordium","TheCity"],"potions_floor_usage":[33,33,33],"damage_taken":[{"damage":2.0,"enemies":"Jaw Worm","floor":1.0,"turns":5.0},{"damage":0.0,"enemies":"Small Slimes","floor":2.0,"turns":4.0},{"damage":0.0,"enemies":"Cultist","floor":5.0,"turns":3.0},{"damage":0.0,"enemies":"3 Louse","floor":8.0,"turns":4.0},{"damage":10.0,"enemies":"Lagavulin","floor":10.0,"turns":5.0},{"damage":21.0,"enemies":"Exordium Thugs","floor":11.0,"turns":3.0},{"damage":0.0,"enemies":"Large Slime","floor":13.0,"turns":5.0},{"damage":10.0,"enemies":"2 Fungi Beasts","floor":14.0,"turns":4.0},{"damage":0.0,"enemies":"Slime Boss","floor":16.0,"turns":7.0},{"damage":24.0,"enemies":"Chosen","floor":18.0,"turns":4.0},{"damage":18.0,"enemies":"Spheric Guardian","floor":20.0,"turns":4.0},{"damage":22.0,"enemies":"Cultist and Chosen","floor":22.0,"turns":5.0},{"damage":10.0,"enemies":"Centurion and Healer","floor":25.0,"turns":3.0},{"damage":28.0,"enemies":"Snake Plant","floor":28.0,"turns":5.0},{"damage":6,"enemies":"Chosen and Byrds","floor":31,"turns":5},{"damage":58,"enemies":"Collector","floor":33,"turns":8}],"seed_played":"-3755639444255908402","potions_obtained":[{"floor":2.0,"key":"Poison Potion"},{"floor":10.0,"key":"SteroidPotion"},{"floor":14.0,"key":"GhostInAJar"},{"floor":25.0,"key":"Block Potion"},{"floor":28.0,"key":"Explosive Potion"}],"is_trial":false,"path_per_floor":["M","M","?","$","M","R","?","M","T","E","M","R","M","M","R","B",null,"M","?","M","$","M","R","$","M","T","R","M","R","$","M","R","B"],"character_chosen":"THE_SILENT","items_purchased":["Pen Nib","Cloak And Dagger","Fruit Juice","Footwork","Blade Dance","Panache","Caltrops","Block Potion","Prepared"],"campfire_rested":6,"item_purchase_floors":[4,4,21,21,24,30,30,30,30],"current_hp_per_floor":[68,68,57,57,57,57,57,57,57,47,26,47,47,37,58,58,67,43,43,25,30,8,30,30,20,20,42,14,36,36,30,52,0,0],"gold":42,"neow_bonus":"BOSS_RELIC","is_daily":false,"chose_seed":false,"campfire_upgraded":1,"win_rate":0.0,"timestamp":1611538680,"path_taken":["M","M","?","$","M","R","?","M","T","E","M","R","?","M","R","BOSS","M","?","M","$","M","R","?","M","T","R","M","R","$","M","R","BOSS"],"items_purchased_type":["Relic","Card","Potion","Card","Card","Card","Card","Potion","Card"],"build_version":"2020-12-22","purchased_purges":0,"victory":false,"max_hp_per_floor":[70,70,70,70,70,70,70,70,70,70,70,70,70,70,70,70,70,70,70,70,75,75,75,75,75,75,75,75,75,75,75,75,75,75],"card_choices":[{"not_picked":["Dodge and Roll","Crippling Poison"],"picked":"Dagger Throw","floor":1.0},{"not_picked":["Backstab","Flying Knee"],"picked":"Choke","floor":2.0},{"not_picked":["Slice","Deadly Poison"],"picked":"Infinite Blades","floor":5.0},{"not_picked":["Cloak And Dagger","Backflip"],"picked":"Corpse Explosion","floor":8.0},{"not_picked":["Poisoned Stab","Acrobatics"],"picked":"Dash","floor":10.0},{"not_picked":["Corpse Explosion","PiercingWail"],"picked":"Blade Dance","floor":11.0},{"not_picked":["Prepared","Outmaneuver"],"picked":"Leg Sweep","floor":13.0},{"not_picked":["Outmaneuver","Night Terror"],"picked":"PiercingWail","floor":14.0},{"not_picked":["Doppelganger","Malaise"],"picked":"Adrenaline","floor":16.0},{"not_picked":["Concentrate","Sucker Punch"],"picked":"All Out Attack+1","floor":18.0},{"not_picked":["Dagger Spray+1","Acrobatics"],"picked":"Backflip","floor":20.0},{"not_picked":["PiercingWail","Underhanded Strike"],"picked":"Backstab+1","floor":22.0},{"not_picked":["Dodge and Roll","Well Laid Plans"],"picked":"Caltrops+1","floor":25.0},{"not_picked":["Quick Slash+1","Slice"],"picked":"Deadly Poison+1","floor":28.0},{"not_picked":["Burst","Flying Knee"],"picked":"Escape Plan","floor":31}],"player_experience":806684,"relics_obtained":[{"floor":9.0,"key":"Calipers"},{"floor":10.0,"key":"Tough Bandages"},{"floor":26.0,"key":"Old Coin"}],"event_choices":[{"damage_healed":0.0,"max_hp_gain":0.0,"max_hp_loss":0.0,"gold_gain":75.0,"event_name":"World of Goop","player_choice":"Gather Gold","floor":3.0,"gold_loss":0.0,"damage_taken":11.0},{"damage_healed":0.0,"max_hp_gain":0.0,"max_hp_loss":0.0,"gold_gain":0.0,"event_name":"Match and Keep!","player_choice":"4 cards matched","floor":7.0,"gold_loss":0.0,"damage_taken":0.0,"cards_obtained":["Accuracy","Neutralize","Doubt","Impatience"]},{"cards_removed":["Doubt"],"damage_healed":0.0,"max_hp_gain":0.0,"max_hp_loss":0.0,"gold_gain":0.0,"event_name":"Purifier","player_choice":"Purged","floor":19.0,"gold_loss":0.0,"damage_taken":0.0}],"is_beta":false,"boss_relics":[{"not_picked":["Snecko Eye","Busted Crown"],"picked":"Astrolabe"}],"items_purged_floors":[],"is_endless":false,"potions_floor_spawned":[2,10,14,18,25,28,31],"killed_by":"Collector","ascension_level":5}}