{"host":"s70y0f04p82oqwsp","time":1611538861,"event":{"mods":["BaseMod","KinomotoSakuraMod(Ä¾Ö®±¾Ó£)","Minty Spire (QoL Compilation)","StSLib","The Poker Player"],"gold_per_floor":[114,114,114,114,125,158,168,168,168,178,189,208,239,252,252,348,348,360,380,380,380,305,316,343,359,386,403,155,155,169,169,169,270,270,288,163,175,186,201,201,201,225,225,75,121,131,131,0,0,0],"floor_reached":51,"language":"ZHS","playtime":2966,"items_purged":["Strike_R","Cleave","Bandage Up","Madness"],"score":806,"play_id":"9e5c5465-6a5f-4a18-a4c7-852681e32afb","local_time":"20210125094101","is_ascension_mode":false,"campfire_choices":[{"data":"Reaper","floor":8,"key":"SMITH"},{"data":"Rampage","floor":15,"key":"SMITH"},{"data":"Ghostly","floor":32,"key":"SMITH"},{"data":"Battle Trance","floor":40,"key":"SMITH"},{"data":"Feed","floor":47,"key":"SMITH"},{"data":"Pommel Strike","floor":49,"key":"SMITH"}],"circlet_count":0,"master_deck":["Strike_R","Strike_R","Strike_R","Strike_R","Defend_R","Defend_R","Defend_R","Defend_R","Thunderclap","Thunderclap","Reaper+1","Flame Barrier","Pommel Strike","Rampage+1","Impervious","Battle Trance+1","Pommel Strike+1","Shrug It Off","Whirlwind+1","Ghostly+1","Ghostly","Ghostly","Ghostly","Ghostly","Madness","Feed+1"],"relics":["Burning Blood","NeowsBlessing","Ice Cream","Meat on the Bone","Charon\u0027s Ashes","Black Star","Nilry\u0027s Codex","Bird Faced Urn","Bag of Marbles","Juzu Bracelet","Bag of Preparation","Snecko Eye","Happy Flower","Pen Nib","CaptainsWheel","Red Mask"],"acts_visited":["Exordium","TheCity","TheBeyond"],"potions_floor_usage":[5,16,50,50],"damage_taken":[{"damage":0,"enemies":"Small Slimes","floor":1,"turns":1},{"damage":0,"enemies":"2 Louse","floor":5,"turns":1},{"damage":0,"enemies":"3 Sentries","floor":6,"turns":1},{"damage":0,"enemies":"Cultist","floor":7,"turns":3},{"damage":5,"enemies":"3 Louse","floor":10,"turns":2},{"damage":0,"enemies":"Lots of Slimes","floor":11,"turns":1},{"damage":1,"enemies":"Large Slime","floor":12,"turns":4},{"damage":14,"enemies":"Lagavulin","floor":13,"turns":4},{"damage":0,"enemies":"Exordium Wildlife","floor":14,"turns":2},{"damage":52,"enemies":"The Guardian","floor":16,"turns":8},{"damage":10,"enemies":"Chosen","floor":18,"turns":5},{"damage":0,"enemies":"3 Byrds","floor":19,"turns":3},{"damage":9,"enemies":"Snake Plant","floor":23,"turns":4},{"damage":10,"enemies":"Book of Stabbing","floor":24,"turns":4},{"damage":0,"enemies":"Shelled Parasite and Fungi","floor":25,"turns":2},{"damage":0,"enemies":"Cultist and Chosen","floor":27,"turns":2},{"damage":0,"enemies":"Centurion and Healer","floor":30,"turns":1},{"damage":0,"enemies":"Champ","floor":33,"turns":1},{"damage":0,"enemies":"Orb Walker","floor":35,"turns":2},{"damage":4,"enemies":"3 Shapes","floor":37,"turns":1},{"damage":6,"enemies":"Sphere and 2 Shapes","floor":38,"turns":2},{"damage":0,"enemies":"3 Darklings","floor":39,"turns":2},{"damage":0,"enemies":"2 Orb Walkers","floor":45,"turns":2},{"damage":0,"enemies":"Writhing Mass","floor":46,"turns":3},{"damage":0,"enemies":"Awakened One","floor":50,"turns":5}],"seed_played":"-6083358214688359102","potions_obtained":[{"floor":1,"key":"BloodPotion"},{"floor":5,"key":"Fruit Juice"},{"floor":6,"key":"HeartOfIron"},{"floor":11,"key":"BlessingOfTheForge"},{"floor":19,"key":"Block Potion"},{"floor":23,"key":"DistilledChaos"}],"is_trial":false,"path_per_floor":["M","?","?","?","M","E","M","R","T","M","M","M","E","M","R","B",null,"M","M","?","?","$","M","E","M","T","M","$","?","M","?","R","B",null,"M","$","M","M","M","R","?","T","T","$","?","M","R","?","R","B",null],"character_chosen":"IRONCLAD","items_purchased":["Bag of Preparation"],"campfire_rested":0,"item_purchase_floors":[28],"current_hp_per_floor":[80,85,85,85,90,90,90,90,90,90,90,90,83,90,90,62,90,90,90,74,74,74,75,85,90,90,90,90,90,90,45,45,45,45,45,45,45,45,45,45,39,39,39,39,45,45,45,45,45,45],"gold":0,"neow_bonus":"THREE_ENEMY_KILL","is_daily":false,"chose_seed":false,"campfire_upgraded":6,"win_rate":0.0,"timestamp":1611538861,"path_taken":["M","?","?","?","M","E","M","R","T","?","M","M","E","M","R","BOSS","M","M","?","?","$","M","E","M","T","M","$","?","M","?","R","BOSS","M","$","M","M","M","R","?","?","T","$","?","M","R","?","R","BOSS"],"items_purchased_type":["Relic"],"build_version":"2020-12-22","purchased_purges":4,"victory":true,"max_hp_per_floor":[80,85,85,85,90,90,90,90,90,90,90,90,90,90,90,90,90,90,90,90,90,90,90,90,90,90,90,90,90,90,45,45,45,45,45,45,45,45,45,45,45,45,45,45,45,45,45,45,45,45],"card_choices":[{"not_picked":["Armaments","Disarm"],"picked":"Thunderclap","floor":1},{"not_picked":["Sword Boomerang","Armaments"],"picked":"Cleave","floor":5},{"not_picked":["Pummel","Dark Embrace"],"picked":"Thunderclap","floor":6},{"not_picked":["Armaments","Clothesline"],"picked":"Reaper","floor":7},{"not_picked":["Seeing Red","Intimidate"],"picked":"Flame Barrier","floor":10},{"not_picked":["Warcry","Hemokinesis"],"picked":"Pommel Strike","floor":11},{"not_picked":["Metallicize","Seeing Red"],"picked":"Rampage","floor":12},{"not_picked":["Second Wind","Clash","Uppercut"],"picked":"SKIP","floor":13},{"not_picked":["Carnage","Body Slam","Ghostly Armor"],"picked":"SKIP","floor":14},{"not_picked":["Juggernaut","Fiend Fire"],"picked":"Impervious","floor":16},{"not_picked":["Warcry+1","Headbutt+1"],"picked":"Battle Trance","floor":18},{"not_picked":["Second Wind","Warcry"],"picked":"Pommel Strike","floor":19},{"not_picked":["Entrench","Combust"],"picked":"Shrug It Off","floor":23},{"not_picked":["Intimidate","Corruption","Pommel Strike"],"picked":"SKIP","floor":24},{"not_picked":["Rage+1","Shrug It Off"],"picked":"Whirlwind+1","floor":25},{"not_picked":["Perfected Strike","Demon Form","Sword Boomerang+1"],"picked":"SKIP","floor":27},{"not_picked":["Iron Wave","Ghostly Armor","Warcry+1"],"picked":"SKIP","floor":30},{"not_picked":["Flex+1","Power Through+1","Sever Soul"],"picked":"SKIP","floor":35},{"not_picked":["Feel No Pain+1","Carnage+1","Clash+1"],"picked":"SKIP","floor":37},{"not_picked":["Twin Strike","Armaments","Clash+1"],"picked":"SKIP","floor":38},{"not_picked":["Headbutt","Twin Strike","Clash+1"],"picked":"SKIP","floor":39},{"not_picked":["Twin Strike","Thunderclap"],"picked":"Feed","floor":45},{"not_picked":["Power Through+1","Sever Soul","Warcry"],"picked":"SKIP","floor":46}],"player_experience":659,"relics_obtained":[{"floor":6,"key":"Ice Cream"},{"floor":9,"key":"Meat on the Bone"},{"floor":13,"key":"Charon\u0027s Ashes"},{"floor":20,"key":"Nilry\u0027s Codex"},{"floor":24,"key":"Bird Faced Urn"},{"floor":24,"key":"Bag of Marbles"},{"floor":26,"key":"Juzu Bracelet"},{"floor":42,"key":"Happy Flower"},{"floor":43,"key":"Pen Nib"},{"floor":45,"key":"CaptainsWheel"}],"event_choices":[{"damage_healed":0,"gold_gain":0,"player_choice":"Donut","damage_taken":0,"max_hp_gain":5,"max_hp_loss":0,"event_name":"Big Fish","floor":2,"gold_loss":0},{"damage_healed":0,"gold_gain":0,"player_choice":"Leave","damage_taken":0,"max_hp_gain":0,"max_hp_loss":0,"event_name":"The Cleric","floor":3,"gold_loss":0},{"cards_removed":["Bash"],"damage_healed":0,"gold_gain":0,"player_choice":"Offered Basic","damage_taken":0,"max_hp_gain":0,"max_hp_loss":0,"event_name":"Bonfire Elementals","floor":4,"gold_loss":0},{"damage_healed":0,"gold_gain":0,"player_choice":"Obtained Book","damage_taken":16,"max_hp_gain":0,"max_hp_loss":0,"event_name":"Cursed Tome","floor":20,"gold_loss":0},{"damage_healed":0,"gold_gain":0,"player_choice":"1 cards matched","damage_taken":0,"max_hp_gain":0,"max_hp_loss":0,"event_name":"Match and Keep!","floor":21,"gold_loss":0,"cards_obtained":["Bandage Up"]},{"damage_healed":0,"gold_gain":0,"player_choice":"Ignored","damage_taken":0,"max_hp_gain":0,"max_hp_loss":0,"event_name":"Vampires","floor":29,"gold_loss":0},{"damage_healed":0,"gold_gain":0,"player_choice":"Became a Ghost","damage_taken":0,"max_hp_gain":0,"max_hp_loss":45,"event_name":"Ghosts","floor":31,"gold_loss":0,"cards_obtained":["Ghostly","Ghostly","Ghostly","Ghostly","Ghostly"]},{"damage_healed":0,"gold_gain":0,"player_choice":"Embrace Madness","damage_taken":6,"max_hp_gain":0,"max_hp_loss":0,"event_name":"Winding Halls","floor":41,"gold_loss":0,"cards_obtained":["Madness","Madness"]},{"damage_healed":0,"gold_gain":0,"player_choice":"Fight","damage_taken":0,"max_hp_gain":0,"max_hp_loss":0,"event_name":"Mysterious Sphere","floor":45,"gold_loss":0},{"damage_healed":0,"gold_gain":0,"player_choice":"Paid","damage_taken":0,"relics_obtained":["Red Mask"],"max_hp_gain":0,"max_hp_loss":0,"event_name":"Tomb of Lord Red Mask","floor":48,"gold_loss":131}],"is_beta":false,"boss_relics":[{"not_picked":["Astrolabe","Philosopher\u0027s Stone"],"picked":"Black Star"},{"not_picked":["Runic Dome","Coffee Dripper"],"picked":"Snecko Eye"}],"items_purged_floors":[22,28,36,44],"is_endless":false,"potions_floor_spawned":[1,5,6,11,13,14,19,23,25,27,37,38,39,45],"ascension_level":0}}