{"host":"cfnmff32z0ky6ioz","time":1611586655,"event":{"mods":["BaseMod","Bestiary","Curses Come First","Dota2Spire","Filter the Spire","Minty Spire (QoL Compilation)","Quick Restart","RNG Fix","Relic Stats","Replay The Spire","Say the Spire","Spicy Shops","StSLib","The Alterego","The Marked","¡i?ª«¥dµP¡jREMEMod"],"gold_per_floor":[118,118,132,149,169,169,169,169,169,189,189,203,217,234,234,334,334,344,269,285,305,316,316,0,17,17,31,45,45,6,22,22,22,22],"floor_reached":33,"language":"ZHS","playtime":2554,"items_purged":[],"score":297,"play_id":"0b35fdbd-fb57-4dde-9877-8910623b4d1f","local_time":"20210125225735","is_ascension_mode":false,"campfire_choices":[{"data":"Masterful Stab","floor":6.0,"key":"SMITH"},{"data":"Dagger Spray","floor":15.0,"key":"SMITH"},{"data":"ReplayTheSpireMod:The Works","floor":23.0,"key":"SMITH"},{"floor":29,"key":"REST"},{"floor":32,"key":"DIG"}],"circlet_count":0,"master_deck":["Strike_G","Strike_G","Strike_G","Strike_G","Strike_G","Defend_G","Defend_G","Defend_G","Defend_G","Defend_G","Survivor","Neutralize","All For One","Prepared","Prepared","Masterful Stab+1","Slice","Endless Agony","Dagger Spray","Cloak And Dagger","Poisoned Stab","Prepared","Deflect","Dagger Spray+1","Underhanded Strike","Eviscerate","Tools of the Trade","Eviscerate","All Out Attack","REME_ShadowStrike","ReplayTheSpireMod:The Works+1","Prepared","Prepared","Slice","Outmaneuver","Outmaneuver","PiercingWail+1"],"relics":["Ring of the Snake","REME_ComplimentaryCards","HornCleat","ReplayTheSpireMod:Ring of Exchange","Replay:Towering Pillar of Hats","Nunchaku","Dota2Spire:Bloodstone","Ornamental Fan","Dota2Spire:EchoSabre"],"acts_visited":["Exordium","TheCity"],"potions_floor_usage":[33],"damage_taken":[{"damage":0.0,"enemies":"2 Louse","floor":1.0,"turns":3.0},{"damage":0.0,"enemies":"Cultist","floor":3.0,"turns":4.0},{"damage":8.0,"enemies":"Jaw Worm","floor":4.0,"turns":5.0},{"damage":2.0,"enemies":"Looter","floor":5.0,"turns":3.0},{"damage":0.0,"enemies":"2 Fungi Beasts","floor":10.0,"turns":2.0},{"damage":0.0,"enemies":"3 Louse","floor":12.0,"turns":2.0},{"damage":6.0,"enemies":"Looter","floor":13.0,"turns":2.0},{"damage":0.0,"enemies":"Lots of Slimes","floor":14.0,"turns":3.0},{"damage":49.0,"enemies":"Fading Forest","floor":16.0,"turns":11.0},{"damage":2.0,"enemies":"Shell Parasite","floor":18.0,"turns":4.0},{"damage":0.0,"enemies":"Spheric Guardian","floor":20.0,"turns":3.0},{"damage":0.0,"enemies":"Cultist and Chosen","floor":21.0,"turns":4.0},{"damage":1.0,"enemies":"Centurion and Healer","floor":22.0,"turns":2.0},{"damage":16.0,"enemies":"Snecko","floor":25.0,"turns":4.0},{"damage":6,"enemies":"Chosen and Byrds","floor":27,"turns":6},{"damage":15,"enemies":"Shelled Parasite and Fungi","floor":28,"turns":6},{"damage":9,"enemies":"Snecko","floor":31,"turns":5},{"damage":52,"enemies":"Pondfish","floor":33,"turns":7}],"seed_played":"-1845368437198536097","potions_obtained":[{"floor":4.0,"key":"Adrenaline Potion"},{"floor":5.0,"key":"Elixir"},{"floor":14.0,"key":"Venom Potion"},{"floor":16.0,"key":"Languid Potion"},{"floor":18.0,"key":"Cursed Concoction"},{"floor":20.0,"key":"AttackPotion"},{"floor":21.0,"key":"AttackPotion"},{"floor":27,"key":"AttackPotion"},{"floor":31,"key":"Ancient Potion"}],"is_trial":false,"path_per_floor":["M","T","M","M","M","R","?","?","T","M","?","M","M","M","R","B",null,"M","?","M","M","M","R","?","M","T","M","M","R","$","M","R","B"],"character_chosen":"THE_SILENT","items_purchased":["Outmaneuver"],"campfire_rested":1,"item_purchase_floors":[30],"current_hp_per_floor":[77,77,77,69,67,67,67,67,67,67,67,67,61,61,61,26,77,75,75,75,75,74,74,74,58,58,52,37,60,60,51,51,0,0],"gold":22,"neow_bonus":"TEN_PERCENT_HP_BONUS","is_daily":false,"chose_seed":false,"campfire_upgraded":3,"win_rate":0.0,"timestamp":1611586655,"path_taken":["M","?","?","M","M","R","?","?","T","M","?","M","M","M","R","BOSS","M","?","?","M","M","R","?","M","T","M","M","R","?","M","R","BOSS"],"items_purchased_type":["Card"],"build_version":"2020-12-22","purchased_purges":0,"victory":false,"max_hp_per_floor":[77,77,77,77,77,77,77,77,77,77,77,77,77,77,77,77,77,77,77,77,77,77,77,77,77,77,77,77,77,77,77,77,77,77],"relic_stats":{"Nunchaku":[18],"counters":[18,76],"Ornamental Fan":[64],"obtain_stats":[{"ReplayTheSpireMod:Ring of Exchange":8,"Dota2Spire:EchoSabre":32,"Nunchaku":11,"HornCleat":2,"Replay:Towering Pillar of Hats":9,"Ornamental Fan":26,"Dota2Spire:Bloodstone":17,"Ring of the Snake":0,"REME_ComplimentaryCards":0},{"ReplayTheSpireMod:Ring of Exchange":4,"Dota2Spire:EchoSabre":17,"Nunchaku":5,"HornCleat":1,"Replay:Towering Pillar of Hats":4,"Ornamental Fan":14,"Dota2Spire:Bloodstone":9,"Ring of the Snake":0,"REME_ComplimentaryCards":0},{"ReplayTheSpireMod:Ring of Exchange":15,"Dota2Spire:EchoSabre":69,"Nunchaku":17,"HornCleat":3,"Replay:Towering Pillar of Hats":15,"Ornamental Fan":52,"Dota2Spire:Bloodstone":35,"Ring of the Snake":0,"REME_ComplimentaryCards":0}],"Ring of the Snake":[40]},"card_choices":[{"not_picked":["Flying Knee","Poisoned Stab"],"picked":"Prepared","floor":1.0},{"not_picked":["PiercingWail","Reflex"],"picked":"Prepared","floor":3.0},{"not_picked":["Underhanded Strike","ReplayTheSpireMod:Shiv Toss"],"picked":"Masterful Stab","floor":4.0},{"not_picked":["Tools of the Trade","Underhanded Strike"],"picked":"Slice","floor":5.0},{"not_picked":["Setup","Bane"],"picked":"Deflect","floor":10.0},{"not_picked":["Cloak And Dagger","Hidden Blade"],"picked":"Dagger Spray","floor":12.0},{"not_picked":["Bane","Hidden Blade"],"picked":"Underhanded Strike","floor":13.0},{"not_picked":["Sucker Punch","Cloak And Dagger"],"picked":"Eviscerate","floor":14.0},{"not_picked":["REME_CopyPotion","Burst"],"picked":"Tools of the Trade","floor":16.0},{"not_picked":["Sucker Punch","Slice+1"],"picked":"Eviscerate","floor":18.0},{"not_picked":["Poisoned Stab","Bouncing Flask+1"],"picked":"All Out Attack","floor":20.0},{"not_picked":["Caltrops","Dagger Spray"],"picked":"REME_ShadowStrike","floor":21.0},{"not_picked":["Escape Plan+1","Dagger Spray+1"],"picked":"ReplayTheSpireMod:The Works","floor":22.0},{"not_picked":["Blade Dance+1","Quick Slash"],"picked":"Prepared","floor":25.0},{"not_picked":["Flying Knee","ReplayTheSpireMod:Necrosis"],"picked":"Prepared","floor":27},{"not_picked":["Flying Knee","Setup"],"picked":"Slice","floor":28},{"not_picked":["Draining Mist","Blur+1"],"picked":"PiercingWail+1","floor":31}],"player_experience":355541,"relics_obtained":[{"floor":2.0,"key":"HornCleat"},{"floor":8.0,"key":"ReplayTheSpireMod:Ring of Exchange"},{"floor":9.0,"key":"Replay:Towering Pillar of Hats"},{"floor":11.0,"key":"Nunchaku"},{"floor":26.0,"key":"Ornamental Fan"},{"floor":32,"key":"Dota2Spire:EchoSabre"}],"event_choices":[{"damage_healed":0.0,"max_hp_gain":0.0,"max_hp_loss":0.0,"gold_gain":0.0,"event_name":"Wheel of Change","player_choice":"Relic","floor":11.0,"gold_loss":0.0,"damage_taken":0.0},{"cards_removed":["Spreading Infection"],"damage_healed":0.0,"max_hp_gain":0.0,"max_hp_loss":0.0,"gold_gain":0.0,"event_name":"Beggar","player_choice":"Gave Gold","floor":19.0,"gold_loss":75.0,"damage_taken":0.0},{"damage_healed":0.0,"max_hp_gain":0.0,"max_hp_loss":0.0,"gold_gain":0.0,"event_name":"Masked Bandits","player_choice":"Paid Fearfully","floor":24.0,"gold_loss":316.0,"damage_taken":0.0}],"is_beta":false,"boss_relics":[{"not_picked":["Replay:Ancient Bell","REME_LowDesire"],"picked":"Dota2Spire:Bloodstone"}],"items_purged_floors":[],"is_endless":false,"potions_floor_spawned":[4,5,14,16,18,20,21,27,31],"killed_by":"Pondfish","ascension_level":0}}