{"host":"l5xpox9cbdko122s","time":1611579698,"event":{"mods":["AchievementEnabler","BaseMod","Better Skull","Colored Map","Colored Powertips","Curses Come First","Displayed Cursed Tome","Hermit","Highlight Path","Minty Spire (QoL Compilation)","Quick Restart","Shop Mod","StSLib"],"gold_per_floor":[218,218,232,247,101,101,101,172,198,123,136,156,184,184,184,184,184],"floor_reached":16,"language":"ENG","playtime":725,"items_purged":["Strike_R"],"score":100,"play_id":"908b31a3-020e-4281-bf96-5ae59044afcd","local_time":"20210125080138","is_ascension_mode":false,"campfire_choices":[{"floor":6,"key":"RECALL"},{"floor":15,"key":"REST"}],"circlet_count":0,"master_deck":["Strike_R","Strike_R","Defend_R","Defend_R","Defend_R","Defend_R","Bash","Wild Strike"],"relics":["Burning Blood","MerchantsRug","Orichalcum"],"acts_visited":["Exordium"],"potions_floor_usage":[4,4,13,16],"damage_taken":[{"damage":0,"enemies":"2 Louse","floor":1,"turns":3},{"damage":2,"enemies":"Small Slimes","floor":3,"turns":5},{"damage":0,"enemies":"Jaw Worm","floor":4,"turns":2},{"damage":8,"enemies":"Red Slaver","floor":11,"turns":4},{"damage":18,"enemies":"Large Slime","floor":12,"turns":8},{"damage":37,"enemies":"Gremlin Nob","floor":13,"turns":5},{"damage":60,"enemies":"Hexaghost","floor":16,"turns":9}],"seed_played":"8806837619555220176","potions_obtained":[{"floor":1,"key":"SkillPotion"},{"floor":3,"key":"AttackPotion"},{"floor":12,"key":"Dexterity Potion"},{"floor":13,"key":"Strength Potion"}],"is_trial":false,"path_per_floor":["M","?","M","M","$","R","?","?","T","$","M","M","E","?","R","B"],"character_chosen":"IRONCLAD","items_purchased":["MerchantsRug"],"campfire_rested":1,"item_purchase_floors":[5],"current_hp_per_floor":[80,80,80,80,80,80,80,80,80,80,78,66,35,35,59,0,0],"gold":184,"neow_bonus":"HUNDRED_GOLD","is_daily":false,"chose_seed":false,"campfire_upgraded":0,"win_rate":0.0,"timestamp":1611579698,"path_taken":["M","?","M","M","$","R","?","?","T","?","M","?","E","?","R","BOSS"],"items_purchased_type":["Relic"],"build_version":"2020-12-22","purchased_purges":1,"victory":false,"max_hp_per_floor":[80,80,80,80,80,80,80,80,80,80,80,80,80,80,80,80,80],"card_choices":[{"not_picked":["Searing Blow","Pommel Strike","Dual Wield"],"picked":"SKIP","floor":1},{"not_picked":["Hemokinesis","Anger"],"picked":"Wild Strike","floor":3},{"not_picked":["Infernal Blade","Pommel Strike","Armaments"],"picked":"SKIP","floor":4},{"not_picked":["Sentinel","Feed","Armaments"],"picked":"SKIP","floor":11},{"not_picked":["Pommel Strike","Anger","Heavy Blade"],"picked":"SKIP","floor":12},{"not_picked":["Armaments","Hemokinesis","Wild Strike"],"picked":"SKIP","floor":13}],"player_experience":196782,"relics_obtained":[{"floor":13,"key":"Orichalcum"}],"event_choices":[{"cards_removed":["Strike_R"],"damage_healed":0,"gold_gain":0,"player_choice":"Forget","damage_taken":0,"max_hp_gain":0,"max_hp_loss":0,"event_name":"Living Wall","floor":2,"gold_loss":0},{"damage_healed":0,"gold_gain":0,"player_choice":"Ignored","damage_taken":0,"max_hp_gain":0,"max_hp_loss":0,"event_name":"Liars Game","floor":7,"gold_loss":0},{"damage_healed":0,"gold_gain":71,"player_choice":"Gained Gold","damage_taken":0,"max_hp_gain":0,"max_hp_loss":0,"event_name":"Golden Wing","floor":8,"gold_loss":0},{"cards_removed":["Strike_R"],"damage_healed":0,"gold_gain":0,"player_choice":"Purged","damage_taken":0,"max_hp_gain":0,"max_hp_loss":0,"event_name":"Purifier","floor":14,"gold_loss":0}],"is_beta":false,"boss_relics":[],"items_purged_floors":[10],"is_endless":false,"potions_floor_spawned":[1,3,12,13],"killed_by":"Hexaghost","ascension_level":0}}