{"host":"7ignn9ecrhg4n0rm","time":1611595988,"event":{"mods":["BaseMod","Minty Spire (QoL Compilation)","Relic Stats","StSLib"],"gold_per_floor":[119,19,39,55,55,55,83,99,122,148,148,148,162,179,179,179,179],"floor_reached":16,"language":"ENG","playtime":1128,"items_purged":["Strike_G"],"score":190,"play_id":"943ed89b-95bb-490c-b973-85a4360c21ec","local_time":"20210125093308","is_ascension_mode":true,"campfire_choices":[{"data":"Leg Sweep","floor":6,"key":"SMITH"},{"floor":12,"key":"REST"},{"data":"Acrobatics","floor":15,"key":"SMITH"}],"circlet_count":0,"master_deck":["AscendersBane","Strike_G","Strike_G","Strike_G","Strike_G+1","Defend_G","Defend_G","Defend_G","Defend_G","Defend_G","Survivor","Neutralize","Adrenaline+1","Leg Sweep+1","Backflip","Calculated Gamble+1","Backstab","Venomology","PiercingWail","Escape Plan","Heel Hook","Acrobatics+1"],"relics":["Ring of the Snake","Omamori","Art of War","Pen Nib"],"acts_visited":["Exordium"],"potions_floor_usage":[7,7,10,10,13,14,16,16,16],"damage_taken":[{"damage":0,"enemies":"Cultist","floor":1,"turns":6},{"damage":1,"enemies":"Small Slimes","floor":3,"turns":5},{"damage":0,"enemies":"2 Louse","floor":4,"turns":3},{"damage":17,"enemies":"Gremlin Nob","floor":7,"turns":3},{"damage":4,"enemies":"Large Slime","floor":8,"turns":13},{"damage":7,"enemies":"3 Sentries","floor":10,"turns":17},{"damage":0,"enemies":"3 Louse","floor":13,"turns":4},{"damage":0,"enemies":"Red Slaver","floor":14,"turns":4},{"damage":22,"enemies":"The Guardian","floor":16,"turns":11}],"seed_played":"-551132499136165974","potions_obtained":[{"floor":1,"key":"CunningPotion"},{"floor":3,"key":"FearPotion"},{"floor":8,"key":"AttackPotion"},{"floor":10,"key":"PowerPotion"}],"is_trial":false,"path_per_floor":["M","$","M","M","?","R","E","M","T","E","?","R","M","M","R","B"],"character_chosen":"THE_SILENT","items_purchased":["Backflip"],"campfire_rested":1,"item_purchase_floors":[2],"current_hp_per_floor":[44,44,43,43,43,43,26,22,22,15,2,21,21,21,21,0,0],"gold":179,"neow_bonus":"THREE_RARE_CARDS","is_daily":false,"chose_seed":false,"campfire_upgraded":2,"win_rate":0.0,"timestamp":1611595988,"path_taken":["M","$","M","?","?","R","E","M","T","E","?","R","M","M","R","BOSS"],"items_purchased_type":["Card"],"build_version":"2020-12-22","purchased_purges":1,"victory":false,"max_hp_per_floor":[66,66,66,66,66,66,66,66,66,66,66,66,66,66,66,66,66],"relic_stats":{"counters":[9,66],"Pen Nib":[3],"Art of War":[6],"obtain_stats":[{"Pen Nib":10,"Omamori":7,"Art of War":9,"Ring of the Snake":0},{"Pen Nib":6,"Omamori":4,"Art of War":5,"Ring of the Snake":0},{"Pen Nib":47,"Omamori":17,"Art of War":30,"Ring of the Snake":0}],"Ring of the Snake":[18]},"card_choices":[{"not_picked":["Glass Knife","Unload"],"picked":"Adrenaline","floor":0},{"not_picked":["Riddle With Holes","Underhanded Strike"],"picked":"Leg Sweep","floor":1},{"not_picked":["Leg Sweep","Dash"],"picked":"Calculated Gamble","floor":3},{"not_picked":["Infinite Blades","Predator"],"picked":"Backstab","floor":4},{"not_picked":["Deadly Poison","Setup"],"picked":"Venomology","floor":7},{"not_picked":["Slice","Choke"],"picked":"PiercingWail","floor":8},{"not_picked":["Prepared","Sucker Punch"],"picked":"Escape Plan","floor":10},{"not_picked":["Reflex","Deflect"],"picked":"Heel Hook","floor":13},{"not_picked":["Cloak And Dagger","Slice"],"picked":"Acrobatics","floor":14}],"player_experience":231859,"relics_obtained":[{"floor":7,"key":"Omamori"},{"floor":9,"key":"Art of War"},{"floor":10,"key":"Pen Nib"}],"event_choices":[{"damage_healed":0,"gold_gain":0,"player_choice":"Grow","damage_taken":0,"max_hp_gain":0,"max_hp_loss":0,"event_name":"Living Wall","floor":5,"gold_loss":0,"cards_upgraded":["Calculated Gamble"]},{"damage_healed":0,"gold_gain":0,"player_choice":"Entered Light","damage_taken":13,"max_hp_gain":0,"max_hp_loss":0,"event_name":"Shining Light","floor":11,"gold_loss":0,"cards_upgraded":["Adrenaline","Strike_G"]}],"is_beta":false,"boss_relics":[],"items_purged_floors":[2],"is_endless":false,"potions_floor_spawned":[1,3,8,10,14],"killed_by":"The Guardian","ascension_level":14}}