{"host":"4kmvpqjeiacgn1pr","time":1611579765,"event":{"mods":["AchievementEnabler","BaseMod","Better Altar","Better Match","Better Note","Better Sensory Stone","Better Skull","Better Third Choice","Colored Map","Colored Powertips","Curses Come First","Highlight Path","Minty Spire (QoL Compilation)","Permanent Neow","Rare Cards Sparkle","Replay The Spire","Spicy Shops","StSLib"],"gold_per_floor":[364,364,384,32,307,307,11,40,40,74,92,105,105,138,138,240,240,257,28,468,504,522,554,569,569,569],"floor_reached":25,"language":"ENG","playtime":1160,"items_purged":["Regret","Strike_B","Regret"],"score":376,"play_id":"0c30a3e8-2ff3-49dc-98de-80c8735e6b5a","local_time":"20210125080245","is_ascension_mode":true,"campfire_choices":[{"data":"ReplayGash","floor":6,"key":"SMITH"},{"data":"ReplayTheSpireMod:Omega Cannon","floor":6,"key":"SMITH"},{"data":"Zap","floor":15,"key":"SMITH"},{"data":"Dualcast","floor":15,"key":"SMITH"}],"circlet_count":0,"master_deck":["Strike_B","Strike_B","Strike_B","Defend_B","Defend_B","Defend_B","Defend_B","Zap+1","Dualcast+1","ReplayGash+1","Metallicize+1","Auto Shields","ReplayTheSpireMod:Omega Cannon","ReplayTheSpireMod:Omega Cannon+1","FTL+1","Scrape+1","Rebound+1","Recycle","Hyperbeam+1","ReplayTheSpireMod:Omega Cannon+1","Go for the Eyes+1","Beam Cell+1","Flash of Steel+1","ReplayGash+1","Undo","Heatsinks"],"relics":["Cracked Core","Smiling Mask","Lee\u0027s Waffle","Replay:Arrowhead","Molten Egg 2","Omamori","The Courier","Replay:Ringing Soul","Pantograph","Carrot","Nuclear Battery","Medical Kit","Blue Doll","Ornamental Fan"],"acts_visited":["Exordium","TheCity"],"potions_floor_usage":[14,14,16,21,24,25],"damage_taken":[{"damage":9,"enemies":"Jaw Worm","floor":1,"turns":3},{"damage":0,"enemies":"Cultist","floor":3,"turns":3},{"damage":5,"enemies":"3 Sentries","floor":8,"turns":3},{"damage":43,"enemies":"Gremlin Nob","floor":10,"turns":5},{"damage":0,"enemies":"Small Slimes","floor":11,"turns":1},{"damage":2,"enemies":"Exordium Thugs","floor":12,"turns":3},{"damage":21,"enemies":"Lagavulin","floor":14,"turns":4},{"damage":17,"enemies":"Hexaghost","floor":16,"turns":6},{"damage":2,"enemies":"Chosen","floor":18,"turns":3},{"damage":0,"enemies":"Shell Parasite","floor":21,"turns":2},{"damage":0,"enemies":"3 Cultists","floor":22,"turns":1},{"damage":21,"enemies":"Gremlin Leader","floor":23,"turns":3},{"damage":0,"enemies":"Snecko","floor":24,"turns":2},{"damage":13,"enemies":"Snake Plant","floor":25,"turns":2}],"seed_played":"4465275508306702787","potions_obtained":[{"floor":8,"key":"SpeedPotion"},{"floor":11,"key":"Fire Potion"},{"floor":14,"key":"SkillPotion"},{"floor":16,"key":"Strength Potion"},{"floor":18,"key":"ColorlessPotion"},{"floor":24,"key":"DuplicationPotion"}],"is_trial":false,"path_per_floor":["M","?","M","$","?","R","$","E","T","E","M","M","T","E","R","B",null,"M","$","?","M","M","E","M","M"],"character_chosen":"DEFECT","items_purchased":["Lee\u0027s Waffle","Replay:Arrowhead","ReplayTheSpireMod:Omega Cannon","Molten Egg 2","Medical Kit","Beam Cell+1","Flash of Steel+1"],"campfire_rested":0,"item_purchase_floors":[4,4,4,7,19,19,19],"current_hp_per_floor":[45,24,24,82,82,82,82,77,77,37,40,41,41,23,23,34,81,82,85,19,19,22,4,7,0,0],"gold":569,"neow_bonus":"TWO_FIFTY_GOLD","is_daily":false,"chose_seed":false,"campfire_upgraded":4,"win_rate":0.0,"timestamp":1611579765,"path_taken":["M","?","M","$","?","R","$","E","T","E","?","?","?","E","R","BOSS","M","?","?","M","M","E","?","M"],"items_purchased_type":["Relic","Relic","Card","Relic","Relic","Card","Card"],"build_version":"2020-12-22","purchased_purges":3,"victory":false,"max_hp_per_floor":[75,75,75,82,82,82,82,82,82,85,88,91,91,94,94,97,97,100,103,103,103,106,109,112,112,112],"card_choices":[{"not_picked":["Redo","Hologram"],"picked":"ReplayGash","floor":1},{"not_picked":["Sweeping Beam","Rebound"],"picked":"Auto Shields","floor":3},{"not_picked":["Panic Button","ReplaySolidLightProjector"],"picked":"FTL+1","floor":8},{"not_picked":["BootSequence","Steam Power"],"picked":"Scrape+1","floor":10},{"not_picked":["Beam Cell+1","Hologram"],"picked":"Rebound+1","floor":11},{"not_picked":["Beam Cell+1","Steam"],"picked":"Recycle","floor":12},{"not_picked":["Biased Cognition","Compile Driver+1"],"picked":"Hyperbeam+1","floor":14},{"not_picked":["Meteor Strike+1","Rainbow"],"picked":"ReplayTheSpireMod:Omega Cannon+1","floor":16},{"not_picked":["Defragment","Rebound+1"],"picked":"Go for the Eyes+1","floor":18},{"not_picked":["Conserve Battery","Turbo","Stack"],"picked":"SKIP","floor":21},{"not_picked":["Loop","Barrage+1"],"picked":"ReplayGash+1","floor":22},{"not_picked":["Redo","Turbo+1"],"picked":"Undo","floor":23},{"not_picked":["Cold Snap+1","Go for the Eyes+1"],"picked":"Heatsinks","floor":24}],"player_experience":341998,"relics_obtained":[{"floor":8,"key":"Omamori"},{"floor":9,"key":"The Courier"},{"floor":10,"key":"Replay:Ringing Soul"},{"floor":13,"key":"Pantograph"},{"floor":14,"key":"Carrot"},{"floor":23,"key":"Ornamental Fan"}],"event_choices":[{"damage_healed":0,"gold_gain":275,"player_choice":"Desecrate","damage_taken":0,"max_hp_gain":0,"max_hp_loss":0,"event_name":"Golden Shrine","floor":5,"gold_loss":0,"cards_obtained":["Regret"]},{"damage_healed":0,"gold_gain":440,"player_choice":"GO GO GO RE GO ","damage_taken":72,"relics_obtained":["Blue Doll"],"max_hp_gain":0,"max_hp_loss":0,"event_name":"betterSkull:BetterSkull","floor":20,"gold_loss":0,"cards_upgraded":[]}],"is_beta":false,"boss_relics":[{"not_picked":["Inserter","ReplayTheSpireMod:Onyx Gauntlets"],"picked":"Nuclear Battery"}],"items_purged_floors":[4,4,7],"is_endless":false,"potions_floor_spawned":[8,11,14,16,18,24],"killed_by":"Snake Plant","ascension_level":5}}