{"host":"iph0xvuia0glosgr","time":1611571271,"event":{"mods":["AchievementEnabler","BaseMod","Minty Spire (QoL Compilation)"],"gold_per_floor":[116,116,128,140,140,172,172,172,172,172,187,187,201,218,218,218,218],"floor_reached":16,"language":"ENG","playtime":854,"items_purged":[],"score":102,"play_id":"32885802-c889-428e-9dcc-21c7df420a4d","local_time":"20210125104111","is_ascension_mode":false,"campfire_choices":[{"data":"Zap","floor":7,"key":"SMITH"},{"floor":10,"key":"REST"},{"floor":15,"key":"REST"}],"circlet_count":0,"master_deck":["Strike_B","Strike_B+1","Strike_B","Strike_B+1","Defend_B","Defend_B","Defend_B","Defend_B","Zap+1","Dualcast","Compile Driver","Ball Lightning","Fusion","Regret","Compile Driver","Barrage","Streamline","Glacier","Static Discharge"],"relics":["Cracked Core","Akabeko","Boot","Question Card"],"acts_visited":["Exordium"],"potions_floor_usage":[6,13,16],"damage_taken":[{"damage":5,"enemies":"Cultist","floor":1,"turns":4},{"damage":0,"enemies":"Small Slimes","floor":3,"turns":3},{"damage":1,"enemies":"2 Louse","floor":4,"turns":2},{"damage":31,"enemies":"3 Sentries","floor":6,"turns":5},{"damage":5,"enemies":"Blue Slaver","floor":11,"turns":3},{"damage":9,"enemies":"2 Fungi Beasts","floor":13,"turns":2},{"damage":5,"enemies":"Looter","floor":14,"turns":2},{"damage":51,"enemies":"Hexaghost","floor":16,"turns":7}],"seed_played":"-3460226598327910712","potions_obtained":[{"floor":1,"key":"DuplicationPotion"},{"floor":3,"key":"LiquidMemories"},{"floor":13,"key":"Dexterity Potion"}],"is_trial":false,"path_per_floor":["M","?","M","M","?","E","R","?","T","R","M","?","M","M","R","B"],"character_chosen":"DEFECT","items_purchased":[],"campfire_rested":2,"item_purchase_floors":[],"current_hp_per_floor":[70,70,70,69,69,38,38,38,38,60,55,40,31,26,48,0,0],"gold":218,"neow_bonus":"ONE_RANDOM_RARE_CARD","is_daily":false,"chose_seed":false,"campfire_upgraded":1,"win_rate":0.0,"timestamp":1611571271,"path_taken":["M","?","M","M","?","E","R","?","T","R","?","?","M","M","R","BOSS"],"items_purchased_type":[],"build_version":"2020-12-22","purchased_purges":0,"victory":false,"max_hp_per_floor":[75,75,75,75,75,75,75,75,75,75,75,75,75,75,75,75,75],"card_choices":[{"not_picked":["Auto Shields","Gash"],"picked":"Compile Driver","floor":1},{"not_picked":["Redo","Gash"],"picked":"Ball Lightning","floor":3},{"not_picked":["Go for the Eyes","Compile Driver"],"picked":"Fusion","floor":4},{"not_picked":["Aggregate","Fusion"],"picked":"Compile Driver","floor":6},{"not_picked":["Steam Power","Gash","Barrage"],"picked":"Streamline","floor":11},{"not_picked":["Sunder","Conserve Battery","Gash"],"picked":"Glacier","floor":13},{"not_picked":["Echo Form","Steam","Leap"],"picked":"Static Discharge","floor":14}],"player_experience":238866,"relics_obtained":[{"floor":6,"key":"Boot"},{"floor":9,"key":"Question Card"}],"event_choices":[{"damage_healed":0,"gold_gain":0,"player_choice":"Ignored","damage_taken":0,"max_hp_gain":0,"max_hp_loss":0,"event_name":"Golden Wing","floor":2,"gold_loss":0},{"damage_healed":0,"gold_gain":0,"player_choice":"Box","damage_taken":0,"relics_obtained":["Akabeko"],"max_hp_gain":0,"max_hp_loss":0,"event_name":"Big Fish","floor":5,"gold_loss":0,"cards_obtained":["Regret"]},{"damage_healed":0,"gold_gain":0,"cards_transformed":["Fission"],"player_choice":"Change","damage_taken":0,"max_hp_gain":0,"max_hp_loss":0,"event_name":"Living Wall","floor":8,"gold_loss":0,"cards_obtained":["Barrage"]},{"damage_healed":0,"gold_gain":0,"player_choice":"Entered Light","damage_taken":15,"max_hp_gain":0,"max_hp_loss":0,"event_name":"Shining Light","floor":12,"gold_loss":0,"cards_upgraded":["Strike_B","Strike_B"]}],"is_beta":false,"boss_relics":[],"items_purged_floors":[],"is_endless":false,"potions_floor_spawned":[1,3,13],"killed_by":"Hexaghost","ascension_level":0}}