{"host":"yfdtuf6ojcxn06xg","time":1611563720,"event":{"mods":["2.2 Compatiblity","AchievementEnabler","BaseMod","Colored Map","Colored Powertips","Curses Come First","Hermit","JesterMod","Jorbs\u0027s Wanderer Trilogy","Minty Spire (QoL Compilation)","Quick Restart","Rare Cards Sparkle","Relic Stats","Replay The Spire","StSLib","The Cursed","The Disciple","The Hierophant","The Jungle","The Marked","The Necromancer","The Servant 0.9.4"],"gold_per_floor":[119,44,62,62,72,106,106,56,56,66,66,76,108,176,176,276,276],"floor_reached":16,"language":"ENG","playtime":613,"items_purged":["Strike_R"],"score":231,"play_id":"41282161-fc39-4508-9214-a0a7e5f94b04","local_time":"20210125033520","is_ascension_mode":true,"campfire_choices":[{"data":"Metallicize","floor":7,"key":"SMITH"},{"data":"Fire Breathing","floor":11,"key":"SMITH"},{"floor":15,"key":"REST"}],"circlet_count":0,"master_deck":["Strike_R","Strike_R","Strike_R","Defend_R","Defend_R","Defend_R","Defend_R","Bash","Metallicize+1","Feel No Pain","Battle Trance","Fire Breathing+1","Replay:Undeath\u0027s Touch+1","ReplayTheSpireMod:Muscle Training","Feel No Pain"],"relics":["Burning Blood","NeowsBlessing","Gambling Chip","ReplayTheSpireMod:Shallot","Molten Egg 2","Replay:Mystery Machine","Quantum Egg"],"acts_visited":["Exordium"],"potions_floor_usage":[6,6,6,6,12,13,16],"damage_taken":[{"damage":0,"enemies":"Small Slimes","floor":1,"turns":1},{"damage":0,"enemies":"Cultist","floor":3,"turns":2},{"damage":0,"enemies":"2 Louse","floor":5,"turns":1},{"damage":22,"enemies":"Gremlin Nob","floor":6,"turns":5},{"damage":4,"enemies":"Blue Slaver","floor":10,"turns":6},{"damage":12,"enemies":"Large Slime","floor":12,"turns":1},{"damage":29,"enemies":"Lagavulin","floor":13,"turns":10},{"damage":10,"enemies":"Fading Forest","floor":16,"turns":11}],"seed_played":"-133172268964178575","potions_obtained":[{"floor":3,"key":"ColorlessPotion"},{"floor":5,"key":"SneckoOil"},{"floor":10,"key":"Weak Potion"},{"floor":14,"key":"HeartOfIron"},{"floor":16,"key":"Death Potion"}],"is_trial":false,"path_per_floor":["M","$","M","?","M","E","R","?","T","M","R","M","E","?","R","B"],"character_chosen":"IRONCLAD","items_purchased":[],"campfire_rested":1,"item_purchase_floors":[],"current_hp_per_floor":[80,80,80,80,80,64,64,64,64,66,66,60,37,37,61,75,75],"gold":276,"neow_bonus":"THREE_ENEMY_KILL","is_daily":false,"chose_seed":false,"campfire_upgraded":2,"win_rate":0.0,"timestamp":1611563720,"path_taken":["M","$","M","?","?","E","R","?","T","M","R","M","E","?","R","BOSS"],"items_purchased_type":[],"build_version":"2020-12-22","purchased_purges":1,"victory":false,"max_hp_per_floor":[80,80,80,80,80,80,80,80,80,80,80,80,80,80,80,80,80],"relic_stats":{"counters":[8,37],"Gambling Chip":[6],"obtain_stats":[{"NeowsBlessing":0,"ReplayTheSpireMod:Shallot":6,"Gambling Chip":4,"Quantum Egg":14,"Molten Egg 2":9,"Replay:Mystery Machine":13,"Burning Blood":0},{"NeowsBlessing":0,"ReplayTheSpireMod:Shallot":4,"Gambling Chip":2,"Quantum Egg":7,"Molten Egg 2":4,"Replay:Mystery Machine":7,"Burning Blood":0},{"NeowsBlessing":0,"ReplayTheSpireMod:Shallot":9,"Gambling Chip":3,"Quantum Egg":26,"Molten Egg 2":9,"Replay:Mystery Machine":26,"Burning Blood":0}],"Burning Blood":30},"card_choices":[{"not_picked":["Twin Strike","Thunderclap"],"picked":"Metallicize","floor":1},{"not_picked":["Thunderclap","Flex"],"picked":"Warcry","floor":3},{"not_picked":["Replay:Undeath\u0027s Touch","Clash"],"picked":"Feel No Pain","floor":5},{"not_picked":["ReplayTheSpireMod:Stacked","Carnage"],"picked":"Battle Trance","floor":6},{"not_picked":["Rage","Bloodletting"],"picked":"Fire Breathing","floor":10},{"not_picked":["Headbutt+1","ReplayTheSpireMod:Stacked"],"picked":"Replay:Undeath\u0027s Touch+1","floor":12},{"not_picked":["Shrug It Off","Hemokinesis+1"],"picked":"ReplayTheSpireMod:Muscle Training","floor":13},{"not_picked":["Berserk","Run Through+1"],"picked":"Feel No Pain","floor":14}],"player_experience":226505,"relics_obtained":[{"floor":6,"key":"ReplayTheSpireMod:Shallot"},{"floor":9,"key":"Molten Egg 2"},{"floor":13,"key":"Replay:Mystery Machine"},{"floor":14,"key":"Quantum Egg"}],"event_choices":[{"cards_removed":["Warcry"],"damage_healed":0,"gold_gain":0,"player_choice":"Gave Card","damage_taken":0,"relics_obtained":["Gambling Chip"],"max_hp_gain":0,"max_hp_loss":0,"event_name":"WeMeetAgain","floor":4,"gold_loss":0},{"cards_removed":["Strike_R"],"damage_healed":0,"gold_gain":0,"player_choice":"Card Removal","damage_taken":0,"max_hp_gain":0,"max_hp_loss":0,"event_name":"The Cleric","floor":8,"gold_loss":50}],"is_beta":false,"boss_relics":[],"items_purged_floors":[2],"is_endless":false,"potions_floor_spawned":[3,5,10,16],"killed_by":"Fading Forest","ascension_level":2}}