{"host":"zo0fa0a5kswy4u9t","time":1611560707,"event":{"mods":["BaseMod","Downfall","Marisa£®ÏF”Í°°ƒß¿Ì…≥£©","Minty Spire (QoL Compilation)","Remilia£®¿Ÿ√◊¿Ú—«£©","StSLib","The Bug Knight"],"gold_per_floor":[99,115,133,145,175,175,175,44,58,74,74,90,49,67,78,175,175,75,89,99,7,7,0,78,78,78,98,47,47,47,47],"floor_reached":29,"language":"ZHS","playtime":2457,"items_purged":[],"score":217,"play_id":"b4951132-9d24-4b31-9105-8c266c97ba72","local_time":"20210125154507","is_ascension_mode":false,"campfire_choices":[{"floor":1.0,"key":"RECALL"},{"floor":11.0,"key":"REST"},{"data":"Slimebound:MassRepurpose","floor":18.0,"key":"SMITH"}],"circlet_count":0,"master_deck":["Slimebound:Tackle","Slimebound:Defend_Slimebound","Slimebound:Defend_Slimebound","Slimebound:Defend_Slimebound","Slimebound:Defend_Slimebound","Slimebound:Split","Slimebound:CorrosiveSpit","Slimebound:SplitBruiser","Slimebound:SplitLeeching","Slimebound:SplitAcid","Slimebound:SlimeBarrage","expansioncontent:YouAreMine","Slimebound:Prepare","Slimebound:PressTheAttack","Slimebound:SelfFormingGoo","Slimebound:GoopSpray","Slimebound:SlimeBrawl","Slimebound:ItLooksTasty","Slimebound:Equalize","Slimebound:ComboTackle","Slimebound:MassRepurpose+1","Slimebound:PressTheAttack+1","Slimebound:GrowthPunch+1","Slimebound:GoopSpray+1","Slimebound:HauntingLick","Slimebound:ForwardTackle","Slimebound:SplitLeeching+1","Slimebound:PressTheAttack","Slimebound:Schlurp","Slimebound:SlimeBarrage","Slimebound:GoopSpray","Slimebound:MegaLick","Slimebound:AcidTongue"],"relics":["Slimebound:AbsorbEndCombat","Matryoshka","Astrolabe","downfall:HeartBlessingRed","MutagenicStrength","HollowMod:PaleOreRelic","Mummified Hand"],"acts_visited":["Exordium","TheCity"],"potions_floor_usage":[],"damage_taken":[{"damage":10.0,"enemies":"Jaw Worm","floor":2.0,"turns":5.0},{"damage":3.0,"enemies":"Small Slimes","floor":3.0,"turns":2.0},{"damage":3.0,"enemies":"2 Louse","floor":4.0,"turns":2.0},{"damage":0.0,"enemies":"downfall:FleeingMerchant","floor":8.0,"turns":4.0},{"damage":19.0,"enemies":"Exordium Thugs","floor":9.0,"turns":3.0},{"damage":7.0,"enemies":"Red Slaver","floor":10.0,"turns":3.0},{"damage":12.0,"enemies":"Large Slime","floor":12.0,"turns":5.0},{"damage":7.0,"enemies":"downfall:FleeingMerchant","floor":13.0,"turns":4.0},{"damage":1.0,"enemies":"3 Louse","floor":14.0,"turns":3.0},{"damage":16.0,"enemies":"Exordium Thugs","floor":15.0,"turns":5.0},{"damage":21.0,"enemies":"IC_STATUS_ARCHETYPE","floor":16.0,"turns":8.0},{"damage":27.0,"enemies":"Spheric Guardian","floor":19.0,"turns":6.0},{"damage":17.0,"enemies":"Shell Parasite","floor":20.0,"turns":7.0},{"damage":3.0,"enemies":"downfall:FleeingMerchant","floor":21.0,"turns":4.0},{"damage":6.0,"enemies":"downfall:FleeingMerchant","floor":23.0,"turns":4.0},{"damage":36.0,"enemies":"Shelled Parasite and Fungi","floor":27.0,"turns":5.0},{"damage":24.0,"enemies":"downfall:FleeingMerchant","floor":28.0,"turns":4.0},{"damage":51,"enemies":"3 Cultists","floor":29,"turns":4}],"seed_played":"-7735610580799296055","potions_obtained":[{"floor":12.0,"key":"FairyPotion"},{"floor":14.0,"key":"FearPotion"},{"floor":15.0,"key":"Swift Potion"},{"floor":16.0,"key":"Fruit Juice"},{"floor":19.0,"key":"Slimebound:ThreeZeroPotion"},{"floor":26.0,"key":"CultistPotion"}],"is_trial":false,"path_per_floor":["R","M","M","M","?","T","T","$","M","M","R","M","$","M","M","B",null,"R","M","M","$","?","$","T","?","?","M","$","M"],"character_chosen":"SLIMEBOUND","items_purchased":["expansioncontent:YouAreMine","Slimebound:Prepare","Slimebound:ItLooksTasty","Slimebound:PressTheAttack","Slimebound:Schlurp","Slimebound:AcidTongue"],"campfire_rested":1,"item_purchase_floors":[8,8,13,21,21,28],"current_hp_per_floor":[71,66,67,66,66,66,66,70,53,48,69,61,56,59,57,53,76,76,53,44,55,55,53,53,53,53,23,13,0,0,0],"gold":47,"neow_bonus":"TEN_PERCENT_HP_BONUS","is_daily":false,"chose_seed":false,"campfire_upgraded":1,"win_rate":0.0,"timestamp":1611560707,"path_taken":["R","M","M","M","?","?","T","$","M","M","R","M","?","M","M","BOSS","R","M","M","$","?","$","T","?","?","?","$","M"],"items_purchased_type":["Card","Card","Card","Card","Card","Card"],"build_version":"2020-12-22","purchased_purges":0,"victory":false,"max_hp_per_floor":[71,71,71,71,71,71,71,71,71,71,71,71,71,71,71,76,76,76,76,76,76,76,76,76,76,76,76,76,76,76,76],"card_choices":[{"not_picked":["Slimebound:Prepare","Slimebound:FinishingTackle"],"picked":"Slimebound:SplitBruiser","floor":2.0},{"not_picked":["Slimebound:RainOfGoop","Slimebound:GoopSpray"],"picked":"Slimebound:SplitLeeching","floor":3.0},{"not_picked":["Slimebound:GoopSpray","Slimebound:GoopTackle"],"picked":"Slimebound:SplitAcid","floor":4.0},{"not_picked":["Slimebound:TongueLash","Slimebound:SplitBruiser"],"picked":"Slimebound:SlimeBarrage","floor":8.0},{"not_picked":["Slimebound:LeechingTouch","Slimebound:LeechEnergy"],"picked":"Slimebound:PressTheAttack","floor":9.0},{"not_picked":["Slimebound:LeadByExample","Slimebound:ViciousTackle"],"picked":"Slimebound:SelfFormingGoo","floor":10.0},{"not_picked":["Slimebound:Chomp","Slimebound:SplitLeeching"],"picked":"Slimebound:GoopSpray","floor":12.0},{"not_picked":["Slimebound:RollThrough","Slimebound:SlimeSpikes"],"picked":"Slimebound:SlimeBrawl","floor":13.0},{"not_picked":["Slimebound:GoopSpray","Slimebound:LeechEnergy"],"picked":"Slimebound:Equalize","floor":14.0},{"not_picked":["Slimebound:FinishingTackle","Slimebound:LeechingTouch"],"picked":"Slimebound:ComboTackle","floor":15.0},{"not_picked":["Slimebound:OozeBath","Slimebound:RallyTheTroops"],"picked":"Slimebound:MassRepurpose","floor":16.0},{"not_picked":["Slimebound:GrowthPunch","Slimebound:ItLooksTasty"],"picked":"Slimebound:HauntingLick","floor":19.0},{"not_picked":["Slimebound:FlameTackle","Slimebound:LeechEnergy"],"picked":"Slimebound:ForwardTackle","floor":20.0},{"not_picked":["Slimebound:Prepare","Slimebound:Grow"],"picked":"Slimebound:SplitLeeching+1","floor":21.0},{"not_picked":["Slimebound:Schlurp","Slimebound:ItLooksTasty"],"picked":"Slimebound:SlimeBarrage","floor":23.0},{"not_picked":["Slimebound:SamplingLick","Slimebound:Schlurp"],"picked":"Slimebound:GoopSpray","floor":27.0},{"not_picked":["Slimebound:OozeBath","Slimebound:Replication+1"],"picked":"Slimebound:MegaLick","floor":28.0}],"player_experience":59498,"relics_obtained":[{"floor":7.0,"key":"Matryoshka"},{"floor":24.0,"key":"HollowMod:PaleOreRelic"},{"floor":24.0,"key":"Mummified Hand"}],"event_choices":[{"damage_healed":0.0,"max_hp_gain":0.0,"max_hp_loss":0.0,"gold_gain":0.0,"event_name":"Drug Dealer","player_choice":"Inject Mutagens","floor":22.0,"gold_loss":0.0,"damage_taken":0.0,"relics_obtained":["MutagenicStrength"]},{"damage_healed":0.0,"max_hp_gain":0.0,"max_hp_loss":0.0,"gold_gain":0.0,"event_name":"Ghosts","player_choice":"Ignored","floor":25.0,"gold_loss":0.0,"damage_taken":0.0}],"is_beta":false,"boss_relics":[{"not_picked":["SlaversCollar","Coffee Dripper"],"picked":"Astrolabe"}],"items_purged_floors":[],"is_endless":false,"potions_floor_spawned":[12,14,15,16,19,20],"killed_by":"3 Cultists","ascension_level":0}}