{"host":"a76kj1hq3s7111r2","time":1611615697,"event":{"mods":["Alarm Clock","BaseMod","GifTheSpireLib","Gold Saver","Hermit","Koishi","Marisa????????","Marked Mod","Minty Spire (QoL Compilation)","Potionbrewer","Rare Cards Sparkle","Shop Mod","StSLib","The Cursed","The Marked","The Servant 0.9.4"],"gold_per_floor":[656,656,656,672,683,52,69,169,192,192,227,246,226,246,246,343,343,358,68,88,158,158,158,158],"floor_reached":23,"language":"ENG","playtime":2498,"items_purged":["theMarked:Strike"],"score":191,"play_id":"e5e97fe7-a280-44d2-82ac-cde567b42035","local_time":"20210125180137","is_ascension_mode":false,"campfire_choices":[{"floor":10,"key":"REST"},{"floor":15,"key":"REST"}],"circlet_count":0,"master_deck":["theMarked:Strike","theMarked:Strike","theMarked:Defend","theMarked:Defend","theMarked:Defend","theMarked:SoldierOfQuellstein","Metamorphosis+1","theMarked:Polarize+1","theMarked:Memento","theMarked:WardOff","Apotheosis","theMarked:SuspiciousRaven","theMarked:Heritage","theMarked:MagusForm","theMarked:ResourceFulStrike+1","theMarked:CreepingChasm+1","theMarked:PowerFlow+1","theMarked:ComboAttacks","theMarked:WardOff"],"relics":["theMarked:ArtifactOfAir","Singing Bowl","Dream Catcher","Astrolabe","Regal Pillow","potionbrewer:BottledElixir","Pantograph"],"acts_visited":["Exordium","TheCity"],"potions_floor_usage":[11,11,11,16,16,23],"damage_taken":[{"damage":0,"enemies":"Small Slimes","floor":1,"turns":3},{"damage":1,"enemies":"Cultist","floor":4,"turns":3},{"damage":8,"enemies":"Jaw Worm","floor":5,"turns":4},{"damage":14,"enemies":"Lots of Slimes","floor":7,"turns":4},{"damage":16,"enemies":"Gremlin Nob","floor":11,"turns":4},{"damage":16,"enemies":"Large Slime","floor":12,"turns":4},{"damage":21,"enemies":"Red Slaver","floor":14,"turns":4},{"damage":34,"enemies":"Hexaghost","floor":16,"turns":10},{"damage":12,"enemies":"Spheric Guardian","floor":18,"turns":4},{"damage":27,"enemies":"Shell Parasite","floor":20,"turns":5},{"damage":39,"enemies":"Gremlin Leader","floor":23,"turns":4}],"seed_played":"3103542344949936083","potions_obtained":[{"floor":4,"key":"ColorlessPotion"},{"floor":5,"key":"EntropicBrew"},{"floor":13,"key":"Ancient Potion"},{"floor":14,"key":"potionbrewer:ToxicPotion"},{"floor":16,"key":"theMarked:ChargePotion"}],"is_trial":false,"path_per_floor":["M","?","?","M","M","$","M","?","T","R","E","M","?","M","R","B",null,"M","$","M","T","T","E"],"character_chosen":"THE_DEFAULT","items_purchased":["Apotheosis","Singing Bowl","theMarked:SuspiciousRaven","theMarked:Heritage","Regal Pillow","theMarked:ComboAttacks"],"campfire_rested":2,"item_purchase_floors":[6,6,6,6,19,19],"current_hp_per_floor":[63,63,63,62,54,54,42,42,42,61,47,33,33,14,37,3,73,63,63,36,36,36,0,0],"gold":158,"neow_bonus":"RANDOM_COLORLESS_2","is_daily":false,"chose_seed":false,"campfire_upgraded":0,"win_rate":0.0,"timestamp":1611615697,"path_taken":["M","?","?","M","?","$","M","?","T","R","E","?","?","M","R","BOSS","M","$","M","?","?","E"],"items_purchased_type":["Card","Relic","Card","Card","Relic","Card"],"build_version":"2020-12-22","purchased_purges":1,"victory":false,"max_hp_per_floor":[63,63,63,63,63,63,65,65,65,65,67,69,69,71,73,73,73,75,75,75,75,75,75,75],"card_choices":[{"not_picked":["Sadistic Nature","Panache"],"picked":"Metamorphosis","floor":0},{"not_picked":["theMarked:Aftermath","theMarked:RepellingDischarge"],"picked":"theMarked:Polarize","floor":1},{"not_picked":["theMarked:EmpowerWeapon","theMarked:ContemptForTheProud"],"picked":"theMarked:Memento","floor":4},{"not_picked":["theMarked:UnarmedFury","theMarked:Frustration"],"picked":"theMarked:WardOff","floor":5},{"not_picked":["theMarked:ParalyzingBlade","theMarked:ChainLightning","theMarked:Overthink"],"picked":"Singing Bowl","floor":7},{"not_picked":["theMarked:MuscleMemory","theMarked:WardOff","theMarked:TakeCover"],"picked":"Singing Bowl","floor":11},{"not_picked":["theMarked:Frustration","theMarked:GodGivenPower","theMarked:TakeCover"],"picked":"Singing Bowl","floor":12},{"not_picked":["theMarked:Parkour","theMarked:WastefulAttack","theMarked:ResourceFulStrike"],"picked":"Singing Bowl","floor":14},{"not_picked":["theMarked:SwordAndMagic","theMarked:Parkour","theMarked:ElectricStrings"],"picked":"Singing Bowl","floor":15},{"not_picked":["theMarked:TakeOffHeels","theMarked:Challenge"],"picked":"theMarked:MagusForm","floor":16},{"not_picked":["theMarked:Standoff","theMarked:Opportunist","theMarked:Frustration"],"picked":"Singing Bowl","floor":18},{"not_picked":["theMarked:Frustration","theMarked:Overthink+1"],"picked":"theMarked:WardOff","floor":20}],"player_experience":402144,"relics_obtained":[{"floor":11,"key":"Dream Catcher"},{"floor":21,"key":"potionbrewer:BottledElixir"},{"floor":22,"key":"Pantograph"}],"event_choices":[{"damage_healed":0,"gold_gain":0,"player_choice":"Grow","damage_taken":0,"max_hp_gain":0,"max_hp_loss":0,"event_name":"Living Wall","floor":2,"gold_loss":0,"cards_upgraded":["Metamorphosis"]},{"damage_healed":0,"gold_gain":0,"player_choice":"Upgraded","damage_taken":0,"max_hp_gain":0,"max_hp_loss":0,"event_name":"Upgrade Shrine","floor":3,"gold_loss":0,"cards_upgraded":["theMarked:Polarize"]},{"damage_healed":0,"gold_gain":100,"player_choice":"Pray","damage_taken":0,"max_hp_gain":0,"max_hp_loss":0,"event_name":"Golden Shrine","floor":8,"gold_loss":0},{"damage_healed":0,"gold_gain":0,"player_choice":"Bought 1 Potion","damage_taken":0,"max_hp_gain":0,"max_hp_loss":0,"event_name":"The Woman in Blue","floor":13,"gold_loss":0}],"is_beta":false,"boss_relics":[{"not_picked":["Velvet Choker","Ectoplasm"],"picked":"Astrolabe"}],"items_purged_floors":[19],"is_endless":false,"potions_floor_spawned":[4,5,14,16],"killed_by":"Gremlin Leader","ascension_level":0}}