{"host":"04hh9gplt9wkfmr1","time":1611559506,"event":{"mods":["AchievementEnabler","BaseMod","Colored Map","KOR Keyword Fix","Minty Spire (QoL Compilation)","Rare Cards Sparkle","SuperFastMode"],"gold_per_floor":[110,185,185,198,221,221,245,245,245,245,258,299,36,57,57,188,188,211,232,10,30,45,45,45,78,78,78,78,99,99,14,14,143,143,161,161,184,204,229,229,247,247,247,291,291,355,688,699,699,699],"floor_reached":51,"language":"KOR","playtime":1260,"items_purged":[],"score":900,"play_id":"317f64fc-d9c2-4905-89eb-7645935549b9","local_time":"20210125162506","is_ascension_mode":true,"campfire_choices":[{"data":"Heavy Blade","floor":6.0,"key":"SMITH"},{"data":"Limit Break","floor":8.0,"key":"SMITH"},{"data":"Bash","floor":10.0,"key":"SMITH"},{"data":"Feed","floor":15.0,"key":"SMITH"},{"floor":24.0,"key":"REST"},{"floor":27.0,"key":"REST"},{"floor":30.0,"key":"REST"},{"data":"Demon Form","floor":32.0,"key":"SMITH"},{"floor":40.0,"key":"REST"},{"data":"Double Tap","floor":42.0,"key":"SMITH"},{"floor":45.0,"key":"REST"},{"floor":49,"key":"REST"}],"circlet_count":0,"master_deck":["Strike_R","Strike_R","Strike_R","Strike_R","Strike_R","Defend_R","Defend_R","Defend_R","Defend_R","Bash+1","Heavy Blade+1","Limit Break+1","Evolve","Feed+1","Heavy Blade","Flash of Steel","Demon Form+1","Whirlwind+1","Headbutt","Inflame","Ghostly Armor+1","Heavy Blade+1","Impervious","Double Tap+1","Dual Wield","Madness","Madness","Metallicize+1","Parasite","Heavy Blade+1","Heavy Blade+1"],"relics":["Burning Blood","Bottled Tornado","Shuriken","Oddly Smooth Stone","Mark of Pain","Red Skull","Frozen Egg 2","HornCleat","Vajra","Sozu","FossilizedHelix","Juzu Bracelet","Pocketwatch"],"acts_visited":["Exordium","TheCity","TheBeyond"],"potions_floor_usage":[],"damage_taken":[{"damage":1.0,"enemies":"Cultist","floor":1.0,"turns":4.0},{"damage":5.0,"enemies":"Small Slimes","floor":4.0,"turns":3.0},{"damage":0.0,"enemies":"2 Louse","floor":5.0,"turns":3.0},{"damage":12.0,"enemies":"Looter","floor":7.0,"turns":3.0},{"damage":9.0,"enemies":"Blue Slaver","floor":11.0,"turns":5.0},{"damage":15.0,"enemies":"3 Sentries","floor":12.0,"turns":7.0},{"damage":24.0,"enemies":"Large Slime","floor":14.0,"turns":8.0},{"damage":56.0,"enemies":"Hexaghost","floor":16.0,"turns":10.0},{"damage":15.0,"enemies":"3 Byrds","floor":18.0,"turns":5.0},{"damage":32.0,"enemies":"2 Thieves","floor":19.0,"turns":4.0},{"damage":18.0,"enemies":"3 Cultists","floor":21.0,"turns":5.0},{"damage":33.0,"enemies":"Centurion and Healer","floor":22.0,"turns":3.0},{"damage":53.0,"enemies":"Book of Stabbing","floor":25.0,"turns":5.0},{"damage":20.0,"enemies":"Snake Plant","floor":29.0,"turns":3.0},{"damage":57.0,"enemies":"Automaton","floor":33.0,"turns":7.0},{"damage":44.0,"enemies":"3 Shapes","floor":35.0,"turns":4.0},{"damage":10.0,"enemies":"Orb Walker","floor":37.0,"turns":2.0},{"damage":0.0,"enemies":"Writhing Mass","floor":38.0,"turns":3.0},{"damage":29.0,"enemies":"Transient","floor":39.0,"turns":5.0},{"damage":5.0,"enemies":"Jaw Worm Horde","floor":41.0,"turns":4.0},{"damage":54.0,"enemies":"Giant Head","floor":44.0,"turns":7.0},{"damage":11.0,"enemies":"2 Orb Walkers","floor":46.0,"turns":2.0},{"damage":33,"enemies":"4 Shapes","floor":48,"turns":4},{"damage":8,"enemies":"Time Eater","floor":50,"turns":4}],"seed_played":"1389110083429424999","potions_obtained":[{"floor":4.0,"key":"Regen Potion"},{"floor":7.0,"key":"AttackPotion"},{"floor":11.0,"key":"FairyPotion"},{"floor":16.0,"key":"ColorlessPotion"},{"floor":19.0,"key":"SteroidPotion"},{"floor":21.0,"key":"Strength Potion"},{"floor":25.0,"key":"Weak Potion"},{"floor":29.0,"key":"SteroidPotion"}],"is_trial":false,"path_per_floor":["M","?","?","M","M","R","M","R","T","R","M","E","$","M","R","B",null,"M","M","$","M","M","?","R","E","T","R","?","M","R","?","R","B",null,"M","?","M","M","M","R","M","R","T","E","R","?","?","M","R","B",null],"character_chosen":"IRONCLAD","items_purchased":["Heavy Blade","Flash of Steel","Oddly Smooth Stone","Red Skull","Inflame"],"campfire_rested":6,"item_purchase_floors":[13,13,13,20,20],"current_hp_per_floor":[88,77,55,56,62,62,56,56,56,56,53,59,59,41,41,20,88,83,61,61,53,30,30,61,14,14,45,79,65,96,96,96,45,104,66,53,49,55,32,63,64,64,64,16,47,42,42,15,46,44],"gold":699,"neow_bonus":"TEN_PERCENT_HP_BONUS","is_daily":false,"chose_seed":false,"campfire_upgraded":6,"win_rate":0.0,"timestamp":1611559506,"path_taken":["M","?","?","M","M","R","M","R","T","R","M","E","$","M","R","BOSS","M","M","$","M","M","?","R","E","T","R","?","M","R","?","R","BOSS","M","?","M","M","M","R","M","R","T","E","R","?","?","M","R","BOSS"],"items_purchased_type":["Card","Card","Relic","Relic","Card"],"build_version":"2020-12-22","purchased_purges":0,"victory":true,"max_hp_per_floor":[88,88,88,88,88,88,88,88,88,88,88,88,88,88,88,88,88,92,96,96,100,104,104,104,104,104,104,104,104,104,104,104,104,104,104,104,104,104,104,104,104,104,104,104,104,104,104,104,104,104],"card_choices":[{"not_picked":["Sword Boomerang","Havoc"],"picked":"Heavy Blade","floor":1.0},{"not_picked":["Evolve","Rage"],"picked":"Limit Break","floor":4.0},{"not_picked":["Warcry","Shrug It Off","Sword Boomerang"],"picked":"SKIP","floor":5.0},{"not_picked":["Pummel","Cleave"],"picked":"Evolve","floor":7.0},{"not_picked":["Wild Strike","Cleave","Warcry"],"picked":"SKIP","floor":11.0},{"not_picked":["Iron Wave","Second Wind"],"picked":"Feed","floor":12.0},{"not_picked":["Thunderclap","Combust","Twin Strike"],"picked":"SKIP","floor":14.0},{"not_picked":["Barricade","Berserk"],"picked":"Demon Form","floor":16.0},{"not_picked":["Havoc","True Grit+1"],"picked":"Whirlwind+1","floor":18.0},{"not_picked":["Entrench","Flame Barrier"],"picked":"Headbutt","floor":19.0},{"not_picked":["Iron Wave","Rupture"],"picked":"Ghostly Armor+1","floor":21.0},{"not_picked":["Rupture","Cleave","Wild Strike"],"picked":"SKIP","floor":22.0},{"not_picked":["Burning Pact","Infernal Blade"],"picked":"Heavy Blade+1","floor":25.0},{"not_picked":["Rupture+1","Havoc"],"picked":"Impervious","floor":29.0},{"not_picked":["Exhume","Reaper"],"picked":"Double Tap","floor":33.0},{"not_picked":["Shrug It Off","Burning Pact"],"picked":"Dual Wield","floor":35.0},{"not_picked":["Flex","Thunderclap+1"],"picked":"Metallicize+1","floor":37.0},{"not_picked":["Clash","Warcry","Thunderclap"],"picked":"SKIP","floor":38.0},{"not_picked":["Wild Strike+1","Clothesline"],"picked":"Heavy Blade+1","floor":39.0},{"not_picked":["Intimidate+1","Reckless Charge+1"],"picked":"Heavy Blade+1","floor":41.0},{"not_picked":["Iron Wave+1","Thunderclap+1","Sever Soul"],"picked":"SKIP","floor":44.0},{"not_picked":["Power Through","Clash","Dropkick+1"],"picked":"SKIP","floor":48}],"player_experience":79698,"relics_obtained":[{"floor":9.0,"key":"Bottled Tornado"},{"floor":12.0,"key":"Shuriken"},{"floor":25.0,"key":"Frozen Egg 2"},{"floor":26.0,"key":"HornCleat"},{"floor":43.0,"key":"FossilizedHelix"},{"floor":44.0,"key":"Juzu Bracelet"},{"floor":46.0,"key":"Pocketwatch"}],"event_choices":[{"damage_healed":0.0,"max_hp_gain":0.0,"max_hp_loss":0.0,"gold_gain":75.0,"event_name":"World of Goop","player_choice":"Gather Gold","floor":2.0,"gold_loss":0.0,"damage_taken":11.0},{"damage_healed":0.0,"max_hp_gain":0.0,"max_hp_loss":0.0,"gold_gain":0.0,"event_name":"Golden Idol","player_choice":"Take Damage","floor":3.0,"gold_loss":0.0,"damage_taken":22.0,"relics_obtained":["Golden Idol"]},{"damage_healed":0.0,"max_hp_gain":0.0,"max_hp_loss":0.0,"gold_gain":0.0,"event_name":"Ghosts","player_choice":"Ignored","floor":23.0,"gold_loss":0.0,"damage_taken":0.0},{"damage_healed":34.0,"max_hp_gain":0.0,"max_hp_loss":0.0,"gold_gain":0.0,"event_name":"The Library","player_choice":"Heal","floor":28.0,"gold_loss":0.0,"damage_taken":0.0},{"damage_healed":0.0,"max_hp_gain":0.0,"max_hp_loss":0.0,"gold_gain":0.0,"event_name":"Addict","player_choice":"Obtained Relic","floor":31.0,"gold_loss":85.0,"damage_taken":0.0,"relics_obtained":["Vajra"]},{"damage_healed":0.0,"max_hp_gain":0.0,"max_hp_loss":0.0,"gold_gain":0.0,"event_name":"Winding Halls","player_choice":"Embrace Madness","floor":36.0,"gold_loss":0.0,"damage_taken":13.0,"cards_obtained":["Madness","Madness"]},{"damage_healed":0.0,"max_hp_gain":0.0,"max_hp_loss":0.0,"gold_gain":0.0,"event_name":"Mysterious Sphere","player_choice":"Fight","floor":46.0,"gold_loss":0.0,"damage_taken":0.0},{"damage_healed":0,"gold_gain":333,"player_choice":"Gave Idol","damage_taken":0,"max_hp_gain":0,"max_hp_loss":0,"event_name":"The Moai Head","floor":47,"relics_lost":["Golden Idol"],"gold_loss":0}],"is_beta":false,"boss_relics":[{"not_picked":["Fusion Hammer","Runic Cube"],"picked":"Mark of Pain"},{"not_picked":["Tiny House","Calling Bell"],"picked":"Sozu"}],"items_purged_floors":[],"is_endless":false,"potions_floor_spawned":[4,7,11,16,19,21,25,29,38,39,44,46,48],"ascension_level":3}}