{"host":"bq4pt811tk9yrmjl","time":1611600947,"event":{"mods":["AchievementEnabler","BaseMod","Colored Map","Colored Powertips","Defuse TimeMaze Blight","Hermit","Minty Spire (QoL Compilation)","StSLib","SuperFastMode"],"gold_per_floor":[118,118,118,293,304,63,163,197,197,197,209,55,55,70,70,170,170,189,205,205,82,93,93,105,118,145,145,155,167,197,197,197],"floor_reached":31,"language":"ENG","playtime":579,"items_purged":["Doubt"],"score":296,"play_id":"dfd0e68c-0378-4087-bea9-0e69d13e59d7","local_time":"20210125165547","is_ascension_mode":true,"campfire_choices":[{"data":"Anger","floor":10.0,"key":"SMITH"},{"data":"Demon Form","floor":13,"key":"SMITH"},{"floor":15,"key":"RECALL"},{"floor":23,"key":"REST"}],"circlet_count":0,"master_deck":["Strike_R","Strike_R","Strike_R","Strike_R","Strike_R","Defend_R","Defend_R","Defend_R","Defend_R","Bash","Anger+1","Demon Form+1","Flame Barrier","Berserk+1","Rage+1","Heavy Blade+1","Double Tap"],"relics":["Black Blood","NeowsBlessing","Kunai","Pear","Medical Kit","Regal Pillow","Self Forming Clay"],"acts_visited":["Exordium","TheCity"],"potions_floor_usage":[16,22,28,29,29],"damage_taken":[{"damage":0.0,"enemies":"Cultist","floor":1.0,"turns":1.0},{"damage":0.0,"enemies":"Jaw Worm","floor":5.0,"turns":1.0},{"damage":0.0,"enemies":"Gremlin Nob","floor":8.0,"turns":1.0},{"damage":5.0,"enemies":"Small Slimes","floor":11.0,"turns":4.0},{"damage":20,"enemies":"Exordium Wildlife","floor":14,"turns":4},{"damage":23,"enemies":"Slime Boss","floor":16,"turns":8},{"damage":21,"enemies":"Shell Parasite","floor":18,"turns":6},{"damage":38,"enemies":"Chosen","floor":19,"turns":6},{"damage":17,"enemies":"Snecko","floor":22,"turns":8},{"damage":21,"enemies":"Centurion and Healer","floor":24,"turns":7},{"damage":26,"enemies":"Sentry and Sphere","floor":25,"turns":6},{"damage":8,"enemies":"Snake Plant","floor":28,"turns":4},{"damage":10,"enemies":"Cultist and Chosen","floor":29,"turns":6},{"damage":73,"enemies":"Book of Stabbing","floor":30,"turns":6},{"damage":18,"enemies":"Shelled Parasite and Fungi","floor":31,"turns":2}],"seed_played":"-6813248503693577058","potions_obtained":[{"floor":5.0,"key":"SpeedPotion"},{"floor":11.0,"key":"SteroidPotion"},{"floor":19,"key":"FearPotion"},{"floor":25,"key":"Block Potion"},{"floor":28,"key":"Ancient Potion"},{"floor":29,"key":"BloodPotion"}],"is_trial":false,"path_per_floor":["M","?","?","?","M","$","?","E","T","R","M","$","R","M","R","B",null,"M","M","?","$","M","R","M","M","T","?","M","M","E","M"],"character_chosen":"IRONCLAD","items_purchased":["Kunai","Medical Kit","Weak Potion"],"campfire_rested":1,"item_purchase_floors":[6,12,21],"current_hp_per_floor":[80,80,80,80,80,80,80,90,90,90,90,90,90,76,76,59,90,81,55,55,55,50,77,68,54,54,54,58,78,17,0,0],"gold":197,"neow_bonus":"THREE_ENEMY_KILL","is_daily":false,"chose_seed":false,"campfire_upgraded":2,"win_rate":0.0,"timestamp":1611600947,"path_taken":["M","?","?","?","?","?","?","E","T","R","?","$","R","M","R","BOSS","M","?","?","$","M","R","M","?","T","?","M","M","E","M"],"items_purchased_type":["Relic","Relic","Potion"],"build_version":"2020-12-22","purchased_purges":1,"victory":false,"max_hp_per_floor":[80,80,80,80,80,80,80,90,90,90,90,90,90,90,90,90,90,90,90,90,90,90,90,90,90,90,90,90,90,90,90,90],"card_choices":[{"not_picked":["Clash","Iron Wave"],"picked":"Anger","floor":1.0},{"not_picked":["Heavy Blade","Perfected Strike","Pummel"],"picked":"SKIP","floor":5.0},{"not_picked":["Headbutt","Sentinel","Battle Trance"],"picked":"SKIP","floor":8.0},{"not_picked":["Clothesline","Perfected Strike"],"picked":"Demon Form","floor":11.0},{"not_picked":["Warcry","Flex"],"picked":"Flame Barrier","floor":14},{"not_picked":["Brutality","Juggernaut"],"picked":"Berserk","floor":16},{"not_picked":["Sword Boomerang","Headbutt"],"picked":"Rage","floor":18},{"not_picked":["Twin Strike","Heavy Blade","Battle Trance"],"picked":"SKIP","floor":19},{"not_picked":["Armaments","Thunderclap+1","Perfected Strike"],"picked":"SKIP","floor":22},{"not_picked":["Shrug It Off","Carnage","Perfected Strike"],"picked":"SKIP","floor":24},{"not_picked":["Iron Wave","Flex"],"picked":"Heavy Blade+1","floor":25},{"not_picked":["Rampage","Heavy Blade"],"picked":"Double Tap","floor":28},{"not_picked":["Ghostly Armor","Spot Weakness","Inflame"],"picked":"SKIP","floor":29},{"not_picked":["Twin Strike","Dark Embrace","Flex"],"picked":"SKIP","floor":30}],"player_experience":247432,"relics_obtained":[{"floor":8.0,"key":"Pear"},{"floor":26,"key":"Regal Pillow"},{"floor":30,"key":"Self Forming Clay"}],"event_choices":[{"damage_healed":0.0,"max_hp_gain":0.0,"max_hp_loss":0.0,"gold_gain":0.0,"event_name":"The Cleric","player_choice":"Leave","floor":2.0,"gold_loss":0.0,"damage_taken":0.0},{"damage_healed":0.0,"max_hp_gain":0.0,"max_hp_loss":0.0,"gold_gain":0.0,"event_name":"Golden Wing","player_choice":"Ignored","floor":3.0,"gold_loss":0.0,"damage_taken":0.0},{"damage_healed":0.0,"max_hp_gain":0.0,"max_hp_loss":0.0,"gold_gain":175.0,"event_name":"Liars Game","player_choice":"AGREE","floor":4.0,"gold_loss":0.0,"damage_taken":0.0,"cards_obtained":["Doubt"]},{"damage_healed":0.0,"max_hp_gain":0.0,"max_hp_loss":0.0,"gold_gain":100.0,"event_name":"Wheel of Change","player_choice":"Gold","floor":7.0,"gold_loss":0.0,"damage_taken":0.0},{"damage_healed":0,"gold_gain":0,"player_choice":"Forge","damage_taken":0,"max_hp_gain":0,"max_hp_loss":0,"event_name":"Accursed Blacksmith","floor":20,"gold_loss":0,"cards_upgraded":["Berserk"]},{"damage_healed":0,"gold_gain":0,"player_choice":"Upgraded","damage_taken":0,"max_hp_gain":0,"max_hp_loss":0,"event_name":"Upgrade Shrine","floor":27,"gold_loss":0,"cards_upgraded":["Rage"]}],"is_beta":false,"boss_relics":[{"not_picked":["Coffee Dripper","SlaversCollar"],"picked":"Black Blood"}],"items_purged_floors":[21],"is_endless":false,"potions_floor_spawned":[5,11,19,25,28,29],"killed_by":"Shelled Parasite and Fungi","ascension_level":1}}