{"host":"sc0o2qwpf9j16a4i","time":1611592782,"event":{"mods":["AchievementEnabler","BaseMod","BetterRewards","Block Reminder","Colored Map","Colored Powertips","Custom Start","Highlight Path","Minty Spire (QoL Compilation)","Relic Stats"],"gold_per_floor":[116,133,133,45,59,91,108,142,142,142,157,186,35,51,51,151,151,167,177,188,103,114,114,148,148,173,173,211,231,265,290,290,397,487,511,524,59,69,95,95,133,133,133,162,184,184,220,241,241,241,241],"floor_reached":50,"language":"ENG","playtime":2545,"items_purged":[],"score":766,"play_id":"4252209f-1872-4d8c-9428-c7d4712e3a37","local_time":"20210125183942","daily_mods":["Allstar","Red Cards","Terminal"],"is_ascension_mode":false,"campfire_choices":[{"data":"Night Terror","floor":10,"key":"SMITH"},{"data":"The Bomb","floor":15,"key":"SMITH"},{"floor":23,"key":"REST"},{"floor":27,"key":"REST"},{"floor":32,"key":"REST"},{"floor":40,"key":"REST"},{"floor":42,"key":"REST"},{"floor":49,"key":"REST"}],"circlet_count":0,"master_deck":["Survivor","Neutralize","PanicButton","Secret Weapon","The Bomb+1","Metamorphosis","Swift Strike","Blade Dance","Carnage","Battle Trance","Fiend Fire","Dagger Throw","Night Terror+1","Footwork","Deflect","Feed","Dark Embrace","Headbutt","Feed","True Grit+1","Concentrate","Backflip","Leg Sweep+1","A Thousand Cuts","Blood for Blood","Warcry","Skewer","Bludgeon","Rage","After Image","Juggernaut","Prepared","Second Wind","Battle Trance","Well Laid Plans+1","Spot Weakness","Metallicize+1","Acrobatics","Shockwave","Backflip+1","Armaments+1"],"relics":["Ring of the Snake","Tiny Chest","Meat on the Bone","Lizard Tail","Torii","Ornamental Fan","Lee\u0027s Waffle","SlaversCollar","PreservedInsect","Du-Vu Doll","Art of War","CeramicFish","Lantern","Ginger","Pandora\u0027s Box","Bag of Marbles","Pen Nib","White Beast Statue","Mercury Hourglass","Turnip","Snake Skull"],"acts_visited":["Exordium","TheCity","TheBeyond"],"potions_floor_usage":[6,11,11,12,16,19,20,30,30,31,33,38,39,45,47,47,47,48,50],"damage_taken":[{"damage":0,"enemies":"2 Louse","floor":1,"turns":4},{"damage":0,"enemies":"Small Slimes","floor":2,"turns":3},{"damage":0,"enemies":"Cultist","floor":5,"turns":3},{"damage":0,"enemies":"Gremlin Nob","floor":6,"turns":3},{"damage":0,"enemies":"2 Fungi Beasts","floor":7,"turns":3},{"damage":13,"enemies":"Lagavulin","floor":8,"turns":7},{"damage":0,"enemies":"Lots of Slimes","floor":11,"turns":3},{"damage":21,"enemies":"Gremlin Nob","floor":12,"turns":4},{"damage":0,"enemies":"3 Louse","floor":14,"turns":4},{"damage":13,"enemies":"Slime Boss","floor":16,"turns":9},{"damage":0,"enemies":"3 Byrds","floor":18,"turns":3},{"damage":15,"enemies":"Spheric Guardian","floor":19,"turns":9},{"damage":8,"enemies":"Centurion and Healer","floor":20,"turns":9},{"damage":29,"enemies":"3 Cultists","floor":22,"turns":5},{"damage":39,"enemies":"Slavers","floor":24,"turns":5},{"damage":18,"enemies":"Book of Stabbing","floor":28,"turns":4},{"damage":1,"enemies":"Snake Plant","floor":29,"turns":4},{"damage":6,"enemies":"Gremlin Leader","floor":30,"turns":4},{"damage":7,"enemies":"Shelled Parasite and Fungi","floor":31,"turns":11},{"damage":0,"enemies":"Automaton","floor":33,"turns":15},{"damage":0,"enemies":"3 Darklings","floor":35,"turns":3},{"damage":0,"enemies":"Orb Walker","floor":36,"turns":6},{"damage":81,"enemies":"Transient","floor":38,"turns":5},{"damage":19,"enemies":"Maw","floor":39,"turns":8},{"damage":0,"enemies":"Nemesis","floor":41,"turns":5},{"damage":15,"enemies":"Reptomancer","floor":44,"turns":5},{"damage":0,"enemies":"4 Shapes","floor":45,"turns":4},{"damage":0,"enemies":"Nemesis","floor":47,"turns":7},{"damage":8,"enemies":"3 Darklings","floor":48,"turns":5},{"damage":1,"enemies":"Time Eater","floor":50,"turns":3}],"seed_played":"-5276033004343705707","potions_obtained":[{"floor":5,"key":"SkillPotion"},{"floor":8,"key":"SneckoOil"},{"floor":11,"key":"EssenceOfSteel"},{"floor":12,"key":"ColorlessPotion"},{"floor":16,"key":"LiquidMemories"},{"floor":19,"key":"SkillPotion"},{"floor":24,"key":"Energy Potion"},{"floor":28,"key":"BlessingOfTheForge"},{"floor":30,"key":"DistilledChaos"},{"floor":31,"key":"Fire Potion"},{"floor":36,"key":"SteroidPotion"},{"floor":39,"key":"CunningPotion"},{"floor":44,"key":"Explosive Potion"},{"floor":45,"key":"Block Potion"},{"floor":47,"key":"PowerPotion"},{"floor":48,"key":"SneckoOil"}],"is_trial":true,"path_per_floor":["M","M","?","$","M","E","M","E","T","R","M","E","$","M","R","B",null,"M","M","M","?","M","R","E","T","T","R","E","M","E","M","R","B",null,"M","M","$","M","M","R","E","R","T","E","M","?","E","M","R","B"],"character_chosen":"THE_SILENT","items_purchased":["Carnage","BlessingOfTheForge","Lee\u0027s Waffle","Bag of Marbles","Pen Nib","Spot Weakness","PowerPotion","Strength Potion"],"campfire_rested":6,"item_purchase_floors":[4,4,13,37,37,37,37,37],"current_hp_per_floor":[68,67,66,65,64,63,62,49,49,49,49,40,63,62,61,48,59,61,46,41,41,27,45,21,21,21,39,33,32,38,37,55,55,60,59,61,60,42,38,56,56,58,57,45,51,51,54,46,60,59,59],"gold":241,"neow_bonus":"","is_daily":false,"chose_seed":false,"campfire_upgraded":2,"win_rate":0.0,"timestamp":1611592782,"path_taken":["M","?","?","$","M","E","M","E","T","R","M","E","?","M","R","BOSS","M","M","?","?","M","R","E","?","T","R","E","M","E","M","R","BOSS","M","M","$","M","M","R","E","R","T","E","M","?","E","M","R","BOSS"],"items_purchased_type":["Card","Potion","Relic","Relic","Relic","Card","Potion","Potion"],"build_version":"2020-12-22","purchased_purges":0,"victory":false,"max_hp_per_floor":[68,67,66,65,64,63,62,61,60,59,58,57,63,62,61,60,59,61,60,62,61,63,62,64,63,62,61,60,59,58,63,62,61,60,59,61,60,59,61,60,59,58,57,59,64,60,62,61,60,60,60],"relic_stats":{"Lee\u0027s Waffle":24,"Torii":30,"counters":[30,163],"CeramicFish":198,"PreservedInsect":277,"Pen Nib":[7],"Snake Skull":[0],"Ginger":[4],"Mercury Hourglass":[117],"Lizard Tail":30,"Ornamental Fan":[232],"Tiny Chest":1,"Pandora\u0027s Box":["Blood for Blood","Warcry","Skewer","Bludgeon","Rage","After Image","Juggernaut","Prepared","Second Wind","Battle Trance"],"Turnip":[0],"Art of War":[13],"obtain_stats":[{"Lee\u0027s Waffle":13,"Lantern":28,"Torii":9,"CeramicFish":26,"PreservedInsect":21,"Pen Nib":37,"Snake Skull":47,"Ginger":30,"White Beast Statue":41,"Mercury Hourglass":43,"Du-Vu Doll":24,"SlaversCollar":17,"Lizard Tail":8,"Ornamental Fan":12,"Tiny Chest":3,"Pandora\u0027s Box":34,"Turnip":44,"Art of War":25,"Bag of Marbles":37,"Ring of the Snake":0,"Meat on the Bone":6},{"Lee\u0027s Waffle":8,"Lantern":16,"Torii":6,"CeramicFish":15,"PreservedInsect":13,"Pen Nib":22,"Snake Skull":28,"Ginger":18,"White Beast Statue":25,"Mercury Hourglass":25,"Du-Vu Doll":15,"SlaversCollar":10,"Lizard Tail":6,"Ornamental Fan":8,"Tiny Chest":2,"Pandora\u0027s Box":20,"Turnip":26,"Art of War":15,"Bag of Marbles":22,"Ring of the Snake":0,"Meat on the Bone":4},{"Lee\u0027s Waffle":30,"Lantern":78,"Torii":23,"CeramicFish":74,"PreservedInsect":64,"Pen Nib":121,"Snake Skull":155,"Ginger":86,"White Beast Statue":139,"Mercury Hourglass":139,"Du-Vu Doll":74,"SlaversCollar":43,"Lizard Tail":23,"Ornamental Fan":30,"Tiny Chest":7,"Pandora\u0027s Box":112,"Turnip":144,"Art of War":74,"Bag of Marbles":121,"Ring of the Snake":0,"Meat on the Bone":13}],"Ring of the Snake":[60],"Meat on the Bone":84},"card_choices":[{"not_picked":["Warcry","Outmaneuver"],"picked":"Blade Dance","floor":1},{"not_picked":["Blur","Twin Strike"],"picked":"Terror","floor":2},{"not_picked":["Blur","Reckless Charge"],"picked":"Battle Trance","floor":5},{"not_picked":["Deadly Poison","Flying Knee"],"picked":"Fiend Fire","floor":6},{"not_picked":["Catalyst","Carnage"],"picked":"Dagger Throw","floor":7},{"not_picked":["Flying Knee","Dash"],"picked":"Night Terror","floor":8},{"not_picked":["Accuracy","Perfected Strike","Cleave"],"picked":"SKIP","floor":11},{"not_picked":["Shrug It Off","Infernal Blade"],"picked":"Footwork","floor":12},{"not_picked":["Deadly Poison","Dodge and Roll"],"picked":"Deflect","floor":14},{"not_picked":["Impervious","Bludgeon"],"picked":"Feed","floor":16},{"not_picked":["Dagger Throw","Bane+1"],"picked":"Dark Embrace","floor":18},{"not_picked":["Cleave","Twin Strike"],"picked":"Headbutt","floor":19},{"not_picked":["Wild Strike+1","Deadly Poison","Prepared"],"picked":"SKIP","floor":20},{"not_picked":["Uppercut","Concentrate"],"picked":"Feed","floor":22},{"not_picked":["Anger","Setup+1","Body Slam"],"picked":"SKIP","floor":24},{"not_picked":["Evolve","Flying Knee"],"picked":"True Grit+1","floor":28},{"not_picked":["Sword Boomerang","Dash"],"picked":"Concentrate","floor":29},{"not_picked":["Dagger Spray","Infernal Blade"],"picked":"Backflip","floor":30},{"not_picked":["Fire Breathing+1","Bane+1"],"picked":"Leg Sweep+1","floor":31},{"not_picked":["Venomology","Grand Finale"],"picked":"A Thousand Cuts","floor":33},{"not_picked":["Warcry+1","Armaments+1"],"picked":"Well Laid Plans+1","floor":35},{"not_picked":["Thunderclap+1","True Grit","Hemokinesis"],"picked":"SKIP","floor":36},{"not_picked":["Cloak And Dagger","Fire Breathing+1","Finisher+1"],"picked":"SKIP","floor":38},{"not_picked":["Sucker Punch+1","Choke+1"],"picked":"Metallicize+1","floor":39},{"not_picked":["Die Die Die","Poisoned Stab+1"],"picked":"Acrobatics","floor":41},{"not_picked":["Outmaneuver","Flechettes+1","Bludgeon"],"picked":"SKIP","floor":44},{"not_picked":["Heavy Blade","Underhanded Strike+1"],"picked":"Shockwave","floor":45},{"not_picked":["Cloak And Dagger","Warcry"],"picked":"Backflip+1","floor":47},{"not_picked":["Clash+1","Burning Pact"],"picked":"Armaments+1","floor":48}],"player_experience":953815,"relics_obtained":[{"floor":6,"key":"Meat on the Bone"},{"floor":8,"key":"Lizard Tail"},{"floor":9,"key":"Torii"},{"floor":12,"key":"Ornamental Fan"},{"floor":24,"key":"Du-Vu Doll"},{"floor":25,"key":"Art of War"},{"floor":26,"key":"CeramicFish"},{"floor":28,"key":"Lantern"},{"floor":30,"key":"Ginger"},{"floor":41,"key":"White Beast Statue"},{"floor":43,"key":"Mercury Hourglass"},{"floor":44,"key":"Turnip"},{"floor":47,"key":"Snake Skull"}],"event_choices":[{"cards_removed":["Terror"],"damage_healed":0,"gold_gain":0,"player_choice":"Gave Card","damage_taken":0,"relics_obtained":["Tiny Chest"],"max_hp_gain":0,"max_hp_loss":0,"event_name":"WeMeetAgain","floor":3,"gold_loss":0},{"damage_healed":0,"gold_gain":0,"player_choice":"Obtained Relic","damage_taken":0,"relics_obtained":["PreservedInsect"],"max_hp_gain":0,"max_hp_loss":0,"event_name":"Addict","floor":21,"gold_loss":85},{"damage_healed":0,"gold_gain":0,"player_choice":"Max HP","damage_taken":0,"max_hp_gain":0,"max_hp_loss":3,"event_name":"Winding Halls","floor":46,"gold_loss":0}],"is_beta":false,"boss_relics":[{"not_picked":["Calling Bell","Runic Dome"],"picked":"SlaversCollar"},{"not_picked":["Velvet Choker","Philosopher\u0027s Stone"],"picked":"Pandora\u0027s Box"}],"items_purged_floors":[],"is_endless":false,"potions_floor_spawned":[5,8,11,12,16,19,24,28,30,31,36,39,44,45,47,48],"killed_by":"Time Eater","ascension_level":0}}