{"host":"dpbezu80jg8zk7un","time":1611597472,"event":{"mods":["BaseMod","Colored Map","Colored Powertips","Custom Start","DeckTracker","Minty Spire (QoL Compilation)","Quick Restart","StSLib","SuperFastMode"],"gold_per_floor":[109,124,137,150,150,150,178,139,139,139,161,161,196,156,156,232,232,251,263,277,294,306,306,306],"floor_reached":23,"language":"KOR","playtime":596,"items_purged":[],"score":406,"play_id":"ff5fe522-c966-46a0-8db4-beb7cd626c67","local_time":"20210126025752","is_ascension_mode":true,"campfire_choices":[{"data":"Perfected Strike","floor":6.0,"key":"SMITH"},{"data":"Perfected Strike","floor":10.0,"key":"SMITH"},{"data":"Dual Wield","floor":12.0,"key":"SMITH"},{"data":"Flame Barrier","floor":15.0,"key":"SMITH"}],"circlet_count":0,"master_deck":["AscendersBane","Strike_R","Strike_R","Strike_R","Strike_R","Strike_R","Defend_R","Defend_R","Defend_R","Defend_R","Bash","Wild Strike","Perfected Strike+1","Shrug It Off","Perfected Strike+1","Dual Wield+1","Flame Barrier+1","Immolate","Wild Strike","Shrug It Off","Twin Strike"],"relics":["Burning Blood","Kunai","Meat on the Bone","Odd Mushroom","Mercury Hourglass","Runic Cube"],"acts_visited":["Exordium","TheCity"],"potions_floor_usage":[23],"damage_taken":[{"damage":18.0,"enemies":"Jaw Worm","floor":1.0,"turns":6.0},{"damage":7.0,"enemies":"Small Slimes","floor":2.0,"turns":3.0},{"damage":0.0,"enemies":"Cultist","floor":3.0,"turns":2.0},{"damage":1.0,"enemies":"Looter","floor":4.0,"turns":4.0},{"damage":8.0,"enemies":"Gremlin Nob","floor":7.0,"turns":3.0},{"damage":18.0,"enemies":"The Mushroom Lair","floor":11.0,"turns":4.0},{"damage":37.0,"enemies":"3 Sentries","floor":13.0,"turns":9.0},{"damage":22.0,"enemies":"The Guardian","floor":16.0,"turns":8.0},{"damage":12.0,"enemies":"Chosen","floor":18.0,"turns":3.0},{"damage":18.0,"enemies":"Shell Parasite","floor":19.0,"turns":3.0},{"damage":13.0,"enemies":"Sentry and Sphere","floor":20.0,"turns":4.0},{"damage":29.0,"enemies":"Chosen and Byrds","floor":21.0,"turns":7.0},{"damage":26.0,"enemies":"Centurion and Healer","floor":22.0,"turns":6.0},{"damage":44,"enemies":"Book of Stabbing","floor":23,"turns":4}],"seed_played":"-6847727486403495221","potions_obtained":[{"floor":0.0,"key":"SteroidPotion"},{"floor":0.0,"key":"BloodPotion"},{"floor":0.0,"key":"PowerPotion"},{"floor":14.0,"key":"Fruit Juice"},{"floor":14.0,"key":"CultistPotion"},{"floor":16.0,"key":"Block Potion"},{"floor":20.0,"key":"CultistPotion"},{"floor":22.0,"key":"Energy Potion"}],"is_trial":false,"path_per_floor":["M","M","M","M","?","R","E","$","T","R","?","R","E","?","R","B",null,"M","M","M","M","M","E"],"character_chosen":"IRONCLAD","items_purchased":["Flame Barrier"],"campfire_rested":0,"item_purchase_floors":[8],"current_hp_per_floor":[63,62,68,73,73,73,71,71,71,71,59,59,40,45,45,41,70,64,52,57,46,38,0,0],"gold":306,"neow_bonus":"THREE_SMALL_POTIONS","is_daily":false,"chose_seed":false,"campfire_upgraded":4,"win_rate":0.0,"timestamp":1611597472,"path_taken":["M","M","M","M","?","R","E","$","T","R","?","R","E","?","R","BOSS","M","M","M","M","M","E"],"items_purchased_type":["Card"],"build_version":"2020-12-22","purchased_purges":0,"victory":false,"max_hp_per_floor":[75,75,75,75,75,75,75,75,75,75,75,75,75,80,80,80,80,80,80,80,80,80,80,80],"card_choices":[{"not_picked":["Headbutt","Shrug It Off"],"picked":"Wild Strike","floor":1.0},{"not_picked":["Thunderclap","Dark Embrace"],"picked":"Perfected Strike","floor":2.0},{"not_picked":["Infernal Blade","Bludgeon"],"picked":"Shrug It Off","floor":3.0},{"not_picked":["Pommel Strike","Heavy Blade"],"picked":"Perfected Strike","floor":4.0},{"not_picked":["True Grit","Searing Blow"],"picked":"Dual Wield","floor":7.0},{"not_picked":["Havoc","Clash","Flex"],"picked":"SKIP","floor":13.0},{"not_picked":["Barricade","Fiend Fire"],"picked":"Immolate","floor":16.0},{"not_picked":["Clash","Second Wind"],"picked":"Wild Strike","floor":18.0},{"not_picked":["Blood for Blood","Anger","Pummel"],"picked":"SKIP","floor":19.0},{"not_picked":["Spot Weakness","Uppercut"],"picked":"Shrug It Off","floor":20.0},{"not_picked":["Iron Wave","Feel No Pain","Second Wind+1"],"picked":"SKIP","floor":21.0},{"not_picked":["Clothesline+1","Iron Wave"],"picked":"Twin Strike","floor":22.0}],"player_experience":2929899,"relics_obtained":[{"floor":7.0,"key":"Kunai"},{"floor":9.0,"key":"Meat on the Bone"},{"floor":11.0,"key":"Odd Mushroom"},{"floor":13.0,"key":"Mercury Hourglass"}],"event_choices":[{"damage_healed":0.0,"max_hp_gain":0.0,"max_hp_loss":0.0,"gold_gain":0.0,"event_name":"Liars Game","player_choice":"Ignored","floor":5.0,"gold_loss":0.0,"damage_taken":0.0},{"damage_healed":0.0,"max_hp_gain":0.0,"max_hp_loss":0.0,"gold_gain":0.0,"event_name":"Mushrooms","player_choice":"Fought Mushrooms","floor":11.0,"gold_loss":0.0,"damage_taken":0.0},{"damage_healed":0.0,"max_hp_gain":0.0,"max_hp_loss":0.0,"gold_gain":0.0,"event_name":"The Woman in Blue","player_choice":"Bought 3 Potions","floor":14.0,"gold_loss":0.0,"damage_taken":0.0}],"is_beta":false,"boss_relics":[{"not_picked":["Astrolabe","Runic Dome"],"picked":"Runic Cube"}],"items_purged_floors":[],"is_endless":false,"potions_floor_spawned":[3,13,16,20,22],"killed_by":"Book of Stabbing","ascension_level":20}}