{"host":"qt939hhvrbc28rjp","time":1611580111,"event":{"mods":["BaseMod","Minty Spire (QoL Compilation)","Quick Restart","StSLib","SuperFastMode"],"gold_per_floor":[109,121,148,160,192,204,547,559,559],"floor_reached":8,"language":"KOR","playtime":254,"items_purged":[],"score":158,"play_id":"493031f5-6d74-42b4-91f7-2da84f4ab17a","local_time":"20210125220831","daily_mods":["SealedDeck","Vintage","Heirloom","Time Dilation","Flight","DeadlyEvents","Elite Swarm"],"is_ascension_mode":true,"campfire_choices":[{"data":"Echo Form","floor":6,"key":"SMITH"}],"circlet_count":0,"master_deck":["Wraith Form v2","Echo Form+1","DevaForm","AscendersBane","CrushJoints","FollowUp","ClearTheMind","EmptyBody","Fasting2","TalkToTheHand","Crescendo","FlurryOfBlows","FlurryOfBlows","LessonLearned"],"relics":["PureWater","FossilizedHelix","MawBank","Dream Catcher","Nunchaku","Bottled Tornado","Old Coin"],"acts_visited":["Exordium"],"potions_floor_usage":[],"damage_taken":[{"damage":14.0,"enemies":"2 Louse","floor":1.0,"turns":4.0},{"damage":0,"enemies":"Cultist","floor":3,"turns":3},{"damage":0,"enemies":"Jaw Worm","floor":5,"turns":3},{"damage":0,"enemies":"Gremlin Nob","floor":7,"turns":4},{"damage":43,"enemies":"3 Sentries","floor":8,"turns":5}],"seed_played":"1652760218089196947","potions_obtained":[{"floor":3,"key":"SpeedPotion"},{"floor":7,"key":"Dexterity Potion"}],"is_trial":true,"path_per_floor":["M","?","M","?","M","R","E","E"],"character_chosen":"WATCHER","items_purchased":[],"campfire_rested":0,"item_purchase_floors":[],"current_hp_per_floor":[47,47,47,40,40,40,40,0,0],"gold":559,"neow_bonus":"","is_daily":false,"chose_seed":false,"campfire_upgraded":1,"win_rate":0.0,"timestamp":1611580111,"path_taken":["M","?","?","?","M","R","E","E"],"items_purchased_type":[],"build_version":"2020-12-22","purchased_purges":0,"victory":false,"max_hp_per_floor":[68,68,68,68,68,68,68,68,68],"card_choices":[{"not_picked":["SpiritShield","Blasphemy"],"picked":"LessonLearned","floor":7}],"player_experience":1380223,"relics_obtained":[{"floor":1.0,"key":"MawBank"},{"floor":3,"key":"Nunchaku"},{"floor":5,"key":"Bottled Tornado"},{"floor":7,"key":"Old Coin"}],"event_choices":[{"cards_removed":["Demon Form"],"damage_healed":0.0,"max_hp_gain":0.0,"max_hp_loss":0.0,"gold_gain":0.0,"event_name":"WeMeetAgain","player_choice":"Gave Card","floor":2.0,"gold_loss":0.0,"damage_taken":0.0,"relics_obtained":["Dream Catcher"]},{"cards_removed":["EmptyBody"],"damage_healed":0,"gold_gain":0,"player_choice":"Card Removal","damage_taken":7,"max_hp_gain":0,"max_hp_loss":0,"event_name":"Golden Wing","floor":4,"gold_loss":0}],"is_beta":false,"boss_relics":[],"items_purged_floors":[],"is_endless":false,"potions_floor_spawned":[3,7],"killed_by":"3 Sentries","ascension_level":19}}