{"host":"sdjng9zhqonqi3uc","time":1611534977,"event":{"mods":["2.2 Compatiblity","AchievementEnabler","BaseMod","Better Note","Better Third Choice","BetterRewards","Colored Map","Colored Powertips","Downfall","Hero for Fun","Hubris","Minty Spire (QoL Compilation)","Quick Restart","Relic Stats","Shop Mod","Spicy Shops","StSLib","Td1madao Mod","The Animator","The Cursed","The Servant 0.9.4"],"gold_per_floor":[125,141,160,160,194,194,228,268,268,303,303,316,346,356,356,463,513,533,207,227,5,24,71,95,132,178,217,217,217,238,337,337,443,443,460,490,490,490,45,83,95,138,150,177,221,287,299,311,323,339],"floor_reached":51,"language":"ENG","playtime":3476,"items_purged":["animator:Strike","animator:Defend","animator:Defend","animator:Strike"],"score":1791,"play_id":"560b025c-219f-48b3-b7e8-b8ac9a4129fd","local_time":"20210125013617","is_ascension_mode":true,"campfire_choices":[{"data":"1","floor":6,"key":"LIFT"},{"floor":11,"key":"REST"},{"data":"2","floor":15,"key":"LIFT"},{"data":"3","floor":28,"key":"LIFT"},{"data":"animator:Bozes","floor":32,"key":"SMITH"},{"data":"animator:RoryMercury","floor":41,"key":"SMITH"},{"data":"animator:RoryMercury","floor":47,"key":"SMITH"},{"data":"animator:GoblinSlayer","floor":49,"key":"SMITH"}],"circlet_count":0,"master_deck":["AscendersBane","animator:Defend_GATE","animator:Strike","animator:Defend","animator:TukaLunaMarceau","animator:Kuribayashi+1","animator:GoblinSlayer+1","animator:ItamiYouji+1","animator:Bozes+1","animator:Viivi","animator:YaoHaDucy","animator:LeleiLaLalena+1","animator:EmiyaShirou+1","animator:Arpeggio","animator:GuildGirl","animator:Rimuru","animator:TukaLunaMarceau+1","animator:Tyuule+1","animator:Vesta+1","animator:GoblinSlayer+1","animator:Vesta+1","animator:RoryMercury+1","animator:Archer","animator:Arpeggio","animator:TukaLunaMarceau+1","animator:RoryMercury+1","Slimebound:CheckThePlaybook+1","animator:YaoHaDucy","animator:ItamiYouji","animator:RoryMercury+1","animator:HigakiRinne+1","animator:Kuribayashi+1","animator:RoryMercury+1","animator:Tyuule+1","Pain"],"relics":["animator:LivingPicture","animator:TheMissingPiece","animator:PurgingStone","Membership Card","HornCleat","Lantern","Girya","Toxic Egg 2","hubris:SphereOfDissonance","Akabeko","hubris:TenFootPole","Mummified Hand","Bottled Tornado","Bag of Preparation","hubris:EmptyBottle","MerchantsRug","animator:ShionDessert","TheAbacus","Strange Spoon","Juzu Bracelet","Centennial Puzzle","Boot","CaptainsWheel","SacredBark","Molten Egg 2","Calipers","Sling","MawBank","Blue Candle","Bottled Lightning","Prayer Wheel","WarpedTongs"],"acts_visited":["Exordium","TheCity","TheBeyond"],"potions_floor_usage":[10,13,23,23,33,33,36,50,50,50],"damage_taken":[{"damage":0,"enemies":"Cultist","floor":1,"turns":2},{"damage":0,"enemies":"Jaw Worm","floor":2,"turns":1},{"damage":0,"enemies":"Small Slimes","floor":3,"turns":2},{"damage":0,"enemies":"Looter","floor":5,"turns":2},{"damage":9,"enemies":"3 Sentries","floor":7,"turns":5},{"damage":0,"enemies":"Gremlin Nob","floor":10,"turns":1},{"damage":0,"enemies":"Large Slime","floor":12,"turns":1},{"damage":2,"enemies":"Gremlin Gang","floor":13,"turns":4},{"damage":0,"enemies":"Blue Slaver","floor":14,"turns":1},{"damage":0,"enemies":"The Guardian","floor":16,"turns":6},{"damage":0,"enemies":"Spheric Guardian","floor":18,"turns":1},{"damage":0,"enemies":"Chosen","floor":20,"turns":2},{"damage":0,"enemies":"Snake Plant","floor":22,"turns":2},{"damage":0,"enemies":"Slavers","floor":23,"turns":3},{"damage":0,"enemies":"Snecko","floor":24,"turns":2},{"damage":2,"enemies":"Gremlin Leader","floor":25,"turns":6},{"damage":0,"enemies":"Book of Stabbing","floor":27,"turns":2},{"damage":0,"enemies":"3 Cultists","floor":30,"turns":3},{"damage":8,"enemies":"Collector","floor":33,"turns":3},{"damage":5,"enemies":"3 Shapes","floor":35,"turns":2},{"damage":0,"enemies":"3 Darklings","floor":36,"turns":3},{"damage":5,"enemies":"Nemesis","floor":40,"turns":2},{"damage":0,"enemies":"Giant Head","floor":42,"turns":3},{"damage":0,"enemies":"Transient","floor":44,"turns":5},{"damage":8,"enemies":"Jaw Worm Horde","floor":45,"turns":3},{"damage":15,"enemies":"Mind Bloom Boss Battle","floor":46,"turns":4},{"damage":8,"enemies":"Time Eater","floor":50,"turns":7}],"seed_played":"3969576823742639332","potions_obtained":[{"floor":2,"key":"SpeedPotion"},{"floor":7,"key":"sneckomod:MuddlingPotion"},{"floor":13,"key":"PowerPotion"},{"floor":17,"key":"animator:FalseLifePotion"},{"floor":20,"key":"Strength Potion"},{"floor":24,"key":"Fire Potion"},{"floor":35,"key":"SteroidPotion"}],"is_trial":false,"path_per_floor":["M","M","M","?","M","R","E","?","T","E","R","M","M","M","R","B",null,"M","$","M","$","M","E","M","E","T","E","R","?","M","?","R","B",null,"M","M","?","?","$","E","R","E","T","M","M","?","R","?","R","B",null],"character_chosen":"THE_ANIMATOR","items_purchased":["Membership Card","Omamori","Orrery","Strawberry","HornCleat","Lantern","Toxic Egg 2","hubris:SphereOfDissonance","Bottled Tornado","Bag of Preparation","hubris:EmptyBottle","MerchantsRug","animator:ShionDessert","TheAbacus","Strange Spoon","Molten Egg 2","Calipers","Sling"],"campfire_rested":1,"item_purchase_floors":[0,0,0,0,0,0,0,0,19,19,19,19,21,21,21,39,39,39],"current_hp_per_floor":[30,31,31,19,19,19,10,10,10,10,32,32,32,32,32,32,71,71,71,71,71,71,71,71,69,69,69,69,72,72,75,75,67,78,73,73,71,74,74,69,69,69,69,69,61,49,49,52,52,44],"gold":351,"neow_bonus":"","is_daily":false,"chose_seed":false,"campfire_upgraded":4,"win_rate":0.0,"timestamp":1611534977,"path_taken":["M","M","?","?","M","R","E","?","T","E","R","M","M","?","R","BOSS","M","$","M","$","M","E","M","E","T","E","R","?","M","?","R","BOSS","M","M","?","?","$","E","R","E","T","M","M","?","R","?","R","BOSS"],"items_purchased_type":["Relic","Relic","Relic","Relic","Relic","Relic","Relic","Relic","Relic","Relic","Relic","Relic","Relic","Relic","Relic","Relic","Relic","Relic"],"build_version":"2020-12-22","purchased_purges":4,"victory":true,"max_hp_per_floor":[74,75,75,75,75,75,75,75,75,75,75,75,77,77,77,77,82,82,82,82,82,82,82,82,82,82,82,82,82,82,82,82,82,82,82,82,82,82,82,82,82,82,82,82,82,82,82,82,82,82],"relic_stats":{"counters":[48,233],"Blue Candle":[2],"Bag of Preparation":[54],"Juzu Bracelet":1,"Boot":[80],"MawBank":132,"WarpedTongs":[6],"Strange Spoon":[19],"Centennial Puzzle":[19],"TheAbacus":[36],"Mummified Hand":[53],"Prayer Wheel":0,"obtain_stats":[{"Calipers":47,"Tiny House":17,"Whetstone":9,"Bottled Tornado":19,"Boot":6,"Sling":39,"Blood Vial":19,"Centennial Puzzle":44,"HornCleat":0,"Strawberry":41,"Prayer Wheel":46,"Toxic Egg 2":0,"MerchantsRug":0,"Girya":0,"Pear":43,"Dead Branch":14,"Blue Candle":42,"Oddly Smooth Stone":0,"hubris:SphereOfDissonance":0,"Eternal Feather":23,"Akabeko":4,"WarpedTongs":48,"MutagenicStrength":29,"Molten Egg 2":39,"Mark of Pain":34,"hubris:TenFootPole":7,"Darkstone Periapt":25,"Regal Pillow":27,"Lantern":0,"animator:ShionDessert":21,"animator:TheMissingPiece":0,"SacredBark":34,"Bag of Preparation":20,"Juzu Bracelet":23,"hubris:RunicObelisk":17,"hubris:EmptyBottle":19,"Ancient Tea Set":8,"Nunchaku":46,"Shovel":0,"TheAbacus":21,"animator:PurgingStone":0,"Mummified Hand":9,"Chemical X":0,"InkBottle":11,"animator:Buoy":31,"PreservedInsect":15,"Omamori":0,"hubris:Towel":21,"MawBank":40,"sneckomod:BabySnecko":30,"Strange Spoon":21,"CaptainsWheel":27,"Orrery":0,"animator:LivingPicture":0,"Membership Card":0,"Bottled Lightning":43,"Toy Ornithopter":26},{"Calipers":19,"Tiny House":31,"Whetstone":4,"Bottled Tornado":32,"Boot":4,"Sling":42,"Blood Vial":10,"Centennial Puzzle":19,"HornCleat":21,"Strawberry":17,"Prayer Wheel":47,"Toxic Egg 2":21,"MerchantsRug":0,"Girya":21,"Pear":18,"Dead Branch":8,"Blue Candle":44,"Oddly Smooth Stone":0,"hubris:SphereOfDissonance":21,"Eternal Feather":11,"Akabeko":24,"WarpedTongs":47,"MutagenicStrength":13,"Molten Egg 2":42,"Mark of Pain":15,"hubris:TenFootPole":26,"Darkstone Periapt":12,"Regal Pillow":12,"Lantern":21,"animator:ShionDessert":33,"animator:TheMissingPiece":0,"SacredBark":40,"Bag of Preparation":10,"Juzu Bracelet":35,"hubris:RunicObelisk":9,"hubris:EmptyBottle":32,"Ancient Tea Set":4,"Nunchaku":19,"Shovel":0,"TheAbacus":33,"animator:PurgingStone":0,"Mummified Hand":26,"Chemical X":0,"InkBottle":6,"animator:Buoy":14,"PreservedInsect":8,"Omamori":0,"hubris:Towel":10,"MawBank":43,"sneckomod:BabySnecko":13,"Strange Spoon":33,"CaptainsWheel":38,"Orrery":21,"animator:LivingPicture":0,"Membership Card":21,"Bottled Lightning":44,"Toy Ornithopter":12},{"Calipers":145,"Tiny House":180,"Whetstone":24,"Bottled Tornado":181,"Boot":24,"Sling":209,"Blood Vial":71,"Centennial Puzzle":145,"HornCleat":155,"Strawberry":129,"Prayer Wheel":226,"Toxic Egg 2":155,"MerchantsRug":0,"Girya":155,"Pear":138,"Dead Branch":49,"Blue Candle":214,"Oddly Smooth Stone":0,"hubris:SphereOfDissonance":155,"Eternal Feather":82,"Akabeko":160,"WarpedTongs":226,"MutagenicStrength":97,"Molten Egg 2":209,"Mark of Pain":115,"hubris:TenFootPole":167,"Darkstone Periapt":89,"Regal Pillow":89,"Lantern":155,"animator:ShionDessert":183,"animator:TheMissingPiece":0,"SacredBark":204,"Bag of Preparation":71,"Juzu Bracelet":188,"hubris:RunicObelisk":66,"hubris:EmptyBottle":181,"Ancient Tea Set":24,"Nunchaku":145,"Shovel":0,"TheAbacus":183,"animator:PurgingStone":0,"Mummified Hand":167,"Chemical X":0,"InkBottle":32,"animator:Buoy":103,"PreservedInsect":49,"Omamori":0,"hubris:Towel":71,"MawBank":211,"sneckomod:BabySnecko":97,"Strange Spoon":183,"CaptainsWheel":198,"Orrery":155,"animator:LivingPicture":0,"Membership Card":155,"Bottled Lightning":214,"Toy Ornithopter":89}]},"card_choices":[{"not_picked":["animator:Cocytus","animator:Chung"],"picked":"animator:GoblinSlayer","floor":0},{"not_picked":["animator:Vesta","animator:ChaikaBohdan"],"picked":"animator:ItamiYouji","floor":0},{"not_picked":["animator:Demiurge","animator:Millim"],"picked":"animator:Bozes","floor":0},{"not_picked":["animator:Demiurge","animator:Konayuki"],"picked":"animator:Viivi","floor":0},{"not_picked":["animator:TsurugaMeisai+1","animator:SilverFang+1"],"picked":"animator:YaoHaDucy","floor":1},{"not_picked":["animator:Tyuule+1","animator:Gillette"],"picked":"animator:LeleiLaLalena+1","floor":2},{"not_picked":["animator:Layla","animator:Souei+1"],"picked":"animator:EmiyaShirou+1","floor":3},{"not_picked":["animator:Kuribayashi","animator:Bozes"],"picked":"animator:Arpeggio","floor":5},{"not_picked":["animator:Albedo","animator:Archer"],"picked":"animator:GuildGirl","floor":7},{"not_picked":["animator:MumenRider","animator:Priestess+1"],"picked":"animator:Rimuru","floor":10},{"not_picked":["animator:Bozes","animator:MetalKnight"],"picked":"animator:TukaLunaMarceau+1","floor":12},{"not_picked":["animator:Kuribayashi","animator:Bozes"],"picked":"animator:Tyuule+1","floor":13},{"not_picked":["animator:YaoHaDucy","animator:Viivi"],"picked":"animator:Vesta+1","floor":14},{"not_picked":["animator:Gilgamesh","animator:SwordMaiden+1"],"picked":"animator:GoblinSlayer","floor":16},{"not_picked":["animator:HighElfArcher","animator:YaoHaDucy"],"picked":"animator:Vesta+1","floor":17},{"not_picked":["animator:NarberalGamma+1","animator:Shuna+1"],"picked":"animator:RoryMercury","floor":18},{"not_picked":["animator:Chung+1","animator:Fredrika+1"],"picked":"animator:Archer","floor":20},{"not_picked":["animator:LizardPriest+1","animator:Saitama+1"],"picked":"animator:Arpeggio","floor":23},{"not_picked":["animator:Layla+1","animator:Sebas+1"],"picked":"animator:TukaLunaMarceau+1","floor":24},{"not_picked":["animator:Tyuule+1","animator:Aisha"],"picked":"animator:RoryMercury","floor":25},{"not_picked":["animator:Vesta+1","animator:Guy+1"],"picked":"animator:YaoHaDucy","floor":30},{"not_picked":["animator:Rimuru","animator:AcuraShin"],"picked":"animator:ItamiYouji","floor":33},{"not_picked":["animator:Kuribayashi","animator:Guy+1"],"picked":"animator:RoryMercury","floor":35},{"not_picked":["animator:Guy+1","animator:Sebas+1","animator:Emonzaemon"],"picked":"SKIP","floor":36},{"not_picked":["animator:Tyuule+1","animator:YaoHaDucy+1"],"picked":"animator:Kuribayashi+1","floor":40},{"not_picked":["animator:LizardPriest+1","animator:Azekura+1"],"picked":"animator:RoryMercury+1","floor":42},{"not_picked":["animator:Fredrika+1","animator:Sebas+1","animator:Chung+1"],"picked":"SKIP","floor":44},{"not_picked":["animator:TukaLunaMarceau+1","animator:Raven+1"],"picked":"animator:Tyuule+1","floor":45}],"player_experience":391157,"relics_obtained":[{"floor":7,"key":"hubris:TenFootPole"},{"floor":9,"key":"Mummified Hand"},{"floor":10,"key":"Whetstone"},{"floor":23,"key":"Juzu Bracelet"},{"floor":25,"key":"Centennial Puzzle"},{"floor":26,"key":"Boot"},{"floor":27,"key":"CaptainsWheel"},{"floor":40,"key":"MawBank"},{"floor":42,"key":"Blue Candle"},{"floor":43,"key":"Bottled Lightning"},{"floor":46,"key":"Prayer Wheel"}],"event_choices":[{"damage_healed":0,"gold_gain":0,"player_choice":"Relic ","damage_taken":12,"max_hp_gain":0,"max_hp_loss":0,"event_name":"betterThird:BetterScrap","floor":4,"gold_loss":0,"cards_obtained":["Dark Embrace"]},{"damage_healed":0,"gold_gain":99,"player_choice":"Steal","damage_taken":0,"max_hp_gain":0,"max_hp_loss":0,"event_name":"betterThird:BetterNest","floor":31,"gold_loss":0},{"damage_healed":0,"gold_gain":0,"player_choice":"Embrace Madness","damage_taken":10,"max_hp_gain":0,"max_hp_loss":0,"event_name":"Winding Halls","floor":37,"gold_loss":0,"cards_obtained":["animator:HigakiRinne"]},{"damage_healed":0,"gold_gain":0,"player_choice":"Upgraded","damage_taken":0,"max_hp_gain":0,"max_hp_loss":0,"event_name":"Upgrade Shrine","floor":38,"gold_loss":0,"cards_upgraded":["animator:RoryMercury"]},{"damage_healed":0,"gold_gain":0,"player_choice":"Fight","damage_taken":0,"max_hp_gain":0,"max_hp_loss":0,"event_name":"MindBloom","floor":46,"gold_loss":0},{"damage_healed":0,"gold_gain":0,"player_choice":"Rummage","damage_taken":0,"relics_obtained":["WarpedTongs"],"max_hp_gain":0,"max_hp_loss":0,"event_name":"Accursed Blacksmith","floor":48,"gold_loss":0,"cards_obtained":["Pain"]}],"is_beta":false,"boss_relics":[{"not_picked":["hubris:HollowSoul","hubris:VirtuousBlindfold"],"picked":"Tiny House"},{"not_picked":["hubris:TerracottaHorce","Black Star"],"picked":"SacredBark"}],"items_purged_floors":[0,19,39,39],"is_endless":false,"potions_floor_spawned":[2,7,13,20,24,25,27,35,45],"ascension_level":10}}