{"host":"uvmuduost5bzvojs","time":1611533547,"event":{"mods":["Aspiration","Bard","BaseMod","Better Match","Block Reminder","Conspire","Hermit","Highlight Path","Hubris","Infinite Spire","Jorbs\u0027s Wanderer Trilogy","Mad Scientist","Marisa????????","Mimic Mod","Minty Spire (QoL Compilation)","Potionbrewer","Replay The Spire","Robot Space Explorer","StSLib","The Blackbeard","The Construct","The Cursed","The Disciple","The Hayseed","The Hierophant","The Juggle","The Jungle","The Poker Player","The Runesmith","The Servant 0.9.4","The Spell Scribe","The Valiant","TheBandit"],"gold_per_floor":[118,118,135,145,157,157,45,45,45,74,89,89,122,145,145,245,245,255,255,275,295,315,315,315,315],"floor_reached":24,"language":"ENG","playtime":1582,"items_purged":["Runesmith:Strike_RS"],"score":260,"play_id":"a6e11142-6b72-462d-b7ae-fbf4f272a5f1","local_time":"20210124191227","is_ascension_mode":false,"campfire_choices":[{"data":"Runesmith:LithiumIon","floor":6,"key":"SMITH"},{"data":"Runesmith:WhiteBalance","floor":12,"key":"SMITH"},{"floor":15,"key":"REST"},{"floor":23,"key":"REST"}],"circlet_count":0,"master_deck":["Runesmith:Strike_RS","Runesmith:Strike_RS","Runesmith:Defend_RS","Runesmith:Defend_RS","Runesmith:Defend_RS","Runesmith:Defend_RS","Runesmith:CraftFirestone","Runesmith:Fortify","Runesmith:LithiumIon+1","Runesmith:UnstableHammer","Runesmith:WhiteBalance+1","Runesmith:BackupBattery","Runesmith:Repurpose+1","Runesmith:CraftMagma","Runesmith:BackupBattery","Runesmith:EnergizedChisel","Runesmith:Firestorm","Runesmith:Firewall","Runesmith:CraftIndustria","Runesmith:ChiselStab","Runesmith:Discharge","Runesmith:HammerAndChisel","Runesmith:OneForEveryone+1"],"relics":["Runesmith:BrokenRuby","NeowsBlessing","infinitespire:Eraser","Dream Catcher","hubris:Metronome","infinitespire:Joker Card","aspiration:PoetsPen_weak","aspiration:RitualStick"],"acts_visited":["Exordium","TheCity"],"potions_floor_usage":[14,14,22,24],"damage_taken":[{"damage":0,"enemies":"Cultist","floor":1,"turns":1},{"damage":0,"enemies":"2 Louse","floor":3,"turns":1},{"damage":0,"enemies":"Jaw Worm","floor":4,"turns":1},{"damage":9,"enemies":"conspire:2 RoseBushes","floor":5,"turns":5},{"damage":26,"enemies":"Gremlin Nob","floor":10,"turns":8},{"damage":0,"enemies":"Large Slime","floor":11,"turns":5},{"damage":18,"enemies":"Replay:BlueRogue","floor":13,"turns":6},{"damage":8,"enemies":"Gremlin Gang","floor":14,"turns":3},{"damage":0,"enemies":"Slime Boss","floor":16,"turns":7},{"damage":8,"enemies":"Shell Parasite","floor":18,"turns":3},{"damage":10,"enemies":"Spheric Guardian","floor":20,"turns":4},{"damage":31,"enemies":"Snake Plant","floor":21,"turns":4},{"damage":6,"enemies":"conspire:HollyBat","floor":22,"turns":6},{"damage":31,"enemies":"Book of Stabbing","floor":24,"turns":5}],"seed_played":"5817143354415837041","potions_obtained":[{"floor":4,"key":"potionbrewer:MidasPotion"},{"floor":11,"key":"Explosive Potion"},{"floor":16,"key":"LiquidBronze"},{"floor":22,"key":"Languid Potion"}],"is_trial":false,"path_per_floor":["M","?","M","M","M","R","$","?","T","E","M","R","E","M","R","B",null,"M","?","M","M","M","R","E"],"character_chosen":"RUNESMITH_CLASS","items_purchased":["Runesmith:Repurpose+1"],"campfire_rested":2,"item_purchase_floors":[7],"current_hp_per_floor":[70,70,70,70,61,61,61,54,54,28,28,28,10,2,23,23,70,62,48,38,7,1,22,0,0],"gold":315,"neow_bonus":"THREE_ENEMY_KILL","is_daily":false,"chose_seed":false,"campfire_upgraded":2,"win_rate":0.0,"timestamp":1611533547,"path_taken":["M","?","?","?","M","R","$","?","T","E","M","R","E","M","R","BOSS","M","?","M","M","M","R","E"],"items_purchased_type":["Card"],"build_version":"2020-12-22","purchased_purges":1,"victory":false,"max_hp_per_floor":[70,70,70,70,70,70,70,70,70,70,70,70,70,70,70,70,70,70,70,70,70,70,70,70,70],"card_choices":[{"not_picked":["Runesmith:HeatExchange","Runesmith:Prism"],"picked":"Runesmith:LithiumIon","floor":1},{"not_picked":["Runesmith:RunicBlueprint","Runesmith:StaticCage"],"picked":"Runesmith:UnstableHammer","floor":3},{"not_picked":["Runesmith:MakeshiftArmor","Runesmith:StaticCage"],"picked":"Runesmith:WhiteBalance","floor":4},{"not_picked":["Runesmith:CraftObretio","Runesmith:LastStand"],"picked":"Runesmith:BackupBattery","floor":5},{"not_picked":["Runesmith:CraftProtectio","Runesmith:ChiselStab"],"picked":"Runesmith:CraftMagma","floor":10},{"not_picked":["Runesmith:EarthShield","Runesmith:CraftVitae"],"picked":"Runesmith:BackupBattery","floor":11},{"not_picked":["Runesmith:HeatExchange","Runesmith:ShiftingStrike"],"picked":"Runesmith:EnergizedChisel","floor":13},{"not_picked":["Runesmith:BackupBattery","Runesmith:GenerateForcefield"],"picked":"Runesmith:Firestorm","floor":14},{"not_picked":["Runesmith:Repurpose","Runesmith:Reinforce"],"picked":"Runesmith:Firewall","floor":15},{"not_picked":["Runesmith:FissionHammer","Runesmith:MetallurgicalResearch"],"picked":"Runesmith:CraftIndustria","floor":16},{"not_picked":["Runesmith:Prism","Runesmith:ElementalConversion+1"],"picked":"Runesmith:ChiselStab","floor":18},{"not_picked":["Runesmith:CraftProtectio","Runesmith:Grindstone","Runesmith:MakeshiftArmor"],"picked":"SKIP","floor":20},{"not_picked":["Runesmith:Overpower","Runesmith:CraftMagma+1"],"picked":"Runesmith:Discharge","floor":21},{"not_picked":["Runesmith:Repurpose+1","Runesmith:Firewall+1"],"picked":"Runesmith:HammerAndChisel","floor":22},{"not_picked":["Runesmith:GoWithTheFlow","Runesmith:ShiftingStrike"],"picked":"Runesmith:OneForEveryone+1","floor":23}],"player_experience":1773590,"relics_obtained":[{"floor":9,"key":"Dream Catcher"},{"floor":10,"key":"hubris:Metronome"},{"floor":13,"key":"infinitespire:Joker Card"}],"event_choices":[{"cards_removed":["Runesmith:Strike_RS"],"damage_healed":0,"gold_gain":0,"player_choice":"Purged","damage_taken":0,"max_hp_gain":0,"max_hp_loss":0,"event_name":"Purifier","floor":2,"gold_loss":0},{"damage_healed":0,"gold_gain":0,"player_choice":"Success","damage_taken":7,"relics_obtained":["infinitespire:Eraser"],"max_hp_gain":0,"max_hp_loss":0,"event_name":"Scrap Ooze","floor":8,"gold_loss":0}],"is_beta":false,"boss_relics":[{"not_picked":["aspiration:SecretTechniqueScroll","hubris:TerracottaHorce"],"picked":"aspiration:PoetsPen_weak"}],"items_purged_floors":[7],"is_endless":false,"potions_floor_spawned":[4,11,16,22],"killed_by":"Book of Stabbing","ascension_level":0}}