{"host":"jegehu1t82aiec5j","time":1611604031,"event":{"mods":["BaseMod","Colored Map","Minty Spire (QoL Compilation)","Relic Stats","StSLib"],"gold_per_floor":[112,132,132,146,157,157,185,185,210,243,258,291,291,303,303,378,378,390,390,409,429,145,175,175,205,205,220,237,268,280,322,334,346,346],"floor_reached":33,"language":"ENG","playtime":2608,"items_purged":["Strike_R"],"score":654,"play_id":"f843c7d0-2920-4a78-a458-4e9b5d994db2","local_time":"20210125144711","is_ascension_mode":true,"campfire_choices":[{"data":"Inflame","floor":6,"key":"SMITH"},{"floor":8,"key":"REST"},{"data":"Armaments","floor":13,"key":"SMITH"},{"floor":15,"key":"REST"},{"floor":24,"key":"REST"},{"data":"Feel No Pain","floor":30,"key":"SMITH"},{"floor":32,"key":"REST"}],"circlet_count":0,"master_deck":["AscendersBane","Strike_R","Strike_R","Strike_R","Defend_R","Defend_R","Defend_R","Defend_R","Bash","Clothesline","Twin Strike","Armaments+1","Inflame+1","Shockwave","Heavy Blade","Shrug It Off","Second Wind","Dual Wield","Feel No Pain+1","True Grit","Immolate","Pommel Strike","Corruption","Shockwave","Dropkick","Flex","Uppercut"],"relics":["Burning Blood","WarpedTongs","Blood Vial","Omamori","Potion Belt","Art of War","Velvet Choker","Oddly Smooth Stone","PreservedInsect","Dream Catcher","Self Forming Clay","MawBank","Red Mask"],"acts_visited":["Exordium","TheCity"],"potions_floor_usage":[7,16,23,31,33,33,33],"damage_taken":[{"damage":7,"enemies":"Jaw Worm","floor":1,"turns":3},{"damage":0,"enemies":"Cultist","floor":2,"turns":3},{"damage":5,"enemies":"2 Louse","floor":4,"turns":3},{"damage":12,"enemies":"Large Slime","floor":5,"turns":6},{"damage":44,"enemies":"3 Sentries","floor":7,"turns":11},{"damage":16,"enemies":"Lagavulin","floor":10,"turns":8},{"damage":10,"enemies":"Blue Slaver","floor":11,"turns":4},{"damage":32,"enemies":"3 Sentries","floor":12,"turns":6},{"damage":8,"enemies":"Looter","floor":14,"turns":3},{"damage":48,"enemies":"Slime Boss","floor":16,"turns":11},{"damage":16,"enemies":"Spheric Guardian","floor":18,"turns":4},{"damage":0,"enemies":"Chosen","floor":20,"turns":4},{"damage":14,"enemies":"Centurion and Healer","floor":21,"turns":6},{"damage":35,"enemies":"Slavers","floor":23,"turns":5},{"damage":22,"enemies":"Book of Stabbing","floor":25,"turns":5},{"damage":5,"enemies":"Snake Plant","floor":27,"turns":5},{"damage":9,"enemies":"Snecko","floor":28,"turns":4},{"damage":18,"enemies":"Gremlin Leader","floor":29,"turns":6},{"damage":32,"enemies":"Masked Bandits","floor":31,"turns":5},{"damage":54,"enemies":"Champ","floor":33,"turns":17}],"seed_played":"-7362492382849914057","potions_obtained":[{"floor":2,"key":"ElixirPotion"},{"floor":4,"key":"SkillPotion"},{"floor":11,"key":"SteroidPotion"},{"floor":16,"key":"Fire Potion"},{"floor":21,"key":"Swift Potion"},{"floor":27,"key":"BloodPotion"},{"floor":29,"key":"SneckoOil"},{"floor":31,"key":"SkillPotion"}],"is_trial":false,"path_per_floor":["M","M","?","M","M","R","E","R","T","E","M","E","R","M","R","B",null,"M","?","M","M","$","E","R","E","T","M","M","E","R","?","R","B"],"character_chosen":"IRONCLAD","items_purchased":["Oddly Smooth Stone","Dropkick"],"campfire_rested":4,"item_purchase_floors":[22,22],"current_hp_per_floor":[74,80,80,81,75,75,37,61,61,53,51,27,27,27,51,11,64,56,56,64,58,58,31,55,41,41,44,43,33,33,25,49,0,0],"gold":346,"neow_bonus":"TEN_PERCENT_HP_BONUS","is_daily":false,"chose_seed":false,"campfire_upgraded":3,"win_rate":0.0,"timestamp":1611604031,"path_taken":["M","M","?","M","?","R","E","R","T","E","M","E","R","M","R","BOSS","M","?","M","?","$","E","R","E","T","M","M","E","R","?","R","BOSS"],"items_purchased_type":["Relic","Card"],"build_version":"2020-12-22","purchased_purges":1,"victory":false,"max_hp_per_floor":[82,82,82,82,82,82,82,82,82,82,82,82,82,82,82,82,82,82,82,82,82,82,82,82,82,82,82,82,82,82,82,82,82,82],"relic_stats":{"Blood Vial":30,"Dream Catcher":1,"counters":[20,119],"Self Forming Clay":[54],"PreservedInsect":93,"Art of War":[11],"MawBank":48,"obtain_stats":[{"Potion Belt":10,"Self Forming Clay":26,"Velvet Choker":17,"Oddly Smooth Stone":22,"PreservedInsect":23,"Omamori":9,"MawBank":29,"Burning Blood":0,"WarpedTongs":1,"Blood Vial":7,"Dream Catcher":25,"Art of War":12,"Red Mask":31},{"Potion Belt":6,"Self Forming Clay":15,"Velvet Choker":10,"Oddly Smooth Stone":13,"PreservedInsect":14,"Omamori":5,"MawBank":18,"Burning Blood":0,"WarpedTongs":1,"Blood Vial":5,"Dream Catcher":15,"Art of War":8,"Red Mask":19},{"Potion Belt":34,"Self Forming Clay":82,"Velvet Choker":58,"Oddly Smooth Stone":72,"PreservedInsect":77,"Omamori":26,"MawBank":97,"Burning Blood":0,"WarpedTongs":1,"Blood Vial":26,"Dream Catcher":82,"Art of War":44,"Red Mask":102}],"Burning Blood":114,"WarpedTongs":[112]},"card_choices":[{"not_picked":["True Grit","Infernal Blade"],"picked":"Clothesline","floor":1},{"not_picked":["Ghostly Armor","Wild Strike"],"picked":"Twin Strike","floor":2},{"not_picked":["Uppercut","Rage"],"picked":"Shockwave","floor":4},{"not_picked":["Thunderclap","Flex"],"picked":"Heavy Blade","floor":5},{"not_picked":["Twin Strike","Second Wind"],"picked":"Shrug It Off","floor":7},{"not_picked":["Pommel Strike","Double Tap"],"picked":"Second Wind","floor":10},{"not_picked":["Blood for Blood","Second Wind"],"picked":"Dual Wield","floor":11},{"not_picked":["Dual Wield","Combust"],"picked":"Feel No Pain","floor":12},{"not_picked":["Warcry","Thunderclap"],"picked":"True Grit","floor":14},{"not_picked":["Impervious","Juggernaut"],"picked":"Immolate","floor":16},{"not_picked":["Body Slam","Clothesline+1"],"picked":"Pommel Strike","floor":18},{"not_picked":["Rupture","Dual Wield"],"picked":"Shockwave","floor":20},{"not_picked":["Clothesline","Havoc","Thunderclap"],"picked":"SKIP","floor":21},{"not_picked":["Wild Strike","Combust"],"picked":"Flex","floor":23},{"not_picked":["Dual Wield","Rampage+1","Cleave"],"picked":"SKIP","floor":25},{"not_picked":["Warcry","Clash","Wild Strike"],"picked":"SKIP","floor":27},{"not_picked":["Flex","Intimidate","Anger"],"picked":"SKIP","floor":28},{"not_picked":["Seeing Red","Rupture","Hemokinesis"],"picked":"SKIP","floor":29},{"not_picked":["Power Through","Combust"],"picked":"Uppercut","floor":31}],"player_experience":2546261,"relics_obtained":[{"floor":7,"key":"Blood Vial"},{"floor":9,"key":"Omamori"},{"floor":10,"key":"Potion Belt"},{"floor":12,"key":"Art of War"},{"floor":23,"key":"PreservedInsect"},{"floor":25,"key":"Dream Catcher"},{"floor":26,"key":"Self Forming Clay"},{"floor":29,"key":"MawBank"},{"floor":31,"key":"Red Mask"}],"event_choices":[{"damage_healed":0,"gold_gain":0,"player_choice":"2 cards matched","damage_taken":0,"max_hp_gain":0,"max_hp_loss":0,"event_name":"Match and Keep!","floor":3,"gold_loss":0,"cards_obtained":["Armaments","Inflame"]},{"damage_healed":0,"gold_gain":0,"cards_transformed":["Strike_R"],"player_choice":"Transformed","damage_taken":0,"max_hp_gain":0,"max_hp_loss":0,"event_name":"Transmorgrifier","floor":19,"gold_loss":0,"cards_obtained":["Corruption"]},{"damage_healed":0,"gold_gain":0,"player_choice":"Fought Bandits","damage_taken":0,"max_hp_gain":0,"max_hp_loss":0,"event_name":"Masked Bandits","floor":31,"gold_loss":0}],"is_beta":false,"boss_relics":[{"not_picked":["Coffee Dripper","SlaversCollar"],"picked":"Velvet Choker"}],"items_purged_floors":[22],"is_endless":false,"potions_floor_spawned":[2,4,5,11,16,21,27,29,31],"killed_by":"Champ","ascension_level":20}}