{"host":"aqym1xxr3lb31d9m","time":1611581073,"event":{"mods":["BaseMod","Block Reminder","Colored Map","Colored Powertips","DeckTracker","Highlight Path","Minty Spire (QoL Compilation)","Quick Restart","Random Character Button","StSLib","SuperFastMode","UnlockEverythingMod"],"gold_per_floor":[116,116,72,72,72,72,102,126,126,126,126,45,79,79,79,153,153,164,164,136,149,159,190,190,190,190,203,46,58,87,97,97,172,172,186,186,166,166,6,6,33,33,78,113,113,132,150,150,150,150,150,150,150,19,45,45,45],"floor_reached":56,"language":"JPN","playtime":4250,"items_purged":["Hello World"],"score":2190,"play_id":"48584669-5a67-4f4b-90fb-42233dfec764","local_time":"20210125222433","is_ascension_mode":true,"campfire_choices":[{"data":"Dualcast","floor":6,"key":"SMITH"},{"data":"Hologram","floor":10,"key":"SMITH"},{"data":"Scrape","floor":15,"key":"SMITH"},{"data":"Hologram","floor":25,"key":"SMITH"},{"data":"Hologram","floor":32,"key":"SMITH"},{"data":"Turbo","floor":40,"key":"SMITH"},{"floor":42,"key":"RECALL"},{"data":"Madness","floor":45,"key":"SMITH"},{"data":"Seek","floor":49,"key":"SMITH"},{"data":"Madness","floor":53,"key":"SMITH"}],"circlet_count":0,"master_deck":["AscendersBane","Zap+1","Dualcast+1","Scrape+1","Doom and Gloom+1","Hologram+1","All For One+1","Go for the Eyes+1","All For One+1","Coolheaded","Self Repair","Thunder Strike+1","Steam","Rainbow","Gash+1","Lockon+1","Go for the Eyes+1","Turbo+1","Gash+1","Beam Cell+1","Compile Driver+1","Hologram+1","Stack","BootSequence","Scrape+1","Hologram+1","Meteor Strike+1","Defragment","Madness+1","Madness+1","Self Repair+1","Hologram+1","Seek+1","Enlightenment","Madness","Hologram+1"],"relics":["Cracked Core","NeowsBlessing","Mercury Hourglass","Molten Egg 2","Odd Mushroom","Art of War","Pear","Meat on the Bone","Pandora\u0027s Box","Tiny Chest","Anchor","ClockworkSouvenir","Pen Nib","Nuclear Battery","Happy Flower","InkBottle","Lantern","Juzu Bracelet","Symbiotic Virus"],"acts_visited":["Exordium","TheCity","TheBeyond","TheEnding"],"potions_floor_usage":[13,16,19,22,23,51,51,55],"damage_taken":[{"damage":0,"enemies":"2 Louse","floor":1,"turns":1},{"damage":0,"enemies":"Lagavulin","floor":7,"turns":1},{"damage":0,"enemies":"The Mushroom Lair","floor":8,"turns":1},{"damage":16,"enemies":"3 Sentries","floor":13,"turns":4},{"damage":0,"enemies":"Slime Boss","floor":16,"turns":3},{"damage":20,"enemies":"2 Thieves","floor":18,"turns":3},{"damage":0,"enemies":"Chosen","floor":21,"turns":2},{"damage":4,"enemies":"Sentry and Sphere","floor":22,"turns":3},{"damage":12,"enemies":"Gremlin Leader","floor":23,"turns":2},{"damage":0,"enemies":"3 Cultists","floor":27,"turns":3},{"damage":9,"enemies":"Shelled Parasite and Fungi","floor":29,"turns":3},{"damage":0,"enemies":"Book of Stabbing","floor":30,"turns":3},{"damage":0,"enemies":"Sentry and Sphere","floor":31,"turns":3},{"damage":51,"enemies":"Automaton","floor":33,"turns":8},{"damage":3,"enemies":"Orb Walker","floor":35,"turns":3},{"damage":1,"enemies":"Reptomancer","floor":41,"turns":3},{"damage":0,"enemies":"Giant Head","floor":44,"turns":2},{"damage":0,"enemies":"3 Darklings","floor":46,"turns":2},{"damage":13,"enemies":"Writhing Mass","floor":47,"turns":6},{"damage":10,"enemies":"Awakened One","floor":50,"turns":4},{"damage":47,"enemies":"Time Eater","floor":51,"turns":7},{"damage":62,"enemies":"Shield and Spear","floor":55,"turns":5},{"damage":65,"enemies":"The Heart","floor":56,"turns":3}],"seed_played":"7734412443407810182","potions_obtained":[{"floor":1,"key":"Swift Potion"},{"floor":13,"key":"AttackPotion"},{"floor":19,"key":"Fruit Juice"},{"floor":19,"key":"SkillPotion"},{"floor":21,"key":"Swift Potion"},{"floor":22,"key":"Weak Potion"},{"floor":30,"key":"Explosive Potion"},{"floor":33,"key":"ColorlessPotion"},{"floor":37,"key":"Fire Potion"},{"floor":41,"key":"Strength Potion"}],"is_trial":false,"path_per_floor":["M","?","$","?","?","R","E","?","T","R","?","$","E","T","R","B",null,"M","?","$","M","M","E","?","R","T","M","$","M","E","M","R","B",null,"M","?","?","T","$","R","E","R","T","E","R","M","M","?","R","B","B",null,"R","$","E","B"],"character_chosen":"DEFECT","items_purchased":["Hello World","All For One+1","Turbo","ClockworkSouvenir","Happy Flower","ColorlessPotion"],"campfire_rested":0,"item_purchase_floors":[3,12,20,28,39,54],"current_hp_per_floor":[64,53,53,53,46,46,46,46,46,46,46,46,40,40,40,52,74,54,59,59,59,62,50,50,50,50,57,57,48,55,62,62,30,72,76,61,61,61,61,61,67,67,67,67,67,74,78,68,68,68,50,77,77,77,44,0,0],"gold":45,"neow_bonus":"THREE_ENEMY_KILL","is_daily":false,"chose_seed":false,"campfire_upgraded":9,"win_rate":0.0,"timestamp":1611581073,"path_taken":["M","?","$","?","?","R","E","?","T","R","?","$","E","?","R","BOSS","M","?","$","M","?","E","?","R","T","M","$","M","E","M","R","BOSS","M","?","?","?","$","R","E","R","T","E","R","M","M","?","R","BOSS","BOSS","R","$","E","BOSS"],"items_purchased_type":["Card","Card","Card","Relic","Relic","Potion"],"build_version":"2020-12-22","purchased_purges":1,"victory":false,"max_hp_per_floor":[71,71,71,71,71,71,71,71,71,71,71,71,81,81,81,81,81,81,86,86,86,86,86,86,86,86,86,86,86,86,86,86,86,86,86,86,86,86,86,86,86,86,86,86,86,86,86,86,86,86,86,86,86,86,86,86,86],"card_choices":[{"not_picked":["Chill","Go for the Eyes"],"picked":"Scrape","floor":1},{"not_picked":["Hologram","Recycle"],"picked":"Doom and Gloom+1","floor":7},{"not_picked":["Rip and Tear+1","Blizzard+1"],"picked":"Hologram","floor":8},{"not_picked":["Turbo","Scrape+1"],"picked":"Go for the Eyes+1","floor":13},{"not_picked":["Meteor Strike+1","Thunder Strike+1"],"picked":"All For One+1","floor":16},{"not_picked":["Rip and Tear+1","Melter+1"],"picked":"Go for the Eyes+1","floor":18},{"not_picked":["Heatsinks","Rebound+1"],"picked":"Gash+1","floor":21},{"not_picked":["Leap","Stack"],"picked":"Beam Cell+1","floor":22},{"not_picked":["Blizzard+1","Static Discharge"],"picked":"Compile Driver+1","floor":23},{"not_picked":["Ball Lightning+1","Gash+1"],"picked":"Stack","floor":27},{"not_picked":["Consume","Beam Cell+1"],"picked":"BootSequence","floor":29},{"not_picked":["Melter+1","Glacier"],"picked":"Scrape+1","floor":30},{"not_picked":["Fusion","Steam"],"picked":"Hologram","floor":31},{"not_picked":["Creative AI","Hyperbeam+1"],"picked":"Meteor Strike+1","floor":33},{"not_picked":["Gash+1","Stack"],"picked":"Defragment","floor":35},{"not_picked":["Steam","Streamline+1","Ball Lightning+1"],"picked":"SKIP","floor":41},{"not_picked":["Gash+1","Rebound+1"],"picked":"Self Repair+1","floor":44},{"not_picked":["Ball Lightning+1","Fusion"],"picked":"Hologram+1","floor":46},{"not_picked":["Cold Snap+1","Glacier"],"picked":"Seek","floor":47},{"not_picked":["Trip","Deep Breath"],"picked":"Enlightenment","floor":48},{"not_picked":["Discovery","Purity"],"picked":"Madness","floor":48},{"not_picked":["Cold Snap+1","Reinforced Body"],"picked":"Hologram+1","floor":55}],"player_experience":4056313,"relics_obtained":[{"floor":7,"key":"Molten Egg 2"},{"floor":8,"key":"Odd Mushroom"},{"floor":9,"key":"Art of War"},{"floor":13,"key":"Pear"},{"floor":14,"key":"Meat on the Bone"},{"floor":23,"key":"Tiny Chest"},{"floor":26,"key":"Anchor"},{"floor":30,"key":"Pen Nib"},{"floor":41,"key":"InkBottle"},{"floor":43,"key":"Lantern"},{"floor":44,"key":"Juzu Bracelet"},{"floor":55,"key":"Symbiotic Virus"}],"event_choices":[{"damage_healed":0,"gold_gain":0,"player_choice":"Success","damage_taken":11,"relics_obtained":["Mercury Hourglass"],"max_hp_gain":0,"max_hp_loss":0,"event_name":"Scrap Ooze","floor":2,"gold_loss":0},{"damage_healed":0,"gold_gain":0,"player_choice":"Grow","damage_taken":0,"max_hp_gain":0,"max_hp_loss":0,"event_name":"Living Wall","floor":4,"gold_loss":0,"cards_upgraded":["Zap"]},{"cards_removed":["Strike_B"],"damage_healed":0,"gold_gain":0,"player_choice":"Card Removal","damage_taken":7,"max_hp_gain":0,"max_hp_loss":0,"event_name":"Golden Wing","floor":5,"gold_loss":0},{"damage_healed":0,"gold_gain":0,"player_choice":"Fought Mushrooms","damage_taken":0,"max_hp_gain":0,"max_hp_loss":0,"event_name":"Mushrooms","floor":8,"gold_loss":0},{"damage_healed":0,"gold_gain":0,"player_choice":"Ignored","damage_taken":0,"max_hp_gain":0,"max_hp_loss":0,"event_name":"Shining Light","floor":11,"gold_loss":0},{"damage_healed":0,"gold_gain":0,"player_choice":"Got Potions","damage_taken":0,"max_hp_gain":0,"max_hp_loss":0,"event_name":"Lab","floor":19,"gold_loss":0},{"damage_healed":0,"gold_gain":0,"player_choice":"Read","damage_taken":0,"max_hp_gain":0,"max_hp_loss":0,"event_name":"The Library","floor":24,"gold_loss":0,"cards_obtained":["Hologram"]},{"damage_healed":0,"gold_gain":0,"player_choice":"Embrace Madness","damage_taken":15,"max_hp_gain":0,"max_hp_loss":0,"event_name":"Winding Halls","floor":36,"gold_loss":0,"cards_obtained":["Madness","Madness"]},{"damage_healed":0,"gold_gain":0,"player_choice":"Bought 1 Potion","damage_taken":0,"max_hp_gain":0,"max_hp_loss":0,"event_name":"The Woman in Blue","floor":37,"gold_loss":0},{"damage_healed":0,"gold_gain":0,"player_choice":"Memory 3","damage_taken":10,"max_hp_gain":0,"max_hp_loss":0,"event_name":"SensoryStone","floor":48,"gold_loss":0}],"is_beta":false,"boss_relics":[{"not_picked":["Black Star","Empty Cage"],"picked":"Pandora\u0027s Box"},{"not_picked":["Philosopher\u0027s Stone","Inserter"],"picked":"Nuclear Battery"}],"items_purged_floors":[54],"is_endless":false,"potions_floor_spawned":[1,13,21,22,30,31,33,41,46],"killed_by":"The Heart","ascension_level":20}}