{"host":"f6w7z8zvb0mi4wy9","time":1611611974,"event":{"mods":["BaseMod","Colored Map","Minty Spire (QoL Compilation)","READ ME - Guardian Mod","StSLib","SuperFastMode","The Jungle"],"gold_per_floor":[117,42,54,9,79,105,105,130,157,257,275,305,305,322,322,422,422,437,437,437,437,449,449,264,264,264,277,277,277],"floor_reached":28,"language":"KOR","playtime":597,"items_purged":["Strike_B"],"score":376,"play_id":"5b0e9386-4685-4587-b26e-3e355f792958","local_time":"20210126065934","is_ascension_mode":true,"campfire_choices":[{"data":"Zap","floor":7.0,"key":"SMITH"},{"data":"Defragment","floor":13.0,"key":"SMITH"},{"data":"Dualcast","floor":15.0,"key":"SMITH"},{"floor":23.0,"key":"REST"}],"circlet_count":0,"master_deck":["Strike_B","Strike_B","Defend_B","Defend_B","Defend_B","Defend_B","Zap+1","Dualcast+1","Chaos","BootSequence","Streamline","Defragment+1","Go for the Eyes","Beam Cell","Conserve Battery","Core Surge","CurseOfTheBell","Rebound+1","FTL","Hologram","Core Surge+1"],"relics":["Cracked Core","NeowsBlessing","Centennial Puzzle","Strawberry","Potion Belt","Calling Bell","Dream Catcher","Blue Candle","Thread and Needle","Shovel","theJungle:Creamberry","Orichalcum"],"acts_visited":["Exordium","Exordium"],"potions_floor_usage":[28,28,28],"damage_taken":[{"damage":0.0,"enemies":"Small Slimes","floor":1.0,"turns":1.0},{"damage":0.0,"enemies":"Jaw Worm","floor":3.0,"turns":1.0},{"damage":0.0,"enemies":"3 Sentries","floor":6.0,"turns":1.0},{"damage":37.0,"enemies":"Gremlin Nob","floor":8.0,"turns":4.0},{"damage":6.0,"enemies":"Cultist","floor":11.0,"turns":3.0},{"damage":12.0,"enemies":"Lagavulin","floor":12.0,"turns":6.0},{"damage":3.0,"enemies":"Large Slime","floor":14.0,"turns":5.0},{"damage":13.0,"enemies":"Hexaghost","floor":16.0,"turns":10.0},{"damage":13.0,"enemies":"theJungle:MUSHROOMGANG","floor":18.0,"turns":6.0},{"damage":10.0,"enemies":"Shell Parasite","floor":22.0,"turns":5.0},{"damage":19.0,"enemies":"theJungle:JungleHuntersEncounter","floor":27.0,"turns":6.0},{"damage":10,"enemies":"theJungle:2_Flameangoes","floor":28,"turns":2}],"seed_played":"-1574883193028924835","potions_obtained":[{"floor":8.0,"key":"Dexterity Potion"},{"floor":11.0,"key":"Dexterity Potion"},{"floor":12.0,"key":"ColorlessPotion"},{"floor":14.0,"key":"SmokeBomb"},{"floor":27.0,"key":"EssenceOfSteel"}],"is_trial":false,"path_per_floor":["M","$","M","$","?","E","R","E","T","?","M","E","R","M","R","B",null,"M","?","?","?","M","R","?","?","T","M","M"],"character_chosen":"DEFECT","items_purchased":["Streamline"],"campfire_rested":1,"item_purchase_floors":[4],"current_hp_per_floor":[68,68,68,68,68,68,68,38,38,38,32,20,20,17,17,4,63,50,32,32,22,12,36,36,28,28,9,0,0],"gold":277,"neow_bonus":"THREE_ENEMY_KILL","is_daily":false,"chose_seed":false,"campfire_upgraded":3,"win_rate":0.0,"timestamp":1611611974,"path_taken":["M","$","M","$","?","E","R","E","T","?","?","E","R","M","R","BOSS","M","?","?","?","M","R","?","?","T","M","M"],"items_purchased_type":["Card"],"build_version":"2020-12-22","purchased_purges":1,"victory":false,"max_hp_per_floor":[75,75,75,75,75,75,75,82,82,82,82,82,82,82,82,82,82,82,82,82,82,82,82,82,82,82,82,82,82],"card_choices":[{"not_picked":["Turbo","Leap"],"picked":"Chaos","floor":1.0},{"not_picked":["Hologram","Compile Driver"],"picked":"BootSequence","floor":3.0},{"not_picked":["Chaos","Meteor Strike"],"picked":"Defragment","floor":6.0},{"not_picked":["Reprogram","Darkness"],"picked":"Go for the Eyes","floor":8.0},{"not_picked":["BootSequence","Fusion"],"picked":"Beam Cell","floor":11.0},{"not_picked":["Stack","Buffer","Reprogram"],"picked":"SKIP","floor":12.0},{"not_picked":["Lockon","Recycle"],"picked":"Conserve Battery","floor":14.0},{"not_picked":["Meteor Strike","Hyperbeam"],"picked":"Core Surge","floor":16.0},{"not_picked":["Stack+1","Heatsinks"],"picked":"Rebound+1","floor":18.0},{"not_picked":["Reinforced Body","Coolheaded"],"picked":"FTL","floor":22.0},{"not_picked":["Sweeping Beam+1","Stack"],"picked":"Hologram","floor":23.0},{"not_picked":["Coolheaded+1","BootSequence+1"],"picked":"Core Surge+1","floor":27.0}],"player_experience":895611,"relics_obtained":[{"floor":6.0,"key":"Centennial Puzzle"},{"floor":8.0,"key":"Strawberry"},{"floor":12.0,"key":"Potion Belt"},{"floor":17.0,"key":"Dream Catcher"},{"floor":17.0,"key":"Blue Candle"},{"floor":17.0,"key":"Thread and Needle"},{"floor":26.0,"key":"Orichalcum"}],"event_choices":[{"damage_healed":0.0,"max_hp_gain":0.0,"max_hp_loss":0.0,"gold_gain":70.0,"event_name":"Golden Wing","player_choice":"Gained Gold","floor":5.0,"gold_loss":0.0,"damage_taken":0.0},{"damage_healed":0.0,"max_hp_gain":0.0,"max_hp_loss":0.0,"gold_gain":100.0,"event_name":"Wheel of Change","player_choice":"Gold","floor":10.0,"gold_loss":0.0,"damage_taken":0.0},{"damage_healed":0.0,"max_hp_gain":0.0,"max_hp_loss":0.0,"gold_gain":0.0,"event_name":"Wheel of Change","player_choice":"Damaged","floor":25.0,"gold_loss":0.0,"damage_taken":8.0}],"is_beta":false,"boss_relics":[{"not_picked":["Ectoplasm","Fusion Hammer"],"picked":"Calling Bell"}],"items_purged_floors":[2],"is_endless":false,"potions_floor_spawned":[8,11,12,14,27],"killed_by":"theJungle:2_Flameangoes","ascension_level":9}}