{"host":"7wibw175hth9njsf","time":1611542604,"event":{"mods":["100% Spire Juice","2.2 Compatiblity","Act Like it!","BaseMod","Chen","Friendly Minions","Gensokyo","GifTheSpireLib","Highlight Path","HololiveMod","Koishi","Marisa（霧雨　魔理沙）","Minty Spire (QoL Compilation)","Onozuka Komachi Mod","Random Character Button","Reimu（博??梦）","Remilia（蕾米莉?）","StSLib","The Administrix","The Alterego","The Animator","The Blue Laboratory","The Fake Hero","TheSwordswoman","Waifu the Spire","Yakumo Yukari mod"],"gold_per_floor":[116,116,116,133,83,83,126,137,182,182,204,216,230,83,83,183,183,201,223,223,242,236,236,247,247,270,307,307,321,348,348,348,449,449,464,476,526,526,526,557,557,585,585,510,510,510,524,553,553,553],"floor_reached":51,"language":"ENG","playtime":23996,"items_purged":[],"score":775,"play_id":"9ac7ef9a-97c0-42ed-b114-68546e111b84","local_time":"20210124214324","is_ascension_mode":false,"campfire_choices":[{"data":"animator:Lancer","floor":6,"key":"SMITH"},{"data":"animator:CrowleyEusford","floor":10,"key":"SMITH"},{"floor":15,"key":"REST"},{"floor":23,"key":"REST"},{"floor":28,"key":"REST"},{"floor":32,"key":"REST"},{"floor":41,"key":"REST"},{"floor":46,"key":"REST"},{"data":"animator:Greed","floor":49,"key":"SMITH"}],"circlet_count":0,"master_deck":["animator:Strike_Overlord","animator:Defend_Overlord","animator:Strike","animator:Strike","animator:Defend","animator:Defend","animator:Defend","animator:Cocytus","animator:Demiurge+1","animator:Kuribayashi","animator:Lancer+1","animator:Mikaela","animator:NarberalGamma","animator:RinTohsaka","animator:Caster","animator:HigakiRinne","animator:Shalltear","animator:PandorasActor","animator:Kagari","animator:Sebas","animator:ElricEdward+1","animator:Cocytus","animator:Yuuichirou","animator:EmiyaShirou+1","animator:Demiurge+1","animator:Greed+1","animator:ShinjiMatou","animator:Berserker","animator:Canti","animator:Mitsurugi+1","animator:Cocytus","animator:HigakiRinne","animator:Mitsuba+1"],"relics":["animator:LivingPicture","animator:TheMissingPiece","animator:PurgingStone","Champion Belt","animator:WornHelmet","Membership Card","Hololive_Finger","Matryoshka","PreservedInsect","Juzu Bracelet","Eternal Feather","Tea:ReiMu","alterego_mod:SomeoneToFightFor","animator:HolyGrailRelic","CatCart","animator:OldCoffin","Gambling Chip","Hololive_LightStick","RuthlessExorcism:ReiMu","Regal Pillow","ScarletDevilRocket"],"acts_visited":["Exordium","TheCity","TheBeyond"],"potions_floor_usage":[13,16,33,33,50,50],"damage_taken":[{"damage":0,"enemies":"Small Slimes","floor":1,"turns":5},{"damage":0,"enemies":"2 Louse","floor":4,"turns":2},{"damage":14,"enemies":"Gremlin Nob","floor":7,"turns":3},{"damage":0,"enemies":"Cultist","floor":8,"turns":3},{"damage":8,"enemies":"Gremlin Gang","floor":11,"turns":4},{"damage":5,"enemies":"Exordium Wildlife","floor":12,"turns":4},{"damage":5,"enemies":"Lots of Slimes","floor":13,"turns":4},{"damage":15,"enemies":"The Guardian","floor":16,"turns":10},{"damage":3,"enemies":"Shell Parasite","floor":18,"turns":6},{"damage":15,"enemies":"2 Thieves","floor":19,"turns":4},{"damage":15,"enemies":"Cultist and Chosen","floor":21,"turns":5},{"damage":0,"enemies":"Chosen and Byrds","floor":22,"turns":6},{"damage":7,"enemies":"Snake Plant","floor":24,"turns":3},{"damage":13,"enemies":"Book of Stabbing","floor":27,"turns":5},{"damage":28,"enemies":"3 Cultists","floor":29,"turns":6},{"damage":0,"enemies":"animator:HornedBat","floor":30,"turns":5},{"damage":28,"enemies":"Collector","floor":33,"turns":8},{"damage":0,"enemies":"3 Shapes","floor":35,"turns":4},{"damage":10,"enemies":"3 Darklings","floor":36,"turns":6},{"damage":16,"enemies":"Orin","floor":37,"turns":14},{"damage":34,"enemies":"Nemesis","floor":40,"turns":7},{"damage":38,"enemies":"Reptomancer","floor":42,"turns":5},{"damage":0,"enemies":"Writhing Mass","floor":47,"turns":4},{"damage":17,"enemies":"Giant Head","floor":48,"turns":6},{"damage":14,"enemies":"Donu and Deca","floor":50,"turns":7}],"seed_played":"-5604522197995314137","potions_obtained":[{"floor":4,"key":"blueLaboratory:FruitPunch"},{"floor":8,"key":"SkillPotion"},{"floor":13,"key":"blueLaboratory:HorrorPotion"},{"floor":19,"key":"blueLaboratory:BottleOfRum"},{"floor":24,"key":"LiquidBronze"},{"floor":27,"key":"Strength Potion"},{"floor":37,"key":"blueLaboratory:Moonshine"},{"floor":40,"key":"blueLaboratory:LouseDecoction"},{"floor":48,"key":"GamblersBrew"}],"is_trial":false,"path_per_floor":["M","?","?","M","?","R","E","M","T","R","M","M","M","$","R","B",null,"M","M","?","M","M","R","M","?","T","E","R","M","E","?","R","B",null,"M","M","?","?","?","E","R","E","T","$","?","R","M","E","R","B",null],"character_chosen":"THE_ANIMATOR","items_purchased":["Membership Card","Regal Pillow"],"campfire_rested":6,"item_purchase_floors":[14,44],"current_hp_per_floor":[72,72,72,72,72,72,58,59,59,59,51,46,43,43,65,50,75,73,58,46,32,32,55,48,48,48,35,70,42,42,42,77,77,85,87,89,73,73,73,39,82,55,55,55,44,84,86,67,84,70],"gold":553,"neow_bonus":"TEN_PERCENT_HP_BONUS","is_daily":false,"chose_seed":false,"campfire_upgraded":3,"win_rate":0.0,"timestamp":1611542604,"path_taken":["M","?","?","M","?","R","E","M","T","R","M","M","M","?","R","BOSS","M","M","?","?","?","R","M","?","T","E","R","M","E","?","R","BOSS","M","M","?","?","?","E","R","E","T","$","?","R","M","E","R","BOSS"],"items_purchased_type":["Relic","Relic"],"build_version":"2020-12-22","purchased_purges":0,"victory":true,"max_hp_per_floor":[72,72,72,72,72,72,72,73,73,73,73,73,75,75,75,75,75,76,76,76,77,77,77,77,77,77,77,77,77,77,77,77,77,85,87,89,89,89,89,86,86,84,84,84,84,84,86,84,84,84],"card_choices":[{"not_picked":["animator:MamiTomoe","animator:Sloth"],"picked":"animator:Kuribayashi","floor":1},{"not_picked":["animator:Yoichi","animator:YachiyoNanami"],"picked":"animator:Lancer","floor":4},{"not_picked":["animator:Mitsuba","animator:Vanir"],"picked":"animator:Mikaela","floor":7},{"not_picked":["animator:Yuuichirou","animator:Shigure"],"picked":"animator:CrowleyEusford","floor":8},{"not_picked":["animator:Demiurge","animator:Shion"],"picked":"animator:NarberalGamma","floor":11},{"not_picked":["animator:YaoHaDucy","animator:Megumin"],"picked":"animator:RinTohsaka","floor":12},{"not_picked":["animator:PinaCoLada","animator:SuzuneAmano"],"picked":"animator:Caster","floor":13},{"not_picked":["animator:FeridBathory","animator:Wiz"],"picked":"animator:HigakiRinne","floor":16},{"not_picked":["animator:Entoma","animator:Cocytus"],"picked":"animator:Shalltear","floor":18},{"not_picked":["animator:Illya","animator:SuzuneAmano"],"picked":"animator:PandorasActor","floor":19},{"not_picked":["animator:SuzuneAmano","animator:Hakurou"],"picked":"animator:Sebas","floor":21},{"not_picked":["animator:Konayuki","animator:Sloth"],"picked":"animator:ElricEdward+1","floor":22},{"not_picked":["animator:Entoma","animator:PandorasActor"],"picked":"animator:Cocytus","floor":24},{"not_picked":["animator:HiiragiShinya","animator:Hakurou"],"picked":"animator:Yuuichirou","floor":27},{"not_picked":["animator:PandorasActor","animator:IrohaTamaki"],"picked":"animator:EmiyaShirou+1","floor":29},{"not_picked":["animator:Shuna","animator:Hakurou+1"],"picked":"animator:Demiurge+1","floor":30},{"not_picked":["animator:ItamiYouji","animator:Father"],"picked":"animator:Greed","floor":33},{"not_picked":["animator:Illya","animator:Caster"],"picked":"animator:ShinjiMatou","floor":35},{"not_picked":["animator:Demiurge","animator:Scar","animator:Evileye"],"picked":"SKIP","floor":36},{"not_picked":["animator:Illya","animator:Rider+1"],"picked":"animator:Berserker","floor":37},{"not_picked":["animator:Shimakaze","animator:Patchouli"],"picked":"animator:Canti","floor":38},{"not_picked":["animator:MaesHughes","animator:Togame"],"picked":"animator:Mitsurugi+1","floor":40},{"not_picked":["animator:Entoma","animator:Demiurge"],"picked":"animator:Cocytus","floor":42},{"not_picked":["animator:Azekura","animator:Rider","animator:Mitsurugi"],"picked":"SKIP","floor":47},{"not_picked":["animator:MaesHughes","animator:Rider"],"picked":"animator:Mitsuba+1","floor":48}],"player_experience":229845,"relics_obtained":[{"floor":7,"key":"Champion Belt"},{"floor":9,"key":"animator:WornHelmet"},{"floor":26,"key":"PreservedInsect"},{"floor":26,"key":"Juzu Bracelet"},{"floor":27,"key":"Eternal Feather"},{"floor":30,"key":"Tea:ReiMu"},{"floor":37,"key":"CatCart"},{"floor":40,"key":"animator:OldCoffin"},{"floor":42,"key":"Gambling Chip"},{"floor":43,"key":"Hololive_LightStick"},{"floor":43,"key":"RuthlessExorcism:ReiMu"},{"floor":48,"key":"ScarletDevilRocket"}],"event_choices":[{"damage_healed":0,"gold_gain":0,"player_choice":"Grow","damage_taken":0,"max_hp_gain":0,"max_hp_loss":0,"event_name":"Living Wall","floor":2,"gold_loss":0,"cards_upgraded":["animator:Demiurge"]},{"damage_healed":0,"gold_gain":0,"player_choice":"Ignored","damage_taken":0,"max_hp_gain":0,"max_hp_loss":0,"event_name":"Liars Game","floor":3,"gold_loss":0},{"cards_removed":["animator:Strike"],"damage_healed":0,"gold_gain":0,"player_choice":"Card Removal","damage_taken":0,"max_hp_gain":0,"max_hp_loss":0,"event_name":"The Cleric","floor":5,"gold_loss":50},{"damage_healed":0,"gold_gain":0,"player_choice":"CARD ","damage_taken":12,"max_hp_gain":0,"max_hp_loss":0,"event_name":"Knowing Skull","floor":20,"potions_obtained":[],"gold_loss":0,"cards_obtained":["animator:Kagari"]},{"damage_healed":0,"gold_gain":0,"player_choice":"Gave Potion","damage_taken":0,"relics_obtained":["Matryoshka"],"max_hp_gain":0,"max_hp_loss":0,"event_name":"WeMeetAgain","floor":25,"gold_loss":0},{"damage_healed":0,"gold_gain":0,"player_choice":"Choice 2","damage_taken":0,"relics_obtained":["alterego_mod:SomeoneToFightFor"],"max_hp_gain":0,"max_hp_loss":0,"event_name":"Secret Garden","floor":31,"gold_loss":0},{"damage_healed":0,"gold_gain":0,"player_choice":"Fight","damage_taken":0,"max_hp_gain":0,"max_hp_loss":0,"event_name":"OrinTheCat","floor":37,"gold_loss":0},{"damage_healed":0,"gold_gain":0,"player_choice":"Memory 1","damage_taken":0,"max_hp_gain":0,"max_hp_loss":0,"event_name":"SensoryStone","floor":38,"gold_loss":0},{"cards_removed":["animator:CrowleyEusford"],"damage_healed":0,"gold_gain":0,"player_choice":"Removed Attack","damage_taken":0,"max_hp_gain":0,"max_hp_loss":0,"event_name":"Falling","floor":39,"gold_loss":0},{"damage_healed":0,"gold_gain":0,"player_choice":"Embrace Madness","damage_taken":11,"max_hp_gain":0,"max_hp_loss":0,"event_name":"Winding Halls","floor":45,"gold_loss":0,"cards_obtained":["animator:HigakiRinne"]}],"is_beta":false,"boss_relics":[{"not_picked":["SacredBark","Busted Crown"],"picked":"Hololive_Finger"},{"not_picked":["Sozu","SlaversCollar"],"picked":"animator:HolyGrailRelic"}],"items_purged_floors":[],"is_endless":false,"potions_floor_spawned":[4,8,13,19,24,27,29,37,40,48],"ascension_level":0}}