{"host":"yq2wmfr0u0wuvxc0","time":1611540769,"event":{"mods":["Act Like it!","BaseMod","Curses Come First","Downfall","Friendly Minions","Gensokyo","Hero for Fun","Hubris","Minty Spire (QoL Compilation)","Shop Mod","StSLib"],"gold_per_floor":[99,113,130,130,130,130,130,40,51,77,91,108,108,143,160,261,261,161,161,161,189,270,289,313,313,332,376,376,412,412,431,459,568,568,568,579,589,589,198,233,303,334,446,464,464,383,383,411,428,428],"floor_reached":51,"language":"ZHS","playtime":2376,"items_purged":["Slimebound:Strike_Slimebound"],"score":966,"play_id":"5cedfc16-48f2-417f-b59f-27ab7dbfde8e","local_time":"20210124181249","is_ascension_mode":true,"campfire_choices":[{"data":"Slimebound:Split","floor":1,"key":"SMITH"},{"data":"Slimebound:Chomp","floor":13,"key":"SMITH"},{"data":"Slimebound:GoopSpray","floor":18,"key":"SMITH"},{"data":"Slimebound:Prepare","floor":25,"key":"SMITH"},{"data":"Slimebound:GoopSpray","floor":30,"key":"SMITH"},{"data":"Slimebound:DuplicatedForm","floor":35,"key":"SMITH"},{"data":"Slimebound:Prepare","floor":45,"key":"SMITH"},{"data":"Slimebound:Schlurp","floor":47,"key":"SMITH"}],"circlet_count":0,"master_deck":["Slimebound:Tackle","Slimebound:Defend_Slimebound","Slimebound:Defend_Slimebound","Slimebound:Defend_Slimebound","Slimebound:Split+1","Slimebound:CorrosiveSpit","Slimebound:Chomp+1","Slimebound:Schlurp+1","Clumsy","Slimebound:GoopTackle+1","Slimebound:GoopTackle+1","Slimebound:GoopSpray+1","Slimebound:RollThrough+1","Slimebound:GoopTackle+1","Slimebound:Prepare+1","Slimebound:LeechLife+1","Slimebound:LivingWall+1","Slimebound:GoopTackle+1","Slimebound:GoopSpray+1","Slimebound:LivingWall+1","Slimebound:ViciousTackle+1","Slimebound:Chomp+1","Slimebound:Prepare+1","Slimebound:DuplicatedForm+1","Gensokyo:GreaterSplit+1","Doubt","Gensokyo:CustomPotion","Gensokyo:SummonPsychicCat"],"relics":["Slimebound:AbsorbEndCombat","Gensokyo:NagashiBinaDoll","Mummified Hand","hubris:Towel","Molten Egg 2","Centennial Puzzle","Tiny Chest","Snecko Eye","downfall:HeartBlessingGreen","CeramicFish","hubris:Icosahedron","Gremlin Horn","hubris:SlimyHat","hubris:Zylophone","Slimebound:TarBlob","hubris:MysteriousPyramids","Slimebound:MaxSlimesRelic","hubris:TinFlute","hubris:ToyBattleship","Dream Catcher","hubris:64BitClover","Gensokyo:Companionship"],"acts_visited":["Gensokyo:Gensokyo","Gensokyo:Gensokyoer","Gensokyo:Gensokyoest"],"potions_floor_usage":[16,33,36,42,50,50],"damage_taken":[{"damage":9,"enemies":"Gensokyo:Python","floor":2,"turns":3},{"damage":1,"enemies":"Gensokyo:2_Kodama","floor":3,"turns":3},{"damage":5,"enemies":"downfall:FleeingMerchant","floor":8,"turns":4},{"damage":6,"enemies":"Gensokyo:3_Fairies","floor":9,"turns":4},{"damage":3,"enemies":"Gensokyo:Mamizou","floor":10,"turns":6},{"damage":8,"enemies":"Gensokyo:Kitsune","floor":11,"turns":3},{"damage":7,"enemies":"Gensokyo:Gryphon_and_Rabbit","floor":12,"turns":3},{"damage":12,"enemies":"Gensokyo:Aya","floor":14,"turns":4},{"damage":0,"enemies":"Gensokyo:VengefulSpirit","floor":15,"turns":2},{"damage":37,"enemies":"SI_SHIV_ARCHETYPE","floor":16,"turns":4},{"damage":2,"enemies":"Gensokyo:2_Gloops","floor":21,"turns":2},{"damage":3,"enemies":"Gensokyo:Chomper","floor":23,"turns":2},{"damage":22,"enemies":"Gensokyo:Slime_Group","floor":26,"turns":3},{"damage":12,"enemies":"Gensokyo:Koishi","floor":27,"turns":4},{"damage":0,"enemies":"Gensokyo:Reisen","floor":29,"turns":2},{"damage":0,"enemies":"Gensokyo:Swordslinger","floor":31,"turns":2},{"damage":3,"enemies":"Gensokyo:Chomper_and_Gloop","floor":32,"turns":2},{"damage":24,"enemies":"IC_MUSHROOM_ARCHETYPE","floor":33,"turns":5},{"damage":3,"enemies":"Gensokyo:3_Boulders","floor":36,"turns":3},{"damage":19,"enemies":"Gensokyo:AncientGuardian","floor":37,"turns":2},{"damage":15,"enemies":"Gensokyo:Doremy","floor":40,"turns":4},{"damage":17,"enemies":"Gensokyo:Marisa","floor":42,"turns":4},{"damage":21,"enemies":"Gensokyo:Dusk_and_Dawn","floor":43,"turns":3},{"damage":0,"enemies":"Gensokyo:3_Boulders","floor":48,"turns":2},{"damage":25,"enemies":"Gensokyo:Sharpion","floor":49,"turns":2},{"damage":15,"enemies":"WA_ARCHETYPE_DIVINITY","floor":50,"turns":4}],"seed_played":"4336459944856385072","potions_obtained":[{"floor":2,"key":"DuplicationPotion"},{"floor":9,"key":"EssenceOfSteel"},{"floor":11,"key":"bronze:BurnAndBuffPotion"},{"floor":16,"key":"Slimebound:SpawnSlimePotion"},{"floor":36,"key":"Fruit Juice"},{"floor":37,"key":"EssenceOfSteel"}],"is_trial":false,"path_per_floor":["R","M","M","?","T","?","T","$","M","E","M","M","R","E","M","B",null,"R","?","?","M","T","M","T","R","M","E","?","E","R","M","M","B",null,"R","M","M","T","COS","E","T","E","M","?","R","?","R","M","M","B",null],"character_chosen":"SLIMEBOUND","items_purchased":[],"campfire_rested":0,"item_purchase_floors":[],"current_hp_per_floor":[65,59,62,62,62,62,62,64,62,65,57,56,56,52,56,25,65,65,60,60,60,60,57,57,57,53,60,60,60,60,60,57,38,60,60,64,60,60,60,65,65,65,59,59,59,59,59,65,57,65],"gold":428,"neow_bonus":"TRANSFORM_CARD","is_daily":false,"chose_seed":false,"campfire_upgraded":8,"win_rate":0.0,"timestamp":1611540769,"path_taken":["R","M","M","?","?","?","T","$","M","E","M","?","R","E","M","BOSS","R","?","?","?","?","?","T","R","M","E","?","E","R","?","M","BOSS","R","M","M","?","COS","E","T","E","M","?","R","?","R","?","M","BOSS"],"items_purchased_type":[],"build_version":"2020-12-22","purchased_purges":1,"victory":true,"max_hp_per_floor":[65,65,65,65,65,65,65,65,65,65,65,65,65,65,65,65,65,65,60,60,60,60,60,60,60,60,60,60,60,60,60,60,60,60,60,65,65,65,65,65,65,65,65,65,65,65,65,65,65,65],"card_choices":[{"not_picked":["Slimebound:LeechEnergy","Slimebound:HauntingLick"],"picked":"Slimebound:Schlurp","floor":2},{"not_picked":["Slimebound:ProtectTheBoss","Slimebound:RollThrough","Slimebound:SplitBruiser"],"picked":"SKIP","floor":3},{"not_picked":["Slimebound:SamplingLick","Slimebound:LeechingTouch+1"],"picked":"Slimebound:GoopTackle+1","floor":8},{"not_picked":["Slimebound:HauntingLick","Slimebound:SlimeBarrage+1"],"picked":"Slimebound:GoopTackle+1","floor":9},{"not_picked":["Slimebound:ViciousTackle+1","Slimebound:SlimeTap"],"picked":"Slimebound:GoopSpray","floor":10},{"not_picked":["Slimebound:SplitBruiser","Slimebound:MegaLick"],"picked":"Slimebound:RollThrough+1","floor":11},{"not_picked":["Slimebound:SpikyOuterGoop","Slimebound:PressTheAttack+1","Slimebound:ForwardTackle+1"],"picked":"SKIP","floor":12},{"not_picked":["Slimebound:SplitSpecialist","Slimebound:PressTheAttack+1"],"picked":"Slimebound:GoopTackle+1","floor":14},{"not_picked":["Slimebound:Schlurp","Slimebound:Dissolve"],"picked":"Slimebound:Prepare","floor":15},{"not_picked":["Slimebound:DouseInSlime","Slimebound:MassRepurpose"],"picked":"Slimebound:LeechLife+1","floor":16},{"not_picked":["Slimebound:AcidTongue","Slimebound:PressTheAttack+1"],"picked":"Slimebound:LivingWall+1","floor":21},{"not_picked":["Slimebound:LevelUp","Slimebound:ViciousTackle+1"],"picked":"Slimebound:GoopTackle+1","floor":23},{"not_picked":["Slimebound:FirmFortitude","Slimebound:LevelUp"],"picked":"Slimebound:GoopSpray","floor":26},{"not_picked":["Slimebound:AcidTongue","Slimebound:LivingWall+1","Slimebound:MegaLick"],"picked":"SKIP","floor":27},{"not_picked":["Slimebound:AcidTongue","Slimebound:MegaLick"],"picked":"Slimebound:LivingWall+1","floor":27},{"not_picked":["Slimebound:LeechingTouch+1","Slimebound:Repurpose"],"picked":"Slimebound:ViciousTackle+1","floor":29},{"not_picked":["Slimebound:LeechingTouch+1","Slimebound:PressTheAttack+1"],"picked":"Slimebound:Chomp+1","floor":31},{"not_picked":["Slimebound:MegaLick+1","Slimebound:DouseInSlime"],"picked":"Slimebound:Prepare","floor":32},{"not_picked":["Slimebound:OneTwoCombo+1","Slimebound:MassFeed+1"],"picked":"Slimebound:DuplicatedForm","floor":33},{"not_picked":["Slimebound:RollThrough+1","Slimebound:SlimeBarrage+1","Slimebound:ProtectTheBoss+1"],"picked":"SKIP","floor":36},{"not_picked":["Slimebound:MegaLick+1","Slimebound:SlimeTap+1","Slimebound:Nibble+1"],"picked":"SKIP","floor":37},{"not_picked":["Slimebound:RainOfGoop+1","Slimebound:SlimeSpikes+1","Slimebound:DisruptingSlam+1"],"picked":"SKIP","floor":40},{"not_picked":["Slimebound:HauntingLick","Slimebound:SamplingLick+1","Slimebound:BestDefense"],"picked":"SKIP","floor":42},{"not_picked":["Slimebound:SplitLeeching","Slimebound:ServeAndProtect","Slimebound:AcidTongue"],"picked":"SKIP","floor":43},{"not_picked":["Slimebound:RollThrough+1","Slimebound:ItLooksTasty+1","Slimebound:MegaLick"],"picked":"SKIP","floor":48},{"not_picked":["Slimebound:Equalize+1","Slimebound:ComboTackle+1","Slimebound:Darklings"],"picked":"SKIP","floor":49}],"player_experience":243269,"relics_obtained":[{"floor":5,"key":"Mummified Hand"},{"floor":7,"key":"Molten Egg 2"},{"floor":10,"key":"Centennial Puzzle"},{"floor":14,"key":"Tiny Chest"},{"floor":22,"key":"Gremlin Horn"},{"floor":24,"key":"hubris:SlimyHat"},{"floor":27,"key":"Anchor"},{"floor":29,"key":"hubris:Zylophone"},{"floor":38,"key":"hubris:MysteriousPyramids"},{"floor":40,"key":"Slimebound:MaxSlimesRelic"},{"floor":41,"key":"hubris:TinFlute"},{"floor":42,"key":"hubris:ToyBattleship"}],"event_choices":[],"is_beta":false,"boss_relics":[{"not_picked":["hubris:GrandSneckoEye","Philosopher\u0027s Stone"],"picked":"Snecko Eye"},{"not_picked":["SlaversCollar","Pandora\u0027s Box"],"picked":"Slimebound:TarBlob"}],"items_purged_floors":[8],"is_endless":false,"potions_floor_spawned":[2,9,11,15,16,21,29,36,37],"ascension_level":1}}