{"host":"6qo42zgaknezulyg","time":1611575271,"event":{"mods":["2.2 Compatiblity","BaseMod","Keyboard Shortcuts","Minty Spire (QoL Compilation)","Permanent Neow","Quick Restart","StSLib","SuperFastMode","The Hayseed"],"gold_per_floor":[112,129,141,160,180,210,221,221,221,221,238,249,267,297,297,392,692,703,703,703,723,262,291,291,291],"floor_reached":24,"language":"ENG","playtime":1775,"items_purged":["TheSimpletonMod:Strike_TheSimpleton"],"score":232,"play_id":"b92598cb-cd6d-40ce-92cf-2713b54ca708","local_time":"20210125204751","is_ascension_mode":false,"campfire_choices":[{"floor":8.0,"key":"REST"},{"floor":10.0,"key":"REST"},{"data":"TheSimpletonMod:CropRotation","floor":15.0,"key":"SMITH"}],"circlet_count":0,"master_deck":["TheSimpletonMod:Strike_TheSimpleton","TheSimpletonMod:Strike_TheSimpleton","TheSimpletonMod:Defend_TheSimpleton","TheSimpletonMod:Defend_TheSimpleton","TheSimpletonMod:Defend_TheSimpleton","TheSimpletonMod:Defend_TheSimpleton","TheSimpletonMod:Haymaker","TheSimpletonMod:ReapAndSow","TheSimpletonMod:Surplus","TheSimpletonMod:CropRotation+1","TheSimpletonMod:Swelter","TheSimpletonMod:Innovate","TheSimpletonMod:ControlledBurn","TheSimpletonMod:Sunchoke","TheSimpletonMod:VineRipen","TheSimpletonMod:RootDown","TheSimpletonMod:GoToMarket+1","TheSimpletonMod:BumperCrop+1","TheSimpletonMod:CrackOfDawn","CurseOfTheBell","TheSimpletonMod:OnionBloom+1","TheSimpletonMod:ToughenUp+1","TheSimpletonMod:BuzzBomb","TheSimpletonMod:HitTheSack"],"relics":["TheSimpletonMod:SpudOfTheInnocent","TheSimpletonMod:NightSoil","TheSimpletonMod:TheHarvester","Art of War","Toxic Egg 2","Blood Vial","Calling Bell","Orichalcum","Eternal Feather","Old Coin","Sundial","Potion Belt"],"acts_visited":["Exordium","TheCity"],"potions_floor_usage":[16,16,23,24],"damage_taken":[{"damage":7.0,"enemies":"2 Louse","floor":1.0,"turns":6.0},{"damage":10.0,"enemies":"Jaw Worm","floor":2.0,"turns":4.0},{"damage":6.0,"enemies":"Cultist","floor":3.0,"turns":4.0},{"damage":3.0,"enemies":"Blue Slaver","floor":4.0,"turns":6.0},{"damage":7.0,"enemies":"2 Fungi Beasts","floor":5.0,"turns":3.0},{"damage":49.0,"enemies":"Gremlin Nob","floor":6.0,"turns":6.0},{"damage":4.0,"enemies":"Exordium Wildlife","floor":7.0,"turns":3.0},{"damage":15.0,"enemies":"Lots of Slimes","floor":11.0,"turns":2.0},{"damage":2.0,"enemies":"Blue Slaver","floor":12.0,"turns":5.0},{"damage":5.0,"enemies":"Red Slaver","floor":13.0,"turns":3.0},{"damage":5.0,"enemies":"Lagavulin","floor":14.0,"turns":8.0},{"damage":38,"enemies":"Slime Boss","floor":16,"turns":10},{"damage":18,"enemies":"Shell Parasite","floor":18,"turns":7},{"damage":4,"enemies":"3 Byrds","floor":21,"turns":4},{"damage":50,"enemies":"Slavers","floor":23,"turns":5},{"damage":3,"enemies":"Shelled Parasite and Fungi","floor":24,"turns":1}],"seed_played":"6837018376571097088","potions_obtained":[{"floor":3.0,"key":"Dexterity Potion"},{"floor":4.0,"key":"EntropicBrew"},{"floor":7.0,"key":"FearPotion"},{"floor":12.0,"key":"FearPotion"},{"floor":14.0,"key":"AttackPotion"},{"floor":16,"key":"CultistPotion"},{"floor":21,"key":"Explosive Potion"},{"floor":23,"key":"TheSimpletonMod:KindlingPotion"}],"is_trial":false,"path_per_floor":["M","M","M","M","M","E","M","R","T","R","M","M","M","E","R","B",null,"M","?","?","M","$","E","M"],"character_chosen":"THE_SIMPLETON","items_purchased":["TheSimpletonMod:BuzzBomb","Sundial"],"campfire_rested":2,"item_purchase_floors":[22,22],"current_hp_per_floor":[68,62,60,57,54,9,9,31,31,53,42,40,35,34,34,2,75,61,47,47,49,49,1,0,0],"gold":291,"neow_bonus":"ONE_RANDOM_RARE_CARD","is_daily":false,"chose_seed":false,"campfire_upgraded":1,"win_rate":0.0,"timestamp":1611575271,"path_taken":["M","M","M","M","M","E","M","R","T","R","M","M","M","E","R","BOSS","M","?","?","?","$","E","M"],"items_purchased_type":["Card","Relic"],"build_version":"2020-12-22","purchased_purges":1,"victory":false,"max_hp_per_floor":[75,75,75,75,75,75,75,75,75,75,75,75,75,75,75,75,75,75,80,80,80,80,80,80,80],"card_choices":[{"not_picked":["TheSimpletonMod:SlashAndBurn","TheSimpletonMod:CloseScrape"],"picked":"TheSimpletonMod:CropRotation","floor":1.0},{"not_picked":["TheSimpletonMod:SlashAndBurn","TheSimpletonMod:Rake"],"picked":"TheSimpletonMod:Swelter","floor":2.0},{"not_picked":["TheSimpletonMod:Potatoes","TheSimpletonMod:CullingStrike"],"picked":"TheSimpletonMod:Innovate","floor":3.0},{"not_picked":["TheSimpletonMod:StockTheCellar","TheSimpletonMod:Aerate"],"picked":"TheSimpletonMod:ControlledBurn","floor":4.0},{"not_picked":["TheSimpletonMod:OnionBloom","TheSimpletonMod:DoubleBarrel"],"picked":"TheSimpletonMod:Sunchoke","floor":5.0},{"not_picked":["TheSimpletonMod:Swelter","TheSimpletonMod:SpiceUp"],"picked":"TheSimpletonMod:VineRipen","floor":6.0},{"not_picked":["TheSimpletonMod:CropRotation","TheSimpletonMod:DoubleBarrel","TheSimpletonMod:Potatoes"],"picked":"SKIP","floor":7.0},{"not_picked":["TheSimpletonMod:Pruning+1","TheSimpletonMod:Potatoes"],"picked":"TheSimpletonMod:RootDown","floor":11.0},{"not_picked":["TheSimpletonMod:Potatoes","TheSimpletonMod:Innovate+1"],"picked":"TheSimpletonMod:GoToMarket+1","floor":12.0},{"not_picked":["TheSimpletonMod:Asparagus","TheSimpletonMod:PestManagement"],"picked":"TheSimpletonMod:BumperCrop+1","floor":13.0},{"not_picked":["TheSimpletonMod:Potatoes","TheSimpletonMod:Corn","TheSimpletonMod:DigIn+1"],"picked":"SKIP","floor":14.0},{"not_picked":["TheSimpletonMod:DesperatePlunge+1","TheSimpletonMod:BirdFeeder"],"picked":"TheSimpletonMod:CrackOfDawn","floor":16},{"not_picked":["TheSimpletonMod:Potatoes","TheSimpletonMod:Pruning+1"],"picked":"TheSimpletonMod:OnionBloom+1","floor":18},{"not_picked":["TheSimpletonMod:SpiceUp+1","TheSimpletonMod:BumperCrop+1"],"picked":"TheSimpletonMod:ToughenUp+1","floor":21},{"not_picked":["TheSimpletonMod:ToughenUp+1","TheSimpletonMod:SlashAndBurn"],"picked":"TheSimpletonMod:HitTheSack","floor":23}],"player_experience":729297,"relics_obtained":[{"floor":6.0,"key":"Art of War"},{"floor":9.0,"key":"Toxic Egg 2"},{"floor":14.0,"key":"Blood Vial"},{"floor":17,"key":"Orichalcum"},{"floor":17,"key":"Eternal Feather"},{"floor":17,"key":"Old Coin"},{"floor":23,"key":"Potion Belt"}],"event_choices":[{"damage_healed":0,"gold_gain":0,"player_choice":"Shed Blood","damage_taken":19,"max_hp_gain":5,"max_hp_loss":0,"event_name":"Forgotten Altar","floor":19,"gold_loss":0},{"cards_removed":["TheSimpletonMod:Strike_TheSimpleton"],"damage_healed":0,"gold_gain":0,"player_choice":"Offered Basic","damage_taken":0,"max_hp_gain":0,"max_hp_loss":0,"event_name":"Bonfire Elementals","floor":20,"gold_loss":0}],"is_beta":false,"boss_relics":[{"not_picked":["Ectoplasm","WristBlade"],"picked":"Calling Bell"}],"items_purged_floors":[22],"is_endless":false,"potions_floor_spawned":[3,4,7,12,14,16,21,23],"killed_by":"Shelled Parasite and Fungi","ascension_level":0}}