{"host":"ojezjkpqju62j8xy","time":1611580435,"event":{"mods":["ATMod(°¢èªMod)","Act Like it!","Aspiration","BaseMod","Conspire","Minty Spire (QoL Compilation)","Pale of the Ancients","Replay The Spire","Spicy Shops","StSLib","[GremlinLeader]The Maniac","¡¾ÒÅÎï¿¨ÅÆ¡¿REMEMod"],"gold_per_floor":[109,109,127,138,150,150,150],"floor_reached":6,"language":"ZHS","playtime":227,"items_purged":[],"score":59,"play_id":"f6e68098-ec23-4224-908a-97de40cc8aa8","local_time":"20210125211355","is_ascension_mode":true,"campfire_choices":[],"circlet_count":0,"master_deck":["AscendersBane","Strike_B","Strike_B","Strike_B","Strike_B","Defend_B","Defend_B","Defend_B","Defend_B","Zap","Dualcast","AT_EmpoweredMortalDraw","Turbo","Chill","AT_ThreeBodyProblem","Hello World"],"relics":["Cracked Core","AT_ATBox","REME_ComplimentaryCards","Turnip"],"acts_visited":["Exordium"],"potions_floor_usage":[5,6],"damage_taken":[{"damage":5,"enemies":"2 Louse","floor":1,"turns":3},{"damage":6,"enemies":"Cultist","floor":3,"turns":3},{"damage":5,"enemies":"Jaw Worm","floor":4,"turns":2},{"damage":0,"enemies":"Exordium Thugs","floor":5,"turns":2},{"damage":64,"enemies":"Lagavulin","floor":6,"turns":10}],"seed_played":"5061273606757719790","potions_obtained":[{"floor":3,"key":"ColorlessPotion"},{"floor":4,"key":"PotionOfCapacity"}],"is_trial":false,"path_per_floor":["M","?","M","M","M","E"],"character_chosen":"DEFECT","items_purchased":[],"campfire_rested":0,"item_purchase_floors":[],"current_hp_per_floor":[70,70,64,59,59,0,0],"gold":150,"neow_bonus":"TEN_PERCENT_HP_BONUS","is_daily":false,"chose_seed":false,"campfire_upgraded":0,"win_rate":0.0,"timestamp":1611580435,"path_taken":["M","?","M","M","M","E"],"items_purchased_type":[],"build_version":"2020-12-22","purchased_purges":0,"victory":false,"max_hp_per_floor":[82,82,82,82,82,82,82],"card_choices":[{"not_picked":["Panic Button","Lockon"],"picked":"Turbo","floor":1},{"not_picked":["ReplaySort","Hologram"],"picked":"Chill","floor":3},{"not_picked":["Redo","All For One"],"picked":"AT_ThreeBodyProblem","floor":4},{"not_picked":["Leap","Crystallizer"],"picked":"Hello World","floor":5}],"player_experience":1375169,"relics_obtained":[],"event_choices":[{"cards_removed":["Mayhem"],"damage_healed":0,"gold_gain":0,"player_choice":"Gave Card","damage_taken":0,"relics_obtained":["Turnip"],"max_hp_gain":0,"max_hp_loss":0,"event_name":"WeMeetAgain","floor":2,"gold_loss":0}],"is_beta":false,"boss_relics":[],"items_purged_floors":[],"is_endless":false,"potions_floor_spawned":[3,4],"killed_by":"Lagavulin","ascension_level":11}}