{"host":"ws1rigs6jhqnf67d","time":1611591411,"event":{"mods":["BaseMod","Friendly Minions","KinomotoSakuraMod(ƒæ÷Æ±æ”£)","Kiyohime£®«Âºß£©","Lobotomy","LobotomyExtend","Marisa£®ÏF”Í°°ƒß¿Ì…≥£©","Minty Spire (QoL Compilation)","Remilia£®¿Ÿ√◊¿Ú—«£©","StSLib","The Bug Knight","Youmu£®ªÍ∆«—˝√Œ£©","[IsaacMod]“‘»ˆº‚À˛"],"gold_per_floor":[362,372,372,372,388,402,402,435,461,130,130,130,164,176,176,261,261,273,288,288,305,318,355,355,391,436,482,495,514,534,261,261,336,336,348,362,372,208,221,221,246,246,246,246,273,307,341,376,376,376,376],"floor_reached":52,"language":"ZHS","playtime":1560,"items_purged":[],"score":1959,"play_id":"e4790f0b-775a-4579-b901-798ddcaf7e1d","local_time":"20210126001651","is_ascension_mode":true,"campfire_choices":[{"data":"SpellCardSeal","floor":7,"key":"SMITH"},{"floor":12,"key":"REST"},{"data":"ClowCardTheFreeze","floor":15,"key":"SMITH"},{"data":"ClowCardTheLight","floor":24,"key":"SMITH"},{"data":"ClowCardTheFight","floor":32,"key":"SMITH"},{"data":"ClowCardTheMove","floor":40,"key":"SMITH"},{"data":"ClowCardTheTwin","floor":44,"key":"SMITH"},{"floor":49,"key":"RECALL"}],"circlet_count":0,"master_deck":["SakuraCardTheShield+","SakuraCardTheBig+","SakuraCardTheSword+","AscendersBane","SpellCardSeal+1","SpellCardRelease","ClowCardTheFreeze+1","ClowCardTheLight+1","ClowCardTheFight+1","ClowCardTheMove+1","ClowCardTheTwin+1","ClowCardTheFly+1"],"relics":["KSMOD_SealedBook","KSMOD_SealedWand","HushsDoor","BelialBook","LetterFromLob","SalivaCoin","Art of War","KSMOD_GemBrooch","Lantern","KSMOD_TomoyosHeart","MagicMushroom","Omamori","SharpPlug","Toy Ornithopter","DoctorsRemote","SatanicBible","KSMOD_DarknessWand","KSMOD_TaoistSuit","HowToJump","PreservedInsect","TheBible","GnawedLeaf"],"acts_visited":["Exordium","TheCity","TheBeyond"],"potions_floor_usage":[6,22,50,50],"damage_taken":[{"damage":3,"enemies":"Small Slimes","floor":1,"turns":4},{"damage":5,"enemies":"Cultist","floor":2,"turns":4},{"damage":3,"enemies":"Jaw Worm","floor":5,"turns":4},{"damage":1,"enemies":"Looter","floor":6,"turns":3},{"damage":18,"enemies":"Lagavulin","floor":8,"turns":5},{"damage":16,"enemies":"Gremlin Nob","floor":13,"turns":3},{"damage":0,"enemies":"Red Slaver","floor":14,"turns":3},{"damage":8,"enemies":"The Guardian","floor":16,"turns":4},{"damage":0,"enemies":"Chosen","floor":18,"turns":2},{"damage":0,"enemies":"Spheric Guardian","floor":19,"turns":2},{"damage":0,"enemies":"Shelled Parasite and Fungi","floor":21,"turns":3},{"damage":0,"enemies":"Snake Plant","floor":22,"turns":1},{"damage":0,"enemies":"Book of Stabbing","floor":23,"turns":4},{"damage":6,"enemies":"Slavers","floor":25,"turns":3},{"damage":12,"enemies":"Book of Stabbing","floor":27,"turns":4},{"damage":0,"enemies":"Snecko","floor":28,"turns":2},{"damage":0,"enemies":"3 Cultists","floor":29,"turns":3},{"damage":8,"enemies":"Snake Plant","floor":30,"turns":3},{"damage":0,"enemies":"Collector","floor":33,"turns":3},{"damage":0,"enemies":"3 Shapes","floor":35,"turns":4},{"damage":0,"enemies":"Orb Walker","floor":36,"turns":2},{"damage":0,"enemies":"Maw","floor":37,"turns":3},{"damage":0,"enemies":"Writhing Mass","floor":39,"turns":2},{"damage":0,"enemies":"Giant Head","floor":41,"turns":1},{"damage":0,"enemies":"Jaw Worm Horde","floor":45,"turns":1},{"damage":0,"enemies":"Nemesis","floor":46,"turns":3},{"damage":0,"enemies":"4 Shapes","floor":47,"turns":1},{"damage":0,"enemies":"Giant Head","floor":48,"turns":1},{"damage":0,"enemies":"Awakened One","floor":50,"turns":3}],"seed_played":"-5715969311838479647","potions_obtained":[{"floor":1,"key":"SmokeBomb"},{"floor":5,"key":"KSMOD_MagickBottle"},{"floor":8,"key":"SneckoOil"},{"floor":21,"key":"AttackPotion"},{"floor":22,"key":"Weak Potion"},{"floor":30,"key":"Ancient Potion"}],"is_trial":false,"path_per_floor":["M","M","?","?","M","M","R","E","T","$","E","R","E","M","R","B",null,"M","M","?","M","M","E","R","E","T","E","M","M","M","$","R","B",null,"M","M","M","$","M","R","E","$","T","R","M","E","M","E","R","B",null,null],"character_chosen":"KINOMOTOSAKURA","items_purchased":["KSMOD_GemBrooch","Lantern","SatanicBible","ClowCardTheCreate","HowToJump"],"campfire_rested":1,"item_purchase_floors":[10,10,31,34,38],"current_hp_per_floor":[56,51,51,51,48,47,47,29,29,29,29,48,32,32,32,24,62,63,64,64,65,66,67,67,62,62,51,52,53,46,46,46,47,63,64,65,66,66,67,67,67,67,67,67,68,68,68,68,68,68,68],"gold":376,"neow_bonus":"TWO_FIFTY_GOLD","is_daily":false,"chose_seed":false,"campfire_upgraded":6,"win_rate":0.0,"timestamp":1611591411,"path_taken":["M","M","?","?","M","M","R","E","T","$","E","R","E","M","R","BOSS","M","M","?","M","M","E","R","E","T","E","M","M","M","$","R","BOSS","M","M","M","$","M","R","E","$","T","R","M","E","M","E","R","BOSS"],"items_purchased_type":["Relic","Card","Relic","Card","Relic"],"build_version":"2020-12-22","purchased_purges":0,"victory":true,"max_hp_per_floor":[65,65,65,65,65,65,65,65,65,65,65,65,65,65,65,65,72,72,72,72,72,72,72,72,72,72,72,72,72,72,72,72,72,68,68,68,68,68,68,68,68,68,68,68,68,68,68,68,68,68,68],"card_choices":[{"not_picked":[],"picked":"ChaosCard","floor":0},{"not_picked":["ClowCardTheArrow","ClowCardTheWave","ClowCardTheChange"],"picked":"SKIP","floor":1},{"not_picked":["ClowCardTheLibra","ClowCardTheRain","ClowCardTheVoice"],"picked":"SKIP","floor":2},{"not_picked":["ClowCardTheMaze","ClowCardTheThunder","ClowCardTheDream"],"picked":"SKIP","floor":5},{"not_picked":["ClowCardTheSweet","ClowCardTheSand","ClowCardTheArrow"],"picked":"SKIP","floor":6},{"not_picked":["ClowCardTheDream","ClowCardTheWindy","ClowCardTheRain"],"picked":"SKIP","floor":8},{"not_picked":["ClowCardThePower","ClowCardTheGlow"],"picked":"ClowCardTheFreeze","floor":13},{"not_picked":["ClowCardTheMist","ClowCardTheJump","ClowCardTheSilent"],"picked":"SKIP","floor":14},{"not_picked":["ClowCardTheTime","ClowCardTheThunder"],"picked":"ClowCardTheLight","floor":16},{"not_picked":["ClowCardTheWave","ClowCardTheRain","ClowCardTheLibra+1"],"picked":"SKIP","floor":18},{"not_picked":["ClowCardTheShot","ClowCardThePower","ClowCardTheShadow"],"picked":"SKIP","floor":19},{"not_picked":["ClowCardTheWood","ClowCardTheWave"],"picked":"ClowCardTheBig+1","floor":21},{"not_picked":["ClowCardTheLock","ClowCardTheSilent","ClowCardTheMaze"],"picked":"SKIP","floor":22},{"not_picked":["ClowCardTheMirror","ClowCardTheMist"],"picked":"ClowCardTheFight","floor":23},{"not_picked":["ClowCardTheIllusion","ClowCardTheEarthy+1","ClowCardTheReturn"],"picked":"SKIP","floor":25},{"not_picked":["ClowCardTheSleep","ClowCardTheEarthy","ClowCardTheIllusion"],"picked":"SKIP","floor":27},{"not_picked":["ClowCardTheWave","ClowCardTheSand"],"picked":"ClowCardTheMove","floor":28},{"not_picked":["ClowCardTheMaze","ClowCardTheCloud","ClowCardTheWood"],"picked":"SKIP","floor":29},{"not_picked":["ClowCardTheLoop","ClowCardTheWindy","ClowCardTheLibra"],"picked":"SKIP","floor":30},{"not_picked":["ClowCardTheThrough","ClowCardTheDark"],"picked":"ClowCardTheTwin","floor":33},{"not_picked":["ClowCardTheMist","ClowCardTheShot","ClowCardTheSweet+1"],"picked":"SKIP","floor":35},{"not_picked":["ClowCardTheStorm","ClowCardTheMirror","ClowCardTheIllusion"],"picked":"SKIP","floor":36},{"not_picked":["ClowCardTheShadow","ClowCardTheSweet"],"picked":"ClowCardTheFly+1","floor":37},{"not_picked":["ClowCardTheFly","ClowCardTheMist","ClowCardTheGlow"],"picked":"SKIP","floor":39},{"not_picked":["ClowCardTheDark","ClowCardTheFirey+1","ClowCardTheChange"],"picked":"SKIP","floor":41},{"not_picked":["ClowCardTheLock","ClowCardTheWindy","ClowCardTheFlower"],"picked":"SKIP","floor":45},{"not_picked":["ClowCardTheSong","ClowCardTheWindy+1","ClowCardTheMove"],"picked":"SKIP","floor":46},{"not_picked":["ClowCardTheEarthy","ClowCardTheStorm","ClowCardTheSand"],"picked":"SKIP","floor":47},{"not_picked":["ClowCardTheLoop","ClowCardTheDream","ClowCardTheSweet"],"picked":"SKIP","floor":48}],"player_experience":848939,"relics_obtained":[{"floor":1,"key":"LetterFromLob"},{"floor":8,"key":"SalivaCoin"},{"floor":9,"key":"Art of War"},{"floor":13,"key":"KSMOD_TomoyosHeart"},{"floor":23,"key":"Omamori"},{"floor":25,"key":"SharpPlug"},{"floor":26,"key":"Toy Ornithopter"},{"floor":27,"key":"DoctorsRemote"},{"floor":35,"key":"KSMOD_TaoistSuit"},{"floor":41,"key":"PreservedInsect"},{"floor":46,"key":"TheBible"},{"floor":48,"key":"GnawedLeaf"}],"event_choices":[{"cards_removed":["Clumsy"],"damage_healed":0,"gold_gain":0,"player_choice":"Removed Curses","damage_taken":0,"max_hp_gain":0,"max_hp_loss":0,"event_name":"Fountain of Cleansing","floor":3,"gold_loss":0},{"damage_healed":0,"gold_gain":0,"player_choice":"Ignored","damage_taken":0,"max_hp_gain":0,"max_hp_loss":0,"event_name":"Shining Light","floor":4,"gold_loss":0}],"is_beta":false,"boss_relics":[{"not_picked":["Busted Crown","Runic Dome"],"picked":"MagicMushroom"},{"not_picked":[]},{"not_picked":["SacredBark","Sozu"],"picked":"KSMOD_DarknessWand"},{"not_picked":[]}],"items_purged_floors":[],"is_endless":false,"potions_floor_spawned":[1,5,8,14,21,22,25,30,36,37,39],"ascension_level":16}}