{"host":"6rz02yiipefhcw4r","time":1611582410,"event":{"mods":["2.2 Compatiblity","BaseMod","Block Reminder","Colored Map","Curses Come First","DeckTracker","Googly Eyes","Minty Spire (QoL Compilation)","Quick Restart","Rare Cards Sparkle","StSLib"],"gold_per_floor":[113,113,113,388,401,444,459,459,459,459,124,149,190,226,238,250,250],"floor_reached":16,"language":"ENG","playtime":529,"items_purged":["Regret"],"score":266,"play_id":"1d315579-6467-4381-a46f-0d943ccdd4fc","local_time":"20210125114650","is_ascension_mode":true,"campfire_choices":[{"data":"Searing Blow","floor":15,"key":"SMITH"}],"circlet_count":0,"master_deck":["AscendersBane","Strike_R","Strike_R","Strike_R","Strike_R+1","Strike_R","Defend_R+1","Defend_R","Defend_R","Defend_R","Bash","Searing Blow+1","Armaments","Fiend Fire","Combust"],"relics":["Burning Blood","NeowsBlessing","Golden Idol","Matryoshka","Akabeko","Pen Nib","Letter Opener","MealTicket","Lantern","Juzu Bracelet","MawBank"],"acts_visited":["Exordium"],"potions_floor_usage":[16,16],"damage_taken":[{"damage":0,"enemies":"Small Slimes","floor":1,"turns":1},{"damage":0,"enemies":"Jaw Worm","floor":5,"turns":1},{"damage":2,"enemies":"3 Sentries","floor":6,"turns":2},{"damage":9,"enemies":"Cultist","floor":7,"turns":3},{"damage":12,"enemies":"Lagavulin","floor":13,"turns":7},{"damage":8,"enemies":"3 Louse","floor":14,"turns":3},{"damage":41,"enemies":"Hexaghost","floor":16,"turns":7}],"seed_played":"7039686961629797252","potions_obtained":[{"floor":5,"key":"SkillPotion"},{"floor":13,"key":"SkillPotion"}],"is_trial":false,"path_per_floor":["M","?","?","?","M","E","M","?","T","?","$","T","E","M","R","B"],"character_chosen":"IRONCLAD","items_purchased":["Combust","MealTicket"],"campfire_rested":0,"item_purchase_floors":[11,11],"current_hp_per_floor":[74,68,73,73,73,73,70,70,70,48,48,48,42,40,40,0,0],"gold":250,"neow_bonus":"THREE_ENEMY_KILL","is_daily":false,"chose_seed":false,"campfire_upgraded":1,"win_rate":0.0,"timestamp":1611582410,"path_taken":["M","?","?","?","?","E","M","?","T","?","$","?","E","M","R","BOSS"],"items_purchased_type":["Card","Relic"],"build_version":"2020-12-22","purchased_purges":1,"victory":false,"max_hp_per_floor":[75,68,73,73,73,73,73,73,73,73,73,73,73,73,73,73,73],"card_choices":[{"not_picked":["Headbutt","Infernal Blade","Clash"],"picked":"SKIP","floor":1},{"not_picked":["Armaments","Rage"],"picked":"Searing Blow","floor":5},{"not_picked":["Headbutt","Anger"],"picked":"Armaments","floor":6},{"not_picked":["Sentinel","Iron Wave"],"picked":"Fiend Fire","floor":7},{"not_picked":["Warcry","Infernal Blade","Ghostly Armor"],"picked":"SKIP","floor":13},{"not_picked":["Wild Strike","Perfected Strike","Burning Pact"],"picked":"SKIP","floor":14}],"player_experience":737781,"relics_obtained":[{"floor":6,"key":"Matryoshka"},{"floor":9,"key":"Pen Nib"},{"floor":9,"key":"Letter Opener"},{"floor":12,"key":"Lantern"},{"floor":12,"key":"Juzu Bracelet"},{"floor":13,"key":"MawBank"}],"event_choices":[{"damage_healed":0,"gold_gain":0,"player_choice":"Lose Max HP","damage_taken":0,"relics_obtained":["Golden Idol"],"max_hp_gain":0,"max_hp_loss":7,"event_name":"Golden Idol","floor":2,"gold_loss":0},{"damage_healed":0,"gold_gain":0,"player_choice":"Donut","damage_taken":0,"max_hp_gain":5,"max_hp_loss":0,"event_name":"Big Fish","floor":3,"gold_loss":0},{"damage_healed":0,"gold_gain":275,"player_choice":"Desecrate","damage_taken":0,"max_hp_gain":0,"max_hp_loss":0,"event_name":"Golden Shrine","floor":4,"gold_loss":0,"cards_obtained":["Regret"]},{"damage_healed":0,"gold_gain":0,"player_choice":"Searched \u00271\u0027 times","damage_taken":0,"relics_obtained":["Akabeko"],"max_hp_gain":0,"max_hp_loss":0,"event_name":"Dead Adventurer","floor":8,"gold_loss":0},{"damage_healed":0,"gold_gain":0,"player_choice":"Entered Light","damage_taken":22,"max_hp_gain":0,"max_hp_loss":0,"event_name":"Shining Light","floor":10,"gold_loss":0,"cards_upgraded":["Strike_R","Defend_R"]}],"is_beta":false,"boss_relics":[],"items_purged_floors":[11],"is_endless":false,"potions_floor_spawned":[5,13],"killed_by":"Hexaghost","ascension_level":20}}