{"host":"am9dcwhv7hq2nlsk","time":1611572137,"event":{"mods":["ATMod(阿瑾Mod)","AchievementEnabler","Act Like it!","Ascension Reborn","Aspiration","BaseMod","BetterRewards","Conspire","Custom Start","Dota2Spire","Marisa（F雨　魔理沙）","Minty Spire (QoL Compilation)","Reimu（博丽灵梦）","Remilia（蕾米莉亚）","Replay The Spire","RumiaBox-露米娅的神秘盒子","Shop Mod","Spicy Shops","StSLib","TestMod","The Cursed","The Hierophant","UnlockEverythingMod","[IsaacMod]以撒尖塔","noobMod","【遗物卡牌】REMEMod","篝火指南"],"gold_per_floor":[119,119,136,152,208,237,237,264,264,282,118,146,162,173,173,252,252,272,272,286,300,4,31,57,84,84,112,132,158,175,201,201,280,280,291,228,242,464,479,479,507,507,507,542,557,583,602,633,633,633,633,633,633,158,158,158],"floor_reached":55,"language":"ZHS","playtime":2709,"items_purged":["Strike_R","Strike_R","Strike_R"],"score":3574,"play_id":"10e9c347-0a54-4c6c-ba0a-bc68108df395","local_time":"20210125185537","is_ascension_mode":true,"campfire_choices":[{"data":"Whirlwind","floor":7,"key":"SMITH"},{"data":"AT_BodySlamDance","floor":15,"key":"SMITH"},{"data":"Armaments","floor":32,"key":"SMITH"},{"floor":40,"key":"RECALL"},{"data":"AT_EmpoweredMortalDraw","floor":42,"key":"SMITH"},{"data":"REME_FearOfPain","floor":49,"key":"SMITH"}],"circlet_count":0,"master_deck":["AscendersBane","Strike_R+1","Strike_R","Defend_R","Defend_R","Defend_R","Defend_R+1","Bash","AT_CaressingTears","Strike_R","Replay:Undeath\u0027s Touch","Whirlwind+1","AT_BodySlamDance+1","Feed","REME_ACTH","Armaments+1","Thunderclap+1","REME_FearOfPain+1","AT_EmpoweredMortalDraw+1","Limit Break","Power Through"],"relics":["Burning Blood","testmod-TestBox","HushsDoor","REME_ComplimentaryCards","AT_ATBox","ice","Blood Vial","Charon\u0027s Ashes","testmod-LifeArmor","testmod-Antiphasic","testmod-Nyarlathotep","SteamSale","Dream Catcher","HornCleat","Regal Pillow","Dota2Spire:BattleFury","AT_SeraphEmbrace","ClockworkSouvenir","Toy Ornithopter","Dota2Spire:Bloodstone","PreservedInsect","testmod-CrystalShield","Simple Rune","Red Mask","conspire:GlowingRock","Onion Ring","Dota2Spire:ArcaneBoots","aspiration:SeaSaltIceCream","aspiration:Nostalgia","Ring of the Snake","AT_MortalBlade","conspire:DecoderRing","Dota2Spire:MonkeyKingBar","LastBattle","Bag of Preparation","AT_ImmortalShieldbow","Strange Spoon","Dota2Spire:AghanimScepter","Dota2Spire:OrchidMalevolence"],"acts_visited":["Exordium","TheCity","TheBeyond","TheEnding"],"potions_floor_usage":[6],"damage_taken":[{"damage":0,"enemies":"Small Slimes","floor":1,"turns":2},{"damage":7,"enemies":"2 Louse","floor":3,"turns":2},{"damage":7,"enemies":"Jaw Worm","floor":4,"turns":3},{"damage":19,"enemies":"Replay:BlueRogue","floor":6,"turns":5},{"damage":0,"enemies":"Gremlin Nob","floor":8,"turns":2},{"damage":1,"enemies":"conspire:2 RoseBushes","floor":10,"turns":2},{"damage":0,"enemies":"3 Sentries","floor":12,"turns":2},{"damage":0,"enemies":"Exordium Wildlife","floor":13,"turns":2},{"damage":0,"enemies":"Large Slime","floor":14,"turns":3},{"damage":37,"enemies":"The Guardian","floor":16,"turns":9},{"damage":0,"enemies":"Chosen","floor":18,"turns":2},{"damage":19,"enemies":"Shell Parasite","floor":20,"turns":4},{"damage":8,"enemies":"Centurion and Healer","floor":21,"turns":5},{"damage":0,"enemies":"Replay:Snechameleon","floor":23,"turns":3},{"damage":0,"enemies":"Masked Bandits","floor":24,"turns":2},{"damage":0,"enemies":"REME_1_Revenger","floor":25,"turns":2},{"damage":0,"enemies":"conspire:SneckoGhost","floor":27,"turns":1},{"damage":0,"enemies":"Sentry and Sphere","floor":28,"turns":1},{"damage":0,"enemies":"Cultist and Chosen","floor":30,"turns":1},{"damage":0,"enemies":"REME_1_Revenger","floor":31,"turns":1},{"damage":0,"enemies":"Pondfish","floor":33,"turns":3},{"damage":0,"enemies":"3 Shapes","floor":35,"turns":1},{"damage":0,"enemies":"Orb Walker","floor":37,"turns":1},{"damage":0,"enemies":"4 Shapes","floor":39,"turns":1},{"damage":0,"enemies":"Nemesis","floor":41,"turns":2},{"damage":0,"enemies":"R_Hoarder","floor":44,"turns":2},{"damage":0,"enemies":"Sphere and 2 Shapes","floor":45,"turns":1},{"damage":0,"enemies":"Giant Head","floor":46,"turns":2},{"damage":0,"enemies":"Jaw Worm Horde","floor":47,"turns":1},{"damage":0,"enemies":"R_Hoarder","floor":48,"turns":2},{"damage":0,"enemies":"Donu and Deca","floor":50,"turns":2},{"damage":0,"enemies":"Awakened One","floor":51,"turns":3},{"damage":0,"enemies":"Shield and Spear","floor":55,"turns":1}],"seed_played":"5327449883384747141","potions_obtained":[{"floor":3,"key":"Strength Potion"},{"floor":4,"key":"BloodPotion"},{"floor":12,"key":"Dota2Spire:HealingSalve"}],"is_trial":false,"path_per_floor":["M","?","M","M","?","E","R","E","T","M","$","E","M","M","R","B",null,"M","?","M","M","$","E","?","E","T","E","M","T","M","E","R","B",null,"M","$","M","?","M","R","E","R","T","E","M","E","M","E","R","B","B",null,"R","$","E"],"character_chosen":"IRONCLAD","items_purchased":["Blood Vial","testmod-LifeArmor","testmod-Antiphasic","AT_ArchangelStaff","ClockworkSouvenir","REME_ACTH","PreservedInsect","testmod-CrystalShield","Limit Break","Power Through","Strange Spoon","Dota2Spire:AghanimScepter","Dota2Spire:OrchidMalevolence"],"campfire_rested":0,"item_purchase_floors":[0,0,0,11,11,17,22,22,54,54,54,54,54],"current_hp_per_floor":[41,34,35,36,36,25,25,33,33,40,40,48,56,66,66,37,63,74,74,61,64,64,76,84,84,84,84,84,84,87,91,91,91,91,91,91,94,94,97,97,97,97,97,97,97,100,100,103,103,103,103,103,103,103,-999896,-999896],"gold":158,"neow_bonus":"","is_daily":false,"chose_seed":false,"campfire_upgraded":5,"win_rate":0.0,"timestamp":1611572137,"path_taken":["M","?","M","M","?","E","R","E","T","M","?","E","M","M","R","BOSS","M","?","M","M","$","E","?","E","T","E","M","?","M","E","R","BOSS","M","$","M","?","M","R","E","R","T","E","M","E","M","E","R","BOSS","BOSS","R","$","E"],"items_purchased_type":["Relic","Relic","Relic","Relic","Relic","Card","Relic","Relic","Card","Card","Relic","Relic","Relic"],"build_version":"2020-12-22","purchased_purges":3,"victory":false,"max_hp_per_floor":[75,75,75,75,75,75,75,75,75,75,75,75,75,75,75,75,71,74,74,74,77,77,81,84,84,84,84,84,84,87,91,91,91,91,91,91,94,94,97,97,97,97,97,97,97,100,100,103,103,103,103,103,103,103,103,103],"card_choices":[{"not_picked":[],"picked":"SuicideKing","floor":0},{"not_picked":["Sword Boomerang","AT_IchimonjiDouble","Clash"],"picked":"SKIP","floor":1},{"not_picked":["ReplayTheSpireMod:Strike From Hell","Sword Boomerang","Clothesline"],"picked":"SKIP","floor":3},{"not_picked":["Headbutt","Sword Boomerang"],"picked":"Replay:Undeath\u0027s Touch","floor":4},{"not_picked":["Brutality","AT_DrawKnifeCut"],"picked":"Whirlwind","floor":5},{"not_picked":["Carnage","Clothesline"],"picked":"AT_BodySlamDance","floor":6},{"not_picked":["Hemogenesis","Clothesline","Warcry"],"picked":"SKIP","floor":8},{"not_picked":["Anger","Warcry","Iron Wave"],"picked":"SKIP","floor":10},{"not_picked":["Havoc","Second Wind","Run Through"],"picked":"SKIP","floor":12},{"not_picked":["Inflame","AT_GerminateFire","Defy Death"],"picked":"SKIP","floor":13},{"not_picked":["Flame Barrier","ReplayTheSpireMod:Muscle Training","Sword Boomerang"],"picked":"SKIP","floor":14},{"not_picked":["Hemogenesis","Berserk"],"picked":"Feed","floor":16},{"not_picked":["True Grit","Havoc"],"picked":"Armaments","floor":18},{"not_picked":["AT_IchimonjiDouble","ReplayTheSpireMod:Strike From Hell"],"picked":"Thunderclap+1","floor":20},{"not_picked":["Run Through","Replay:Undeath\u0027s Touch","AT_GerminateFire"],"picked":"SKIP","floor":21},{"not_picked":["True Grit","REME_TheLastStrike","ReplayTheSpireMod:Limb From Limb"],"picked":"SKIP","floor":23},{"not_picked":["Sword Boomerang","Pummel"],"picked":"REME_FearOfPain","floor":24},{"not_picked":["Replay:Undeath\u0027s Touch","Dark Embrace","Exhume"],"picked":"SKIP","floor":25},{"not_picked":["Rupture","Thunderclap+1","Clash"],"picked":"SKIP","floor":27},{"not_picked":["Havoc+1","Sword Boomerang","Seeing Red"],"picked":"SKIP","floor":28},{"not_picked":["REME_FearOfPain","Iron Wave","AT_IchimonjiDouble+1"],"picked":"SKIP","floor":30},{"not_picked":["Pommel Strike","Rupture","ReplayTheSpireMod:Limb From Limb"],"picked":"SKIP","floor":31},{"not_picked":["Armaments","Perfected Strike+1","Clash"],"picked":"SKIP","floor":35},{"not_picked":["AT_DiedThrough+1","Perfected Strike","Spot Weakness"],"picked":"SKIP","floor":37},{"not_picked":["Havoc","Warcry","Anger"],"picked":"SKIP","floor":39},{"not_picked":["AT_IchimonjiDouble","Clash","Whirlwind"],"picked":"SKIP","floor":41},{"not_picked":["Abandon","Rampage","Anger"],"picked":"SKIP","floor":44},{"not_picked":["Infernal Blade","Second Wind","Disarm+1"],"picked":"SKIP","floor":45},{"not_picked":["Thunderclap","ReplayTheSpireMod:Stacked","Shrug It Off"],"picked":"SKIP","floor":46},{"not_picked":["Dropkick","Dark Embrace","Anger+1"],"picked":"SKIP","floor":47},{"not_picked":["Cleave","Dual Wield","Clash"],"picked":"SKIP","floor":48}],"player_experience":500501,"relics_obtained":[{"floor":5,"key":"Dream Catcher"},{"floor":6,"key":"HornCleat"},{"floor":8,"key":"Regal Pillow"},{"floor":9,"key":"Dota2Spire:BattleFury"},{"floor":12,"key":"Toy Ornithopter"},{"floor":23,"key":"Simple Rune"},{"floor":24,"key":"Red Mask"},{"floor":25,"key":"conspire:GlowingRock"},{"floor":27,"key":"Onion Ring"},{"floor":29,"key":"Dota2Spire:ArcaneBoots"},{"floor":31,"key":"aspiration:SeaSaltIceCream"},{"floor":41,"key":"conspire:DecoderRing"},{"floor":43,"key":"Dota2Spire:MonkeyKingBar"},{"floor":44,"key":"LastBattle"},{"floor":46,"key":"Bag of Preparation"},{"floor":48,"key":"AT_ImmortalShieldbow"}],"event_choices":[{"damage_healed":0,"gold_gain":0,"player_choice":"Ignored","damage_taken":0,"max_hp_gain":0,"max_hp_loss":0,"event_name":"给自己的盒子","floor":19,"gold_loss":0},{"damage_healed":0,"gold_gain":0,"player_choice":"Fought Bandits","damage_taken":0,"max_hp_gain":0,"max_hp_loss":0,"event_name":"Masked Bandits","floor":24,"gold_loss":0},{"damage_healed":0,"gold_gain":222,"player_choice":"Wore Mask","damage_taken":0,"max_hp_gain":0,"max_hp_loss":0,"event_name":"Tomb of Lord Red Mask","floor":38,"gold_loss":0}],"is_beta":false,"boss_relics":[{"not_picked":["testmod-PortableAltar","conspire:RunicOctahedron"],"picked":"Dota2Spire:Bloodstone"},{"not_picked":[]},{"not_picked":["Runic Pyramid","Replay:Drink Me"],"picked":"AT_MortalBlade"},{"not_picked":[]}],"items_purged_floors":[0,22,36],"is_endless":false,"potions_floor_spawned":[3,4,12,14,16,20,23,28,31,33,39,44,46,48],"killed_by":"Shield and Spear","ascension_level":20}}