{"host":"d54lcqy5t45er8jx","time":1611588371,"event":{"mods":["2.2 Compatiblity","BaseMod","CapriCore","Defuse TimeMaze Blight","Hermit","Hubris","Infinite Spire","Marisa£¨Ùöéë¡¡Øª×âÞÞ£©","Minty Spire (QoL Compilation)","Rare Cards Sparkle","Relic Stats","StSLib","The Animator","The Cursed","The Immortal","The Servant 0.9.4","WarShipGirlsR/??á´Ò³R mod"],"gold_per_floor":[112,112,129,20,37,37,37,37,62,116,131,165,42,67,67,167,167,186,186,200,200,75,109,109,135,135,168,187,202,213,229,229,325,325,342,342,342,361,381,381,381],"floor_reached":40,"language":"ENG","playtime":2554,"items_purged":["rmod:supportescort","rmod:victimresponsibility","rmod:concentratefire","rmod:combined","rmod:spoils"],"score":666,"play_id":"e71c5142-1c92-42eb-8675-055e237e87e5","local_time":"20210126002611","daily_mods":["SealedDeck","Insanity","Heirloom","DeadlyEvents","Elite Swarm","Uncertain Future"],"is_ascension_mode":false,"campfire_choices":[{"data":"rmod:salvage","floor":6.0,"key":"SMITH"},{"data":"rmod:supportaircraftcarrier","floor":8.0,"key":"SMITH"},{"data":"rmod:supportescort","floor":15.0,"key":"SMITH"},{"data":"rmod:capitalist","floor":24,"key":"SMITH"},{"data":"rmod:highspeedmaneuver","floor":32,"key":"SMITH"}],"circlet_count":0,"master_deck":["rmod:supportescort+1","rmod:sl","rmod:punchline","rmod:capitalist+1","rmod:wolves","rmod:firesupport","rmod:aggressivemary","rmod:aluminumsupply","rmod:supportescort","rmod:overbreakdown","rmod:tearstotiara","rmod:generalist","rmod:goodsister","rmod:circuitoustactics","rmod:aviationdawn","rmod:intelligenceanalysis","rmod:fuelsupply","rmod:salvage+1","rmod:unsinkable","rmod:supportaircraftcarrier+1","rmod:lonelyqueen","rmod:generalist","rmod:supportescort","rmod:firesupport","rmod:combined","rmod:supportescort","rmod:aviationdawn","rmod:fuelsupply","rmod:supportescort","rmod:highspeedshooting+1","rmod:guardianhero","rmod:combined","rmod:aluminumsupply","rmod:tearstotiara","rmod:overbreakdown","rmod:fletcherpendant","rmod:fletcherpendant","rmod:steelsupply","rmod:unsinkable","rmod:supportaircraftcarrier+1","rmod:tearstotiara","rmod:selfconfidence","rmod:firesupport","rmod:aluminumsupply","rmod:aviationdawn","rmod:fuelsupply","rmod:circuitoustactics","rmod:aviationdawn","rmod:rockthrower","rmod:victimresponsibility","rmod:intelligenceanalysis","rmod:fletcherpendant","rmod:robin","rmod:goodsister","rmod:fletcherpendant","rmod:wife","rmod:fletcherpendant+1","rmod:openingtorpedo","rmod:goodsister","rmod:guardianhero","rmod:fletcherpendant","rmod:fletcherpendant+1","rmod:fletcherpendant+1","rmod:desperatesituation","rmod:overbreakdown","rmod:fletcherpendant+1","rmod:highspeedmaneuver+1","rmod:fletcherpendant","rmod:lastglory","rmod:expedition","rmod:shuttlebombing+1","rmod:fletcherpendant+1","rmod:fletcher","rmod:fletcherpendant","hubris:Rewind","rmod:highspeedmaneuver","rmod:fletcherpendant+1","rmod:acesubmarine","rmod:fletcherpendant+1","rmod:fuelsupply+1","rmod:royalracing","rmod:fletcherpendant","rmod:fletcher","rmod:fletcherpendant+1","rmod:expedition","animator:Benimaru","animator:Bozes"],"relics":["rmod:firstchargereward","infinitespire:CursedDice","hubris:Towel","infinitespire:PuzzleCube","Turnip","Whetstone","Strawberry","infinitespire:Cupcake","White Beast Statue","Black Star","infinitespire:Lucky Rock","Darkstone Periapt","Gambling Chip","infinitespire:FocusingShard","hubris:BottledRain","infinitespire:CheckeredPen","infinitespire:Golems Mask","hubris:Backtick","MiniHakkero","hubris:DisguiseKit"],"acts_visited":["Exordium","TheCity","TheBeyond"],"potions_floor_usage":[23,23,25,28,33,40,40],"damage_taken":[{"damage":11.0,"enemies":"Small Slimes","floor":1.0,"turns":13.0},{"damage":5.0,"enemies":"2 Louse","floor":3.0,"turns":2.0},{"damage":0.0,"enemies":"Jaw Worm","floor":5.0,"turns":1.0},{"damage":10.0,"enemies":"3 Sentries","floor":10.0,"turns":14.0},{"damage":0.0,"enemies":"Gremlin Gang","floor":11.0,"turns":2.0},{"damage":0.0,"enemies":"Gremlin Nob","floor":12.0,"turns":3.0},{"damage":0.0,"enemies":"Lagavulin","floor":14.0,"turns":5.0},{"damage":32.0,"enemies":"The Guardian","floor":16.0,"turns":8.0},{"damage":0.0,"enemies":"3 Byrds","floor":18.0,"turns":4.0},{"damage":0.0,"enemies":"Shell Parasite","floor":20.0,"turns":3.0},{"damage":19,"enemies":"Slavers","floor":23,"turns":2},{"damage":13,"enemies":"Nightmare","floor":25,"turns":6},{"damage":21,"enemies":"Book of Stabbing","floor":27,"turns":5},{"damage":0,"enemies":"Sentry and Sphere","floor":28,"turns":3},{"damage":0,"enemies":"Snecko","floor":29,"turns":2},{"damage":0,"enemies":"Cultist and Chosen","floor":30,"turns":3},{"damage":10,"enemies":"Sentry and Sphere","floor":31,"turns":5},{"damage":19,"enemies":"Champ","floor":33,"turns":8},{"damage":25,"enemies":"3 Darklings","floor":35,"turns":4},{"damage":48,"enemies":"3 Shapes","floor":38,"turns":4},{"damage":0,"enemies":"3 Darklings","floor":39,"turns":1},{"damage":59,"enemies":"Reptomancer","floor":40,"turns":4}],"seed_played":"7393343626610255003","potions_obtained":[{"floor":1.0,"key":"DuplicationPotion"},{"floor":3.0,"key":"Fire Potion"},{"floor":10.0,"key":"DistilledChaos"},{"floor":11.0,"key":"Ancient Potion"},{"floor":18.0,"key":"LiquidBronze"},{"floor":20.0,"key":"PowerPotion"},{"floor":23,"key":"GamblersBrew"},{"floor":25,"key":"Regen Potion"},{"floor":27,"key":"Swift Potion"},{"floor":28,"key":"LiquidBronze"},{"floor":31,"key":"LiquidMemories"},{"floor":33,"key":"FairyPotion"},{"floor":39,"key":"Weak Potion"}],"is_trial":true,"path_per_floor":["M","?","M","$","M","R","?","R","T","E","M","E","$","E","R","B",null,"M","AVR","M","?","$","E","R","NM","T","E","M","M","M","M","R","B",null,"M","AVR","?","M","M","E"],"character_chosen":"PRAEFECT","items_purchased":["rmod:goodsister","rmod:overbreakdown"],"campfire_rested":0,"item_purchase_floors":[4,13],"current_hp_per_floor":[64,64,59,59,59,59,44,44,44,34,34,34,34,41,41,9,82,82,82,82,82,82,63,63,50,50,29,29,29,29,19,19,29,82,57,57,57,9,9,0,0],"gold":381,"neow_bonus":"","is_daily":false,"chose_seed":false,"campfire_upgraded":5,"win_rate":0.0,"timestamp":1611588371,"path_taken":["M","?","M","$","M","R","?","R","T","E","M","E","?","E","R","BOSS","M","AVR","?","?","?","E","R","NM","T","E","M","M","M","M","R","BOSS","M","AVR","?","M","M","E"],"items_purchased_type":["Card","Card"],"build_version":"2020-12-22","purchased_purges":5,"victory":false,"max_hp_per_floor":[75,75,75,75,75,75,75,75,75,75,75,75,75,82,82,82,82,82,82,82,82,82,82,82,82,82,82,82,82,82,82,82,82,82,82,82,82,82,82,82,82],"relic_stats":{"Darkstone Periapt":0,"counters":[22,102],"Gambling Chip":[19],"Turnip":[412],"Black Star":3,"Whetstone":["rmod:fletcherpendant","rmod:fletcherpendant"],"obtain_stats":[{"Darkstone Periapt":23,"hubris:DisguiseKit":36,"infinitespire:CursedDice":0,"infinitespire:FocusingShard":25,"Whetstone":12,"infinitespire:Lucky Rock":23,"infinitespire:CheckeredPen":27,"hubris:Towel":2,"White Beast Statue":19,"hubris:Backtick":34,"Strawberry":14,"Gambling Chip":25,"infinitespire:Golems Mask":27,"Turnip":10,"rmod:firstchargereward":0,"Black Star":19,"MiniHakkero":34,"infinitespire:PuzzleCube":9,"infinitespire:Cupcake":17,"hubris:BottledRain":26},{"Darkstone Periapt":11,"hubris:DisguiseKit":19,"infinitespire:CursedDice":0,"infinitespire:FocusingShard":12,"Whetstone":6,"infinitespire:Lucky Rock":11,"infinitespire:CheckeredPen":13,"hubris:Towel":1,"White Beast Statue":9,"hubris:Backtick":18,"Strawberry":7,"Gambling Chip":12,"infinitespire:Golems Mask":13,"Turnip":4,"rmod:firstchargereward":0,"Black Star":9,"MiniHakkero":18,"infinitespire:PuzzleCube":3,"infinitespire:Cupcake":8,"hubris:BottledRain":12},{"Darkstone Periapt":57,"hubris:DisguiseKit":93,"infinitespire:CursedDice":0,"infinitespire:FocusingShard":63,"Whetstone":35,"infinitespire:Lucky Rock":57,"infinitespire:CheckeredPen":68,"hubris:Towel":13,"White Beast Statue":52,"hubris:Backtick":89,"Strawberry":40,"Gambling Chip":63,"infinitespire:Golems Mask":68,"Turnip":30,"rmod:firstchargereward":0,"Black Star":52,"MiniHakkero":89,"infinitespire:PuzzleCube":16,"infinitespire:Cupcake":48,"hubris:BottledRain":63}]},"card_choices":[{"not_picked":["rmod:luckystar","rmod:circuitoustactics"],"picked":"rmod:wife","floor":1.0},{"not_picked":["rmod:chargemoney","rmod:lonelyqueen"],"picked":"rmod:openingtorpedo","floor":3.0},{"not_picked":["rmod:luckystar","rmod:steelsupply"],"picked":"rmod:guardianhero","floor":5.0},{"not_picked":["rmod:auspiciousomen","rmod:saltedfish","rmod:stealaluminum"],"picked":"SKIP","floor":10.0},{"not_picked":["rmod:combined","rmod:tearstotiara","rmod:supportescort"],"picked":"SKIP","floor":11.0},{"not_picked":["rmod:saltedfish","rmod:windflower"],"picked":"rmod:desperatesituation","floor":12.0},{"not_picked":["rmod:expeditionaryescort","rmod:desperatesituation"],"picked":"rmod:highspeedmaneuver","floor":14.0},{"not_picked":["rmod:secretscript","rmod:desperatesituation"],"picked":"rmod:lastglory","floor":16.0},{"not_picked":["rmod:fuelsupply","rmod:highspeedshooting"],"picked":"rmod:expedition","floor":18.0},{"not_picked":["rmod:highspeedshooting","rmod:smokecover"],"picked":"rmod:shuttlebombing+1","floor":20.0},{"not_picked":["rmod:saltedfish","rmod:desperatesituation"],"picked":"rmod:fletcher","floor":23},{"not_picked":["infinitespire:Punishment","infinitespire:FinalStrike"],"picked":"hubris:Rewind","floor":25},{"not_picked":["rmod:stealaluminum","rmod:lastglory"],"picked":"rmod:highspeedmaneuver","floor":25},{"not_picked":["rmod:stealaluminum","rmod:u235"],"picked":"rmod:acesubmarine","floor":27},{"not_picked":["rmod:firesupport","rmod:concentratefire","rmod:intelligenceanalysis"],"picked":"SKIP","floor":28},{"not_picked":["rmod:fuelsupply","rmod:concentratefire","rmod:unsinkable"],"picked":"SKIP","floor":29},{"not_picked":["rmod:combined+1","rmod:overbreakdown"],"picked":"rmod:fuelsupply+1","floor":30},{"not_picked":["rmod:smokecover","rmod:unsinkable"],"picked":"rmod:royalracing","floor":31},{"not_picked":["rmod:timeschanged","rmod:expeditionaryescort"],"picked":"rmod:fletcher","floor":33},{"not_picked":["rmod:aviationdawn+1","rmod:diamondstrike","rmod:combined"],"picked":"SKIP","floor":35},{"not_picked":["rmod:overbreakdown","rmod:supportescort+1","rmod:expedition+1"],"picked":"animator:Benimaru","floor":38},{"not_picked":["rmod:intelligenceanalysis+1","rmod:shuttlebombing","rmod:steelsupply"],"picked":"animator:Bozes","floor":39}],"player_experience":905758,"relics_obtained":[{"floor":9.0,"key":"infinitespire:PuzzleCube"},{"floor":10.0,"key":"Turnip"},{"floor":12.0,"key":"Whetstone"},{"floor":14.0,"key":"Strawberry"},{"floor":23,"key":"infinitespire:Lucky Rock"},{"floor":23,"key":"Darkstone Periapt"},{"floor":25,"key":"Gambling Chip"},{"floor":25,"key":"infinitespire:FocusingShard"},{"floor":26,"key":"hubris:BottledRain"},{"floor":27,"key":"infinitespire:CheckeredPen"},{"floor":27,"key":"infinitespire:Golems Mask"}],"event_choices":[{"damage_healed":0.0,"max_hp_gain":0.0,"max_hp_loss":0.0,"gold_gain":0.0,"event_name":"Shining Light","player_choice":"Entered Light","floor":7.0,"gold_loss":0.0,"damage_taken":15.0,"cards_upgraded":["rmod:highspeedshooting","rmod:supportaircraftcarrier"]},{"damage_healed":0.0,"max_hp_gain":0.0,"max_hp_loss":0.0,"gold_gain":0.0,"event_name":"Vampires","player_choice":"Ignored","floor":21.0,"gold_loss":0.0,"damage_taken":0.0},{"damage_healed":0,"gold_gain":0,"cards_transformed":["rmod:aluminumsupply"],"player_choice":"Transformed","damage_taken":0,"max_hp_gain":0,"max_hp_loss":0,"event_name":"Transmorgrifier","floor":37,"gold_loss":0,"cards_obtained":["rmod:expedition"]}],"is_beta":false,"boss_relics":[{"not_picked":["hubris:GrandSneckoEye","hubris:ScarierMask"],"picked":"infinitespire:Cupcake"},{"not_picked":["hubris:HollowSoul","SacredBark"],"picked":"hubris:Backtick"}],"items_purged_floors":[4,13,19,22,36],"is_endless":true,"potions_floor_spawned":[1,3,10,11,18,20,23,25,27,28,29,30,31,33,35,38,39],"killed_by":"Reptomancer","ascension_level":0}}