{"host":"Mute","time":1611607598,"event":{"mods":["BaseMod","Colored Map","Downfall","Minty Spire (QoL Compilation)","StSLib"],"gold_per_floor":[99,113,126,182,42,69,95,107,123,123,34,34,34,54,73,175,175,175,195,214,214,99,99,123,142,142,158,158,190,190,224,224,224,224],"floor_reached":32,"language":"ENG","playtime":3316,"items_purged":["champ:Strike","champ:Strike"],"score":280,"play_id":"a3249626-f6a8-4be1-b0b6-50e6e3167f2a","local_time":"20210125154638","is_ascension_mode":false,"campfire_choices":[{"data":"champ:Taunt","floor":1,"key":"SMITH"},{"floor":10,"key":"REST"},{"data":"champ:DefensiveStyle","floor":13,"key":"SMITH"},{"data":"champ:StrikeOfGenius","floor":18,"key":"SMITH"},{"data":"champ:ArenaPreparation","floor":26,"key":"SMITH"}],"circlet_count":0,"master_deck":["champ:Strike","champ:Strike","champ:Defend","champ:Defend","champ:Defend","champ:Defend","champ:Execute+1","champ:Taunt+1","champ:ShieldSigil","champ:Duel+1","champ:DefensiveShout","champ:GutPunch","champ:BringItOn","champ:StrikeOfGenius+1","champ:ShieldSigil","champ:RageSigil","champ:DefensiveShout","champ:DefensiveStyle+1","champ:AdrenalArmor","champ:ShieldThrow","champ:ArenaPreparation+1","champ:AdrenalArmor","Pride","Writhe"],"relics":["champ:ChampionCrown","Pear","Nunchaku","PreservedInsect","SlaversCollar","Ancient Tea Set","Mercury Hourglass","champ:DefensiveTrainingManual","Pen Nib","Unceasing Top"],"acts_visited":["Exordium","TheCity"],"potions_floor_usage":[16,22,32],"damage_taken":[{"damage":11,"enemies":"Cultist","floor":2,"turns":4},{"damage":11,"enemies":"Jaw Worm","floor":3,"turns":4},{"damage":39,"enemies":"Gremlin Nob","floor":4,"turns":6},{"damage":35,"enemies":"downfall:FleeingMerchant","floor":5,"turns":4},{"damage":50,"enemies":"3 Sentries","floor":6,"turns":10},{"damage":30,"enemies":"2 Louse","floor":8,"turns":3},{"damage":45,"enemies":"Gremlin Gang","floor":9,"turns":6},{"damage":40,"enemies":"downfall:FleeingMerchant","floor":11,"turns":4},{"damage":16,"enemies":"3 Louse","floor":14,"turns":4},{"damage":28,"enemies":"Large Slime","floor":15,"turns":3},{"damage":77,"enemies":"WA_ARCHETYPE_RETAIN","floor":16,"turns":7},{"damage":4,"enemies":"3 Byrds","floor":19,"turns":5},{"damage":0,"enemies":"Snecko","floor":20,"turns":3},{"damage":58,"enemies":"downfall:FleeingMerchant","floor":22,"turns":4},{"damage":71,"enemies":"Cultist and Chosen","floor":25,"turns":6},{"damage":64,"enemies":"Centurion and Healer","floor":27,"turns":7},{"damage":31,"enemies":"Gremlin Leader","floor":29,"turns":4},{"damage":11,"enemies":"Book of Stabbing","floor":31,"turns":4},{"damage":15,"enemies":"Sentry and Sphere","floor":32,"turns":2}],"seed_played":"6817091418679799095","potions_obtained":[{"floor":3,"key":"champ:UltimateStancePotion"},{"floor":6,"key":"Fire Potion"},{"floor":8,"key":"Strength Potion"},{"floor":20,"key":"PowerPotion"},{"floor":25,"key":"LiquidMemories"}],"is_trial":false,"path_per_floor":["R","M","M","?","$","E","T","M","M","R","$","?","R","M","M","B",null,"R","M","M","?","$","?","T","M","R","M","?","E","?","E","M"],"character_chosen":"THE_CHAMP","items_purchased":["champ:BringItOn","champ:DefensiveStyle"],"campfire_rested":1,"item_purchase_floors":[5,11],"current_hp_per_floor":[90,89,88,69,69,39,39,39,29,59,59,92,92,86,73,61,100,100,96,96,96,88,88,88,47,47,43,43,17,17,6,0,0,0],"gold":224,"neow_bonus":"UPGRADE_CARD","is_daily":false,"chose_seed":false,"campfire_upgraded":4,"win_rate":0.0,"timestamp":1611607598,"path_taken":["R","M","M","?","$","E","T","M","M","R","$","?","R","M","M","BOSS","R","M","M","?","$","?","T","M","R","?","?","E","?","E","M"],"items_purchased_type":["Card","Card"],"build_version":"2020-12-18","purchased_purges":2,"victory":false,"max_hp_per_floor":[90,90,90,100,100,100,100,100,100,100,100,100,100,100,100,100,100,100,100,100,100,100,100,100,100,100,100,100,100,100,100,100,100,100],"card_choices":[{"not_picked":["champ:EnGarde","champ:FancyFootwork"],"picked":"champ:ShieldSigil","floor":2},{"not_picked":["champ:Shatter","champ:Haymaker"],"picked":"champ:Duel","floor":3},{"not_picked":["champ:DefensiveStyle","champ:IronFortress"],"picked":"champ:DefensiveShout","floor":4},{"not_picked":["champ:PreciseThrust","champ:FanOfKnives"],"picked":"champ:GutPunch","floor":5},{"not_picked":["champ:EnragedBash","champ:CrookedStrike"],"picked":"champ:StrikeOfGenius","floor":6},{"not_picked":["champ:BladeFlurry","champ:DeathBlow"],"picked":"champ:ShieldSigil","floor":8},{"not_picked":["champ:IronFortress","champ:DeathBlow"],"picked":"champ:RageSigil","floor":9},{"not_picked":["champ:GutPunch","champ:Circumvent"],"picked":"champ:DefensiveShout","floor":11},{"not_picked":["champ:StrikeOfGenius","champ:GladiatorStyle","champ:RapidStrikes"],"picked":"SKIP","floor":14},{"not_picked":["champ:BladeFlurry","champ:RapidStrikes"],"picked":"champ:AdrenalArmor","floor":15},{"not_picked":["champ:TripleStrike","champ:SwordThrow"],"picked":"champ:ShieldThrow","floor":16},{"not_picked":["champ:Backstep","champ:ShieldWall"],"picked":"champ:ArenaPreparation","floor":19},{"not_picked":["champ:Endure","champ:Haymaker"],"picked":"champ:AdrenalArmor","floor":20},{"not_picked":["champ:FanOfKnives+1","champ:TornadoPunch","champ:BringItOn"],"picked":"SKIP","floor":22},{"not_picked":["champ:PerfectedStrike","champ:Haymaker+1","champ:RisingSlash"],"picked":"SKIP","floor":25},{"not_picked":["champ:FocusedBerserking","champ:LastStand","champ:DefensiveShout"],"picked":"SKIP","floor":27},{"not_picked":["champ:BringItOn","champ:FaceSlap","champ:EnGarde"],"picked":"SKIP","floor":29},{"not_picked":["champ:ShieldSigil","champ:CalledShot","champ:Improvising"],"picked":"SKIP","floor":31}],"player_experience":444130,"relics_obtained":[{"floor":4,"key":"Pear"},{"floor":6,"key":"Nunchaku"},{"floor":7,"key":"PreservedInsect"},{"floor":24,"key":"Ancient Tea Set"},{"floor":29,"key":"champ:DefensiveTrainingManual"},{"floor":31,"key":"Unceasing Top"}],"event_choices":[{"damage_healed":33,"gold_gain":0,"player_choice":"Banana","damage_taken":0,"max_hp_gain":0,"max_hp_loss":0,"event_name":"Big Fish","floor":12,"gold_loss":0},{"damage_healed":0,"gold_gain":0,"player_choice":"Stole Relic","damage_taken":0,"relics_obtained":["Mercury Hourglass"],"max_hp_gain":0,"max_hp_loss":0,"event_name":"Addict","floor":28,"gold_loss":0,"cards_obtained":["Pride"]}],"is_beta":true,"boss_relics":[{"not_picked":["Fusion Hammer","Runic Dome"],"picked":"SlaversCollar"}],"items_purged_floors":[5,22],"is_endless":false,"potions_floor_spawned":[3,6,8,15,20,25,31],"killed_by":"Sentry and Sphere","ascension_level":0}}