{"host":"kmbz9ox1244sqnmw","time":1611603230,"event":{"mods":["BaseMod","Downfall","Minty Spire (QoL Compilation)","StSLib"],"gold_per_floor":[99,110,126,136,136,163,163,178,78,88,99,99,116,116,135,238,238,138,123,323,335,350,361,411,426,426,426,460,480,480,480,480],"floor_reached":30,"language":"ENG","playtime":1385,"items_purged":[],"score":256,"play_id":"bd5a453b-374b-4947-8209-a3934a4e1442","local_time":"20210125113350","is_ascension_mode":false,"campfire_choices":[{"floor":1.0,"key":"RECALL"},{"floor":9.0,"key":"REST"},{"data":"bronze:Repulsor","floor":18.0,"key":"SMITH"},{"floor":27,"key":"REST"}],"circlet_count":0,"master_deck":["bronze:Replicate+1","bronze:Goto+1","bronze:ClassDefault","bronze:DigitalCarnage","bronze:Iterate+1","bronze:BugBarrage","bronze:Flail","bronze:Optimize","bronze:Repulsor+1","bronze:GetLatest","bronze:Overheat","bronze:Assembly","bronze:ForLoop","bronze:FineTuning","bronze:Fortify","bronze:Iterate","bronze:Turbo","bronze:NullPointer","bronze:Shell","bronze:BitShift+1","bronze:Backtrace","bronze:Separator+1","bronze:Overload","bronze:ChildClass","bronze:BitShift+1","bronze:FollowUp"],"relics":["bronze:BronzeCore","War Paint","Omamori","Sundial","downfall:HeartBlessingRed","Pandora\u0027s Box","downfall:HeartBlessingBlue","Whetstone","MutagenicStrength","Darkstone Periapt"],"acts_visited":["Exordium","TheCity"],"potions_floor_usage":[22,25,28],"damage_taken":[{"damage":7.0,"enemies":"Jaw Worm","floor":2.0,"turns":4.0},{"damage":2.0,"enemies":"Small Slimes","floor":3.0,"turns":6.0},{"damage":0.0,"enemies":"Cultist","floor":4.0,"turns":2.0},{"damage":24.0,"enemies":"3 Sentries","floor":6.0,"turns":7.0},{"damage":20.0,"enemies":"3 Louse","floor":8.0,"turns":3.0},{"damage":0.0,"enemies":"2 Fungi Beasts","floor":10.0,"turns":2.0},{"damage":7.0,"enemies":"Blue Slaver","floor":11.0,"turns":3.0},{"damage":6.0,"enemies":"Exordium Wildlife","floor":13.0,"turns":2.0},{"damage":5.0,"enemies":"3 Louse","floor":15.0,"turns":3.0},{"damage":30.0,"enemies":"IC_STATUS_ARCHETYPE","floor":16.0,"turns":7.0},{"damage":10.0,"enemies":"downfall:FleeingMerchant","floor":19.0,"turns":4.0},{"damage":18,"enemies":"3 Byrds","floor":21,"turns":4},{"damage":10,"enemies":"Shell Parasite","floor":22,"turns":2},{"damage":14,"enemies":"Centurion and Healer","floor":23,"turns":5},{"damage":13,"enemies":"Cultist and Chosen","floor":25,"turns":4},{"damage":6,"enemies":"Book of Stabbing","floor":28,"turns":3},{"damage":23,"enemies":"Shelled Parasite and Fungi","floor":29,"turns":4},{"damage":10,"enemies":"Centurion and Healer","floor":30,"turns":2}],"seed_played":"-6200029259452464362","potions_obtained":[{"floor":2.0,"key":"Dexterity Potion"},{"floor":8.0,"key":"Guardian:BlockOnCardUsePotion"},{"floor":13.0,"key":"Dexterity Potion"},{"floor":16.0,"key":"LiquidMemories"},{"floor":21,"key":"PowerPotion"},{"floor":22,"key":"sneckomod:MuddlingPotion"},{"floor":28,"key":"BlessingOfTheForge"}],"is_trial":false,"path_per_floor":["R","M","M","M","?","E","T","M","R","M","M","?","M","T","M","B",null,"R","$","?","M","M","M","T","M","?","R","E","M","M"],"character_chosen":"THE_AUTOMATON","items_purchased":[],"campfire_rested":2,"item_purchase_floors":[],"current_hp_per_floor":[70,63,61,61,61,37,37,17,38,38,31,48,42,42,37,7,70,80,70,70,52,42,28,28,15,15,39,33,10,0,0,0],"gold":480,"neow_bonus":"RANDOM_COMMON_RELIC","is_daily":false,"chose_seed":false,"campfire_upgraded":1,"win_rate":0.0,"timestamp":1611603230,"path_taken":["R","M","M","M","?","E","T","M","R","M","M","?","M","?","M","BOSS","R","$","?","M","M","M","T","M","?","R","E","M","M"],"items_purchased_type":[],"build_version":"2020-12-22","purchased_purges":0,"victory":false,"max_hp_per_floor":[70,70,70,70,70,70,70,70,70,70,70,70,70,70,70,70,70,80,80,80,80,80,80,80,80,80,80,80,80,80,80,80],"card_choices":[{"not_picked":["bronze:NullPointer","bronze:Invalidate"],"picked":"bronze:ClassDefault","floor":2.0},{"not_picked":["bronze:BronzeOrb","bronze:Turbo"],"picked":"bronze:DigitalCarnage","floor":3.0},{"not_picked":["bronze:Shield","bronze:OilSpill"],"picked":"bronze:Iterate","floor":4.0},{"not_picked":["bronze:Allocate","bronze:Safeguard"],"picked":"bronze:BugBarrage","floor":6.0},{"not_picked":["bronze:ChildClass","bronze:ForceShield"],"picked":"bronze:Flail","floor":8.0},{"not_picked":["bronze:OilSpill","bronze:ChosenStrike"],"picked":"bronze:Optimize","floor":10.0},{"not_picked":["bronze:BitShift","bronze:Separator"],"picked":"bronze:Repulsor","floor":11.0},{"not_picked":["bronze:Safeguard","bronze:ForLoop"],"picked":"bronze:GetLatest","floor":13.0},{"not_picked":["bronze:Invalidate","bronze:BuggyMess"],"picked":"bronze:Overheat","floor":15.0},{"not_picked":["bronze:SpaghettiCode","bronze:ThunderWave"],"picked":"bronze:Assembly","floor":16.0},{"not_picked":["bronze:BronzeArmor","bronze:BuggyMess"],"picked":"bronze:BitShift+1","floor":19.0},{"not_picked":["bronze:Constructor","bronze:Turbo"],"picked":"bronze:Backtrace","floor":21},{"not_picked":["bronze:DelayedSlice","bronze:Virus"],"picked":"bronze:Separator+1","floor":22},{"not_picked":["bronze:Deprecate","bronze:Philosophize"],"picked":"bronze:Overload","floor":23},{"not_picked":["bronze:DarkDash","bronze:Fortify+1"],"picked":"bronze:ChildClass","floor":25},{"not_picked":["bronze:Turbo","bronze:Format"],"picked":"bronze:BitShift+1","floor":28},{"not_picked":["bronze:Deprecate+1","bronze:Branch+1"],"picked":"bronze:FollowUp","floor":29}],"player_experience":613176,"relics_obtained":[{"floor":6.0,"key":"Omamori"},{"floor":7.0,"key":"Sundial"},{"floor":24,"key":"Whetstone"},{"floor":28,"key":"Darkstone Periapt"}],"event_choices":[{"cards_removed":["bronze:Strike"],"damage_healed":0.0,"max_hp_gain":0.0,"max_hp_loss":0.0,"gold_gain":0.0,"event_name":"The Cleric","player_choice":"Card Removal","floor":5.0,"gold_loss":0.0,"damage_taken":0.0},{"damage_healed":17.0,"max_hp_gain":0.0,"max_hp_loss":0.0,"gold_gain":0.0,"event_name":"Mushrooms","player_choice":"Healed and dodged fight","floor":12.0,"gold_loss":0.0,"damage_taken":0.0,"cards_obtained":["Parasite"]},{"damage_healed":0,"gold_gain":0,"player_choice":"Inject Mutagens","damage_taken":0,"relics_obtained":["MutagenicStrength"],"max_hp_gain":0,"max_hp_loss":0,"event_name":"Drug Dealer","floor":26,"gold_loss":0}],"is_beta":false,"boss_relics":[{"not_picked":["Velvet Choker","Runic Dome"],"picked":"Pandora\u0027s Box"}],"items_purged_floors":[],"is_endless":false,"potions_floor_spawned":[2,8,13,16,21,22,28],"killed_by":"Centurion and Healer","ascension_level":0}}