{"host":"uxq2rly8rxtwffuf","time":1611562232,"event":{"mods":["BaseMod","Koishi","Minty Spire (QoL Compilation)","StSLib","The Servant 0.9.4"],"gold_per_floor":[113,113,32,32,42,42,52,52,125,125,144,179,191,45,45,124,124,141,63,75,0,24,24,55,55,80,95,95,128,228,248,248,326,326,338,352,65,80,132,162,162,194,241,275,275,275,289,301,301,301,301,301,75,108,108],"floor_reached":56,"language":"ENG","playtime":3165,"items_purged":["Strike_B"],"score":2134,"play_id":"92db8199-ba3b-4de7-ae97-a9fb267e1c7c","local_time":"20210125111032","is_ascension_mode":true,"campfire_choices":[{"data":"Zap","floor":6.0,"key":"SMITH"},{"floor":8.0,"key":"REST"},{"data":"Go for the Eyes","floor":10.0,"key":"SMITH"},{"floor":15.0,"key":"RECALL"},{"data":"Scrape","floor":23.0,"key":"SMITH"},{"floor":25.0,"key":"REST"},{"data":"Go for the Eyes","floor":28.0,"key":"SMITH"},{"floor":32.0,"key":"REST"},{"data":"Seek","floor":41,"key":"SMITH"},{"data":"Pain","floor":45,"key":"PURGE"},{"data":"Master of Strategy","floor":49,"key":"SMITH"},{"floor":52,"key":"REST"}],"circlet_count":0,"master_deck":["AscendersBane","Strike_B","Strike_B","Defend_B","Defend_B","Defend_B","Defend_B","Zap+1","Dualcast","Master of Strategy+1","Go for the Eyes+1","FTL","Steam","Gash","All For One","Sweeping Beam","All For One","Sweeping Beam","Scrape+1","Hologram+1","Go for the Eyes+1","Go for the Eyes","Chill","Gash","Seek+1","Glacier+1","Go for the Eyes+1","Hologram","FTL","Go for the Eyes","Beam Cell","Steam","Skim+1"],"relics":["Cracked Core","Question Card","Kunai","Shuriken","Sling","Nuclear Battery","Bronze Scales","Blood Vial","Mercury Hourglass","Turnip","InkBottle","Cursed Key","Emotion Chip","Peace Pipe","Potion Belt","MealTicket","Art of War","Oddly Smooth Stone","DataDisk","Strawberry"],"acts_visited":["Exordium","TheCity","TheBeyond","TheEnding"],"potions_floor_usage":[48,55,55,55,55],"damage_taken":[{"damage":10.0,"enemies":"Small Slimes","floor":1.0,"turns":4.0},{"damage":0.0,"enemies":"2 Louse","floor":5.0,"turns":3.0},{"damage":2.0,"enemies":"Jaw Worm","floor":7.0,"turns":3.0},{"damage":0.0,"enemies":"Lots of Slimes","floor":11.0,"turns":1.0},{"damage":9.0,"enemies":"Lagavulin","floor":12.0,"turns":4.0},{"damage":1.0,"enemies":"3 Louse","floor":13.0,"turns":2.0},{"damage":23.0,"enemies":"Slime Boss","floor":16.0,"turns":8.0},{"damage":0.0,"enemies":"3 Byrds","floor":18.0,"turns":3.0},{"damage":16.0,"enemies":"2 Thieves","floor":20.0,"turns":3.0},{"damage":4.0,"enemies":"Book of Stabbing","floor":24.0,"turns":3.0},{"damage":0.0,"enemies":"Snecko","floor":27.0,"turns":2.0},{"damage":19.0,"enemies":"Slavers","floor":29.0,"turns":2.0},{"damage":0.0,"enemies":"Colosseum Slavers","floor":30.0,"turns":2.0},{"damage":20.0,"enemies":"Colosseum Nobs","floor":30.0,"turns":3.0},{"damage":12.0,"enemies":"Snake Plant","floor":31.0,"turns":2.0},{"damage":17.0,"enemies":"Automaton","floor":33.0,"turns":6.0},{"damage":0,"enemies":"Orb Walker","floor":35,"turns":2},{"damage":0,"enemies":"3 Darklings","floor":36,"turns":2},{"damage":2,"enemies":"Transient","floor":38,"turns":5},{"damage":0,"enemies":"2 Orb Walkers","floor":39,"turns":2},{"damage":0,"enemies":"Nemesis","floor":40,"turns":5},{"damage":0,"enemies":"Giant Head","floor":42,"turns":4},{"damage":22,"enemies":"Reptomancer","floor":44,"turns":4},{"damage":0,"enemies":"Maw","floor":47,"turns":4},{"damage":8,"enemies":"Sphere and 2 Shapes","floor":48,"turns":3},{"damage":27,"enemies":"Awakened One","floor":50,"turns":7},{"damage":0,"enemies":"Shield and Spear","floor":54,"turns":3},{"damage":41,"enemies":"The Heart","floor":55,"turns":6}],"seed_played":"-38371317607117209","potions_obtained":[{"floor":5.0,"key":"Explosive Potion"},{"floor":11.0,"key":"CultistPotion"},{"floor":16.0,"key":"PotionOfCapacity"},{"floor":18.0,"key":"Energy Potion"},{"floor":29.0,"key":"Fruit Juice"},{"floor":30.0,"key":"GamblersBrew"},{"floor":31.0,"key":"Fire Potion"},{"floor":42,"key":"Dexterity Potion"},{"floor":48,"key":"PowerPotion"},{"floor":54,"key":"SpeedPotion"}],"is_trial":false,"path_per_floor":["M","?","$","?","M","R","M","R","T","R","M","E","M","$","R","B",null,"M","$","M","?","T","R","E","R","T","M","R","E","?","M","R","B",null,"M","M","$","M","?","E","R","E","T","E","R","?","M","M","R","B",null,"R","$","E","B",null],"character_chosen":"DEFECT","items_purchased":["FTL","Sling","Scrape","Emotion Chip","DataDisk"],"campfire_rested":4,"item_purchase_floors":[3,14,19,37,53],"current_hp_per_floor":[36,10,10,33,33,33,31,52,52,52,52,43,42,42,42,19,58,58,58,42,42,42,42,38,59,59,61,61,49,33,23,45,30,65,67,69,69,69,71,73,73,75,75,54,54,76,76,68,68,43,68,76,76,83,42],"gold":108,"neow_bonus":"RANDOM_COLORLESS_2","is_daily":false,"chose_seed":false,"campfire_upgraded":6,"win_rate":0.0,"timestamp":1611562232,"path_taken":["M","?","$","?","M","R","M","R","T","R","M","E","M","?","R","BOSS","M","$","?","?","?","R","E","R","T","M","R","E","?","M","R","BOSS","M","M","$","M","?","E","R","E","T","E","R","?","?","M","R","BOSS","R","$","E","BOSS"],"items_purchased_type":["Card","Relic","Card","Relic","Relic"],"build_version":"2020-12-22","purchased_purges":1,"victory":true,"max_hp_per_floor":[71,71,71,71,71,71,71,71,71,71,71,71,71,71,71,71,71,71,71,71,71,71,71,71,71,71,71,71,76,76,76,76,76,76,76,76,76,76,76,76,76,76,76,76,76,76,76,76,76,76,76,76,76,83,83],"card_choices":[{"not_picked":["The Bomb","Thinking Ahead"],"picked":"Master of Strategy","floor":0.0},{"not_picked":["Barrage","Consume"],"picked":"Go for the Eyes","floor":1.0},{"not_picked":["Barrage","Rebound","Darkness"],"picked":"Steam","floor":5.0},{"not_picked":["Sweeping Beam","Compile Driver","Consume"],"picked":"Gash","floor":7.0},{"not_picked":["Go for the Eyes","Rebound","Leap"],"picked":"All For One","floor":11.0},{"not_picked":["Rebound","Cold Snap","Conserve Battery"],"picked":"Sweeping Beam","floor":12.0},{"not_picked":["Doom and Gloom","Leap","Ball Lightning","Hello World"],"picked":"SKIP","floor":13.0},{"not_picked":["Buffer","Creative AI","Seek"],"picked":"All For One","floor":16.0},{"not_picked":["Streamline","Blizzard","Sunder+1"],"picked":"Sweeping Beam","floor":18.0},{"not_picked":["Barrage","Conserve Battery","Redo"],"picked":"Hologram+1","floor":20.0},{"not_picked":["Biased Cognition","Glacier","Melter","Cold Snap+1"],"picked":"SKIP","floor":24.0},{"not_picked":["BootSequence","Chill","Leap"],"picked":"Go for the Eyes","floor":27.0},{"not_picked":["Hologram","Rebound","Buffer"],"picked":"Go for the Eyes","floor":29.0},{"not_picked":["Leap","Storm","Coolheaded"],"picked":"Chill","floor":30.0},{"not_picked":["Turbo","Meteor Strike","Cold Snap"],"picked":"Gash","floor":31.0},{"not_picked":["All For One","Thunder Strike","Hyperbeam"],"picked":"Seek","floor":33.0},{"not_picked":["BootSequence","Chaos+1","Blizzard"],"picked":"Glacier+1","floor":35},{"not_picked":["Compile Driver","Rebound","Steam"],"picked":"Go for the Eyes+1","floor":36},{"not_picked":["Compile Driver","Barrage","Genetic Algorithm"],"picked":"Hologram","floor":38},{"not_picked":["Stack+1","Compile Driver","Glacier"],"picked":"FTL","floor":39},{"not_picked":["Compile Driver","Streamline+1","Blizzard","White Noise"],"picked":"SKIP","floor":40},{"not_picked":["Genetic Algorithm+1","Redo","Turbo+1"],"picked":"Go for the Eyes","floor":42},{"not_picked":["Barrage","Compile Driver","Auto Shields"],"picked":"Beam Cell","floor":44},{"not_picked":["Fusion","Barrage","Rebound"],"picked":"Steam","floor":47},{"not_picked":["Capacitor","Loop","Compile Driver+1"],"picked":"Skim+1","floor":48},{"not_picked":["Rebound","Doom and Gloom+1","Genetic Algorithm","Chaos"],"picked":"SKIP","floor":54}],"player_experience":1415018,"relics_obtained":[{"floor":9.0,"key":"Kunai"},{"floor":12.0,"key":"Shuriken"},{"floor":22.0,"key":"Bronze Scales"},{"floor":24.0,"key":"Blood Vial"},{"floor":29.0,"key":"Mercury Hourglass"},{"floor":30.0,"key":"Turnip"},{"floor":30.0,"key":"InkBottle"},{"floor":39,"key":"Peace Pipe"},{"floor":40,"key":"Potion Belt"},{"floor":42,"key":"MealTicket"},{"floor":43,"key":"Art of War"},{"floor":44,"key":"Oddly Smooth Stone"},{"floor":54,"key":"Strawberry"}],"event_choices":[{"damage_healed":0.0,"max_hp_gain":0.0,"max_hp_loss":0.0,"gold_gain":0.0,"event_name":"Scrap Ooze","player_choice":"Success","floor":2.0,"gold_loss":0.0,"damage_taken":26.0,"relics_obtained":["Question Card"]},{"damage_healed":23.0,"max_hp_gain":0.0,"max_hp_loss":0.0,"gold_gain":0.0,"event_name":"Big Fish","player_choice":"Banana","floor":4.0,"gold_loss":0.0,"damage_taken":0.0},{"cards_removed":["Strike_B"],"damage_healed":0.0,"max_hp_gain":0.0,"max_hp_loss":0.0,"gold_gain":0.0,"event_name":"Beggar","player_choice":"Gave Gold","floor":21.0,"gold_loss":75.0,"damage_taken":0.0},{"damage_healed":0.0,"max_hp_gain":0.0,"max_hp_loss":0.0,"gold_gain":0.0,"event_name":"Colosseum","player_choice":"Fight","floor":30.0,"gold_loss":0.0,"damage_taken":0.0},{"damage_healed":0.0,"max_hp_gain":0.0,"max_hp_loss":0.0,"gold_gain":0.0,"event_name":"Colosseum","player_choice":"Fought Nobs","floor":30.0,"gold_loss":0.0,"damage_taken":0.0},{"damage_healed":0,"gold_gain":0,"player_choice":"Fight","damage_taken":0,"max_hp_gain":0,"max_hp_loss":0,"event_name":"Mysterious Sphere","floor":39,"gold_loss":0},{"damage_healed":22,"gold_gain":0,"player_choice":"Full Heal","damage_taken":0,"max_hp_gain":0,"max_hp_loss":0,"event_name":"Wheel of Change","floor":46,"gold_loss":0}],"is_beta":false,"boss_relics":[{"not_picked":["Astrolabe","Ectoplasm"],"picked":"Nuclear Battery"},{"not_picked":["Runic Dome","Calling Bell"],"picked":"Cursed Key"}],"items_purged_floors":[53],"is_endless":false,"potions_floor_spawned":[5,11,16,18,29,30,31,35,38,42,48,54],"ascension_level":15}}