{"host":"l2dnabsh5e0fsksb","time":1611550449,"event":{"mods":["2.2 Compatiblity","BaseMod","Downfall","Minty Spire (QoL Compilation)","Quick Restart","StSLib"],"gold_per_floor":[99,99,99,99,99,199,199,199,199,210,110,124,124,137,152,252,252,252,265,265,265,365,365,365,375,405,415,415,415,415],"floor_reached":28,"language":"ENG","playtime":651,"items_purged":[],"score":291,"play_id":"334d3516-48ac-4135-93a2-412c89fe47ff","local_time":"20210125152409","is_ascension_mode":true,"campfire_choices":[{"floor":1.0,"key":"RECALL"},{"data":"bronze:Iterate","floor":11.0,"key":"SMITH"},{"data":"bronze:Iterate","floor":13.0,"key":"SMITH"},{"data":"bronze:DelayedSlice","floor":18.0,"key":"SMITH"},{"data":"bronze:DecaBeam","floor":23,"key":"SMITH"}],"circlet_count":0,"master_deck":["bronze:Strike","bronze:Strike","bronze:Strike","bronze:Strike","bronze:Defend","bronze:Defend","bronze:Defend","bronze:Defend","bronze:Replicate","bronze:Goto","bronze:Constructor","bronze:Iterate+1","bronze:FineTuning","Regret","bronze:DelayedSlice+1","bronze:Iterate+1","bronze:OilSpill","bronze:Library+1","bronze:Verify+1","bronze:Iterate+1","bronze:DonuBeam","bronze:DecaBeam+1","bronze:Branch","bronze:OilSpill+1","bronze:GetLatest","bronze:Return+1"],"relics":["bronze:BronzeCore","downfall:HeartsMalice","Eternal Feather","Mummified Hand","Frozen Egg 2","downfall:HeartBlessingRed","expansioncontent:StudyCardRelic","Molten Egg 2"],"acts_visited":["Exordium","TheCity"],"potions_floor_usage":[22,22,26,26],"damage_taken":[{"damage":0.0,"enemies":"Jaw Worm","floor":2.0,"turns":1.0},{"damage":0.0,"enemies":"Cultist","floor":3.0,"turns":1.0},{"damage":0.0,"enemies":"Small Slimes","floor":5.0,"turns":1.0},{"damage":9.0,"enemies":"Exordium Thugs","floor":10.0,"turns":5.0},{"damage":11.0,"enemies":"Blue Slaver","floor":12.0,"turns":3.0},{"damage":0.0,"enemies":"3 Louse","floor":14.0,"turns":1.0},{"damage":0.0,"enemies":"Exordium Wildlife","floor":15.0,"turns":2.0},{"damage":23.0,"enemies":"DF_ARCHETYPE_STREAMLINE","floor":16.0,"turns":4.0},{"damage":5.0,"enemies":"Chosen","floor":19.0,"turns":3.0},{"damage":46,"enemies":"Chosen","floor":22,"turns":5},{"damage":10,"enemies":"3 Byrds","floor":25,"turns":4},{"damage":19,"enemies":"Slavers","floor":26,"turns":4},{"damage":1,"enemies":"Cultist and Chosen","floor":27,"turns":3},{"damage":23,"enemies":"Centurion and Healer","floor":28,"turns":1}],"seed_played":"5796094997486851544","potions_obtained":[{"floor":4.0,"key":"DistilledChaos"},{"floor":4.0,"key":"Guardian:BlockOnCardUsePotion"},{"floor":4.0,"key":"SpeedPotion"},{"floor":10.0,"key":"BlessingOfTheForge"},{"floor":16.0,"key":"SpeedPotion"},{"floor":19.0,"key":"Regen Potion"},{"floor":21.0,"key":"CultistPotion"},{"floor":22,"key":"SneckoOil"},{"floor":25,"key":"Energy Potion"}],"is_trial":false,"path_per_floor":["R","M","M","?","M","?","T","?","T","M","R","M","R","M","M","B",null,"R","M","?","?","?","R","T","M","E","M","M"],"character_chosen":"THE_AUTOMATON","items_purchased":[],"campfire_rested":0,"item_purchase_floors":[],"current_hp_per_floor":[63,63,63,63,63,63,63,63,63,54,63,52,61,61,61,38,62,70,65,65,65,33,45,45,35,16,15,0,0,0],"gold":415,"neow_bonus":"THREE_ENEMY_KILL","is_daily":false,"chose_seed":false,"campfire_upgraded":4,"win_rate":0.0,"timestamp":1611550449,"path_taken":["R","M","M","?","?","?","T","?","?","M","R","M","R","M","M","BOSS","R","M","?","?","?","R","T","?","E","M","?"],"items_purchased_type":[],"build_version":"2020-12-22","purchased_purges":0,"victory":false,"max_hp_per_floor":[70,70,70,70,70,70,70,70,70,70,70,70,70,70,70,70,70,70,70,70,70,70,70,70,70,70,70,70,70,70],"card_choices":[{"not_picked":["bronze:Philosophize","bronze:Shield"],"picked":"bronze:Constructor","floor":2.0},{"not_picked":["bronze:Philosophize","bronze:Refactor"],"picked":"bronze:Iterate","floor":3.0},{"not_picked":["bronze:MaxOutput","bronze:Shield"],"picked":"bronze:FineTuning","floor":5.0},{"not_picked":["bronze:BugBarrage","bronze:Branch"],"picked":"bronze:DelayedSlice","floor":10.0},{"not_picked":["bronze:ForLoop","bronze:DelayedSlice"],"picked":"bronze:Iterate","floor":12.0},{"not_picked":["bronze:Shield","bronze:NullPointer"],"picked":"bronze:OilSpill","floor":14.0},{"not_picked":["bronze:Refactor","bronze:Iterate"],"picked":"bronze:Library+1","floor":15.0},{"not_picked":["bronze:Mutator+1","bronze:Assembly"],"picked":"bronze:Verify+1","floor":16.0},{"not_picked":["bronze:Turbo","bronze:BugBarrage+1"],"picked":"bronze:Iterate+1","floor":19.0},{"not_picked":[],"picked":"bronze:DonuBeam","floor":22},{"not_picked":[],"picked":"bronze:DecaBeam","floor":22},{"not_picked":["bronze:DelayedGuard","bronze:Overheat"],"picked":"bronze:Branch","floor":22},{"not_picked":["bronze:Branch","bronze:SpaghettiCode"],"picked":"bronze:OilSpill+1","floor":25},{"not_picked":["bronze:BugBarrage+1","bronze:Refactor"],"picked":"bronze:GetLatest","floor":26},{"not_picked":["bronze:CloningBeam+1","bronze:BugBarrage+1"],"picked":"bronze:Return+1","floor":27}],"player_experience":1834618,"relics_obtained":[{"floor":7.0,"key":"Eternal Feather"},{"floor":9.0,"key":"Frozen Egg 2"},{"floor":26,"key":"Molten Egg 2"}],"event_choices":[{"damage_healed":0.0,"max_hp_gain":0.0,"max_hp_loss":0.0,"gold_gain":0.0,"event_name":"Lab","player_choice":"Got Potions","floor":4.0,"gold_loss":0.0,"damage_taken":0.0},{"damage_healed":0.0,"max_hp_gain":0.0,"max_hp_loss":0.0,"gold_gain":0.0,"event_name":"Big Fish","player_choice":"Box","floor":8.0,"gold_loss":0.0,"damage_taken":0.0,"relics_obtained":["Mummified Hand"],"cards_obtained":["Regret"]},{"damage_healed":0.0,"max_hp_gain":0.0,"max_hp_loss":0.0,"gold_gain":0.0,"event_name":"Ghosts","player_choice":"Ignored","floor":20.0,"gold_loss":0.0,"damage_taken":0.0}],"is_beta":false,"boss_relics":[{"not_picked":["Runic Pyramid","Pandora\u0027s Box"],"picked":"expansioncontent:StudyCardRelic"}],"items_purged_floors":[],"is_endless":false,"potions_floor_spawned":[10,12,16,19,22,25],"killed_by":"Centurion and Healer","ascension_level":6}}