{"host":"aqym1xxr3lb31d9m","time":1611573895,"event":{"mods":["BaseMod","Block Reminder","Colored Map","Colored Powertips","DeckTracker","Highlight Path","Minty Spire (QoL Compilation)","Quick Restart","Random Character Button","StSLib","SuperFastMode","UnlockEverythingMod"],"gold_per_floor":[119,119,269,269,281,281,281,306,374,374,374,390,430,451,451,550,550,563,563,478,478,494,494,119,132,132,155,169,169,169,169,169,265,265,278,278,121,136,155,155,191,215,215,215,215,240,258,120,120,120,120],"floor_reached":50,"language":"JPN","playtime":3737,"items_purged":["Doubt"],"score":944,"play_id":"e30a67f6-a8a4-40f8-9572-1609f43f87aa","local_time":"20210125202455","is_ascension_mode":true,"campfire_choices":[{"data":"Sweeping Beam","floor":6.0,"key":"SMITH"},{"data":"Cold Snap","floor":10.0,"key":"SMITH"},{"floor":15.0,"key":"REST"},{"data":"Fission","floor":23.0,"key":"SMITH"},{"data":"Defragment","floor":29.0,"key":"SMITH"},{"data":"Hologram","floor":32.0,"key":"SMITH"},{"data":"Recycle","floor":40,"key":"SMITH"},{"floor":45,"key":"RECALL"},{"floor":49,"key":"REST"}],"circlet_count":0,"master_deck":["AscendersBane","Zap+1","Dualcast","Reboot","Turbo","Sweeping Beam+1","Cold Snap+1","Melter+1","Doom and Gloom+1","Rebound+1","Echo Form","Chill","Fission+1","Reboot","Streamline+1","Doom and Gloom+1","Hologram+1","Defragment+1","BootSequence","Coolheaded","Conserve Battery","Electrodynamics","Glacier","Compile Driver+1","Creative AI","Leap+1","Flash of Steel+1","Deep Breath","Magnetism","Coolheaded","Recycle+1","Madness","Madness","Steam Power"],"relics":["Cracked Core","Golden Idol","Molten Egg 2","Meat on the Bone","Pandora\u0027s Box","MutagenicStrength","HornCleat","Letter Opener","Question Card","Busted Crown","Runic Capacitor","Juzu Bracelet"],"acts_visited":["Exordium","TheCity","TheBeyond"],"potions_floor_usage":[41,47,47],"damage_taken":[{"damage":9.0,"enemies":"Jaw Worm","floor":1.0,"turns":4.0},{"damage":9.0,"enemies":"Small Slimes","floor":5.0,"turns":4.0},{"damage":1.0,"enemies":"Cultist","floor":8.0,"turns":3.0},{"damage":4.0,"enemies":"Blue Slaver","floor":12.0,"turns":4.0},{"damage":35.0,"enemies":"Gremlin Nob","floor":13.0,"turns":4.0},{"damage":5.0,"enemies":"Exordium Wildlife","floor":14.0,"turns":4.0},{"damage":24.0,"enemies":"Hexaghost","floor":16.0,"turns":7.0},{"damage":17.0,"enemies":"Shell Parasite","floor":18.0,"turns":2.0},{"damage":0.0,"enemies":"Spheric Guardian","floor":22.0,"turns":2.0},{"damage":0.0,"enemies":"Centurion and Healer","floor":25.0,"turns":3.0},{"damage":14.0,"enemies":"Snake Plant","floor":27.0,"turns":2.0},{"damage":5.0,"enemies":"Cultist and Chosen","floor":28.0,"turns":4.0},{"damage":33.0,"enemies":"Automaton","floor":33.0,"turns":9.0},{"damage":0.0,"enemies":"3 Shapes","floor":35.0,"turns":3.0},{"damage":0.0,"enemies":"Orb Walker","floor":38.0,"turns":2.0},{"damage":16,"enemies":"Jaw Worm Horde","floor":39,"turns":3},{"damage":15,"enemies":"Giant Head","floor":41,"turns":9},{"damage":0,"enemies":"Maw","floor":42,"turns":6},{"damage":6,"enemies":"3 Darklings","floor":46,"turns":3},{"damage":15,"enemies":"Transient","floor":47,"turns":6},{"damage":48,"enemies":"Time Eater","floor":50,"turns":3}],"seed_played":"-8431086098702305127","potions_obtained":[{"floor":13.0,"key":"GamblersBrew"},{"floor":14.0,"key":"PowerPotion"},{"floor":16.0,"key":"SkillPotion"},{"floor":18.0,"key":"LiquidBronze"},{"floor":27.0,"key":"Block Potion"},{"floor":38.0,"key":"FearPotion"},{"floor":42,"key":"SneckoOil"},{"floor":47,"key":"Energy Potion"}],"is_trial":false,"path_per_floor":["M","?","?","?","M","R","?","M","T","R","?","M","E","M","R","B",null,"M","?","?","$","M","R","$","M","T","M","M","R","$","?","R","B",null,"M","?","$","M","M","R","E","M","T","?","R","M","M","$","R","B"],"character_chosen":"DEFECT","items_purchased":["Conserve Battery","Letter Opener","Runic Capacitor","Steam Power","FocusPotion"],"campfire_rested":2,"item_purchase_floors":[24,24,37,48,48],"current_hp_per_floor":[55,55,55,55,46,46,46,45,45,45,45,41,6,13,32,20,53,36,36,36,36,36,36,36,36,36,34,41,41,41,41,41,20,53,53,43,43,43,39,39,36,36,36,24,24,30,27,27,46,0,0],"gold":120,"neow_bonus":"ONE_RANDOM_RARE_CARD","is_daily":false,"chose_seed":false,"campfire_upgraded":6,"win_rate":0.0,"timestamp":1611573895,"path_taken":["M","?","?","?","M","R","?","M","T","R","?","?","E","M","R","BOSS","M","?","?","$","M","R","?","M","T","M","M","R","$","?","R","BOSS","M","?","$","M","M","R","E","M","T","?","R","M","M","?","R","BOSS"],"items_purchased_type":["Card","Relic","Relic","Card","Potion"],"build_version":"2020-12-22","purchased_purges":1,"victory":false,"max_hp_per_floor":[71,71,71,71,71,71,64,64,64,64,64,64,64,64,64,64,64,64,64,64,64,64,64,64,64,64,64,64,64,64,64,64,64,64,64,64,64,64,64,64,64,64,64,64,64,64,64,64,64,64,64],"card_choices":[{"not_picked":["Barrage","Fusion"],"picked":"Turbo","floor":1.0},{"not_picked":["Beam Cell","Amplify"],"picked":"Sweeping Beam","floor":5.0},{"not_picked":["Redo","Conserve Battery"],"picked":"Cold Snap","floor":8.0},{"not_picked":["Redo","Loop"],"picked":"Doom and Gloom+1","floor":13.0},{"not_picked":["Stack","Conserve Battery"],"picked":"Rebound+1","floor":14.0},{"not_picked":["Fission","Meteor Strike+1"],"picked":"Echo Form","floor":16.0},{"not_picked":["Hologram","Gash+1"],"picked":"BootSequence","floor":18.0},{"not_picked":["Beam Cell+1","Melter+1"],"picked":"Coolheaded","floor":22.0},{"not_picked":["Compile Driver+1","Static Discharge+1"],"picked":"Electrodynamics","floor":25.0},{"not_picked":["Compile Driver+1","Loop","Streamline+1"],"picked":"Glacier","floor":27.0},{"not_picked":["Rip and Tear+1","Gash+1","Redo"],"picked":"Compile Driver+1","floor":28.0},{"not_picked":["Amplify","Multi-Cast","Electrodynamics"],"picked":"Creative AI","floor":33.0},{"not_picked":["Hologram"],"picked":"Leap+1","floor":35.0},{"not_picked":["Good Instincts"],"picked":"Flash of Steel+1","floor":36.0},{"not_picked":["The Bomb"],"picked":"Deep Breath","floor":36.0},{"not_picked":["The Bomb"],"picked":"Magnetism","floor":36.0},{"not_picked":["Steam"],"picked":"Coolheaded","floor":38.0},{"not_picked":["Heatsinks"],"picked":"Recycle","floor":39},{"not_picked":["Streamline+1","Fusion"],"picked":"SKIP","floor":41},{"not_picked":["Fusion","Compile Driver+1"],"picked":"SKIP","floor":42},{"not_picked":["Hello World","Streamline+1"],"picked":"SKIP","floor":46},{"not_picked":["Redo","BootSequence"],"picked":"SKIP","floor":47}],"player_experience":4051074,"relics_obtained":[{"floor":9.0,"key":"Molten Egg 2"},{"floor":13.0,"key":"Meat on the Bone"},{"floor":26.0,"key":"Question Card"},{"floor":41,"key":"Juzu Bracelet"}],"event_choices":[{"damage_healed":0.0,"max_hp_gain":0.0,"max_hp_loss":0.0,"gold_gain":0.0,"event_name":"Living Wall","player_choice":"Grow","floor":2.0,"gold_loss":0.0,"damage_taken":0.0,"cards_upgraded":["Zap"]},{"damage_healed":0.0,"max_hp_gain":0.0,"max_hp_loss":0.0,"gold_gain":150.0,"event_name":"Liars Game","player_choice":"AGREE","floor":3.0,"gold_loss":0.0,"damage_taken":0.0,"cards_obtained":["Doubt"]},{"damage_healed":0.0,"max_hp_gain":0.0,"max_hp_loss":0.0,"gold_gain":0.0,"event_name":"Shining Light","player_choice":"Ignored","floor":4.0,"gold_loss":0.0,"damage_taken":0.0},{"damage_healed":0.0,"max_hp_gain":0.0,"max_hp_loss":7.0,"gold_gain":0.0,"event_name":"Golden Idol","player_choice":"Lose Max HP","floor":7.0,"gold_loss":0.0,"damage_taken":0.0,"relics_obtained":["Golden Idol"]},{"damage_healed":0.0,"max_hp_gain":0.0,"max_hp_loss":0.0,"gold_gain":0.0,"event_name":"Match and Keep!","player_choice":"1 cards matched","floor":11.0,"gold_loss":0.0,"damage_taken":0.0,"cards_obtained":["Melter"]},{"damage_healed":0.0,"max_hp_gain":0.0,"max_hp_loss":0.0,"gold_gain":0.0,"event_name":"Drug Dealer","player_choice":"Inject Mutagens","floor":19.0,"gold_loss":0.0,"damage_taken":0.0,"relics_obtained":["MutagenicStrength"]},{"damage_healed":0.0,"max_hp_gain":0.0,"max_hp_loss":0.0,"gold_gain":0.0,"event_name":"Addict","player_choice":"Obtained Relic","floor":20.0,"gold_loss":85.0,"damage_taken":0.0,"relics_obtained":["HornCleat"]},{"cards_removed":["Heatsinks"],"damage_healed":0.0,"max_hp_gain":0.0,"max_hp_loss":0.0,"gold_gain":0.0,"event_name":"Back to Basics","player_choice":"Elegance","floor":31.0,"gold_loss":0.0,"damage_taken":0.0},{"damage_healed":0.0,"max_hp_gain":0.0,"max_hp_loss":0.0,"gold_gain":0.0,"event_name":"SensoryStone","player_choice":"Memory 3","floor":36.0,"gold_loss":0.0,"damage_taken":10.0},{"damage_healed":0,"gold_gain":0,"player_choice":"Embrace Madness","damage_taken":12,"max_hp_gain":0,"max_hp_loss":0,"event_name":"Winding Halls","floor":44,"gold_loss":0,"cards_obtained":["Madness","Madness"]}],"is_beta":false,"boss_relics":[{"not_picked":["Fusion Hammer","Ectoplasm"],"picked":"Pandora\u0027s Box"},{"not_picked":["Black Star","Velvet Choker"],"picked":"Busted Crown"}],"items_purged_floors":[24],"is_endless":false,"potions_floor_spawned":[13,14,16,18,27,38,39,42,47],"killed_by":"Time Eater","ascension_level":20}}