{"host":"lnt5dzsuhru0aonl","time":1611584728,"event":{"mods":["2.2 Compatiblity","BaseMod","Colored Map","Colored Powertips","DeckTracker","Keyboard Shortcuts","Minty Spire (QoL Compilation)","Permanent Neow","Rare Cards Sparkle","StSLib","SuperFastMode","everything is the same but u backflip on backflip"],"gold_per_floor":[109,120,139,156,156,156,186,203,227,227,227,239,249,260,260,333,333,353,243,33,43,57,57,57],"floor_reached":23,"language":"KOR","playtime":723,"items_purged":[],"score":394,"play_id":"b85fdf4e-b065-4ccc-9dc2-9c4dd24118ff","local_time":"20210125232528","is_ascension_mode":true,"campfire_choices":[{"data":"Zap","floor":6.0,"key":"SMITH"},{"floor":10.0,"key":"REST"},{"data":"Biased Cognition","floor":15.0,"key":"SMITH"}],"circlet_count":0,"master_deck":["AscendersBane","Zap+1","Dualcast","Seek","Heatsinks","Sweeping Beam+1","Conserve Battery","Coolheaded","Biased Cognition+1","Ball Lightning","Undo+1","Core Surge","Core Surge","Creative AI","Capacitor","Lockon","Static Discharge","Fission","Loop","Hello World","Storm","Glacier"],"relics":["Cracked Core","Bird Faced Urn","Whetstone","Pandora\u0027s Box","Medical Kit"],"acts_visited":["Exordium","TheCity"],"potions_floor_usage":[23],"damage_taken":[{"damage":1.0,"enemies":"Cultist","floor":1.0,"turns":3.0},{"damage":2.0,"enemies":"Jaw Worm","floor":2.0,"turns":3.0},{"damage":5.0,"enemies":"Small Slimes","floor":3.0,"turns":3.0},{"damage":34.0,"enemies":"Exordium Thugs","floor":4.0,"turns":5.0},{"damage":14.0,"enemies":"Lagavulin","floor":7.0,"turns":8.0},{"damage":0.0,"enemies":"3 Louse","floor":8.0,"turns":3.0},{"damage":7.0,"enemies":"Red Slaver","floor":12.0,"turns":3.0},{"damage":4.0,"enemies":"Blue Slaver","floor":13.0,"turns":4.0},{"damage":0.0,"enemies":"Exordium Thugs","floor":14.0,"turns":5.0},{"damage":34.0,"enemies":"Hexaghost","floor":16.0,"turns":10.0},{"damage":13.0,"enemies":"Spheric Guardian","floor":18.0,"turns":4.0},{"damage":33.0,"enemies":"Shell Parasite","floor":21.0,"turns":5.0},{"damage":25.0,"enemies":"Centurion and Healer","floor":22.0,"turns":5.0},{"damage":32,"enemies":"Gremlin Leader","floor":23,"turns":4}],"seed_played":"3042597138046576448","potions_obtained":[{"floor":1.0,"key":"Ancient Potion"},{"floor":7.0,"key":"BlessingOfTheForge"},{"floor":8.0,"key":"EntropicBrew"},{"floor":11.0,"key":"Dexterity Potion"},{"floor":14.0,"key":"Regen Potion"},{"floor":16.0,"key":"LiquidMemories"},{"floor":22.0,"key":"Fire Potion"}],"is_trial":false,"path_per_floor":["M","M","M","M","?","R","E","M","T","R","?","M","M","M","R","B",null,"M","?","$","M","M","E"],"character_chosen":"DEFECT","items_purchased":["Hello World","Medical Kit"],"campfire_rested":1,"item_purchase_floors":[20,20],"current_hp_per_floor":[63,61,56,22,15,15,1,5,5,26,26,21,21,25,25,10,56,51,51,51,30,19,0,0],"gold":57,"neow_bonus":"ONE_RANDOM_RARE_CARD","is_daily":false,"chose_seed":false,"campfire_upgraded":2,"win_rate":0.0,"timestamp":1611584728,"path_taken":["M","M","?","?","?","R","E","M","T","R","?","?","M","M","R","BOSS","M","?","$","?","M","E"],"items_purchased_type":["Card","Relic"],"build_version":"2020-12-22","purchased_purges":0,"victory":false,"max_hp_per_floor":[71,71,71,71,71,71,71,71,71,71,71,71,71,71,71,71,71,71,71,71,71,71,71,71],"card_choices":[{"not_picked":["Static Discharge","Leap"],"picked":"Heatsinks","floor":1.0},{"not_picked":["Blizzard","Hologram"],"picked":"Sweeping Beam","floor":2.0},{"not_picked":["Leap","Heatsinks"],"picked":"Conserve Battery","floor":3.0},{"not_picked":["Redo","Static Discharge"],"picked":"Coolheaded","floor":4.0},{"not_picked":["Coolheaded","FTL"],"picked":"Biased Cognition","floor":7.0},{"not_picked":["Double Energy","Coolheaded"],"picked":"Ball Lightning","floor":8.0},{"not_picked":["Coolheaded","Go for the Eyes"],"picked":"Undo","floor":12.0},{"not_picked":["Stack","Rebound"],"picked":"Core Surge","floor":13.0},{"not_picked":["Chaos","Hologram","Sweeping Beam"],"picked":"SKIP","floor":14.0},{"not_picked":["Chaos","Turbo"],"picked":"Loop","floor":18.0},{"not_picked":["Chill","Leap"],"picked":"Storm","floor":21.0},{"not_picked":["Skim","Streamline"],"picked":"Glacier","floor":22.0}],"player_experience":767725,"relics_obtained":[{"floor":7.0,"key":"Bird Faced Urn"},{"floor":9.0,"key":"Whetstone"}],"event_choices":[{"cards_removed":["Strike_B"],"damage_healed":0.0,"max_hp_gain":0.0,"max_hp_loss":0.0,"gold_gain":0.0,"event_name":"Golden Wing","player_choice":"Card Removal","floor":5.0,"gold_loss":0.0,"damage_taken":7.0},{"damage_healed":0.0,"max_hp_gain":0.0,"max_hp_loss":0.0,"gold_gain":0.0,"event_name":"Lab","player_choice":"Got Potions","floor":11.0,"gold_loss":0.0,"damage_taken":0.0},{"cards_removed":["Fusion"],"damage_healed":0.0,"max_hp_gain":0.0,"max_hp_loss":0.0,"gold_gain":0.0,"event_name":"Designer","player_choice":"Upgrade and Remove","floor":19.0,"gold_loss":110.0,"damage_taken":0.0,"cards_upgraded":["Undo"]}],"is_beta":false,"boss_relics":[{"not_picked":["Empty Cage","FrozenCore"],"picked":"Pandora\u0027s Box"}],"items_purged_floors":[],"is_endless":false,"potions_floor_spawned":[1,7,8,14,16,22],"killed_by":"Gremlin Leader","ascension_level":20}}