{"host":"18wi9kpcl4eah7pe","time":1611605992,"event":{"mods":["BaseMod","Colored Powertips","Downfall","Minty Spire (QoL Compilation)","StSLib"],"gold_per_floor":[99,109,109,126,145,45,96,96,6,6,106,106,131,151,166,265,265,165,165,50,150,150,150,150],"floor_reached":22,"language":"ENG","playtime":909,"items_purged":["downfall:Malfunctioning","Pain"],"score":207,"play_id":"089941ee-d7dc-428d-9c08-48921a8a873a","local_time":"20210125141952","is_ascension_mode":false,"campfire_choices":[{"floor":1,"key":"RECALL"}],"circlet_count":0,"master_deck":["sneckomod:Strike","sneckomod:Strike","sneckomod:Strike","sneckomod:Defend","sneckomod:Defend+1","sneckomod:Defend","sneckomod:TailWhip","sneckomod:SnekBite+1","sneckomod:ImprovisedAttack","sneckomod:MixItUp","sneckomod:UnknownCommonAttack+1","champ:EnchantShield","CurseOfTheBell","CurseOfTheBell","downfall:Bewildered","downfall:Aged","sneckomod:UnknownRareSkill","Slimebound:Grow","sneckomod:UnknownRarePower","sneckomod:WideSting","sneckomod:Unknown0Cost","sneckomod:Transmogrify","Slimebound:Equalize","sneckomod:MorePower","sneckomod:SnekBeam+1"],"relics":["sneckomod:SneckoSoul","downfall:HeartBlessingRed","downfall:ExtraCursedBell","Ancient Tea Set","Lizard Tail","Vajra","downfall:HeartBlessingGreen","Oddly Smooth Stone","Prayer Wheel","Letter Opener","Pantograph"],"acts_visited":["Exordium","TheCity"],"potions_floor_usage":[15,16,19],"damage_taken":[{"damage":6,"enemies":"Jaw Worm","floor":2,"turns":3},{"damage":10,"enemies":"Small Slimes","floor":4,"turns":4},{"damage":0,"enemies":"2 Louse","floor":5,"turns":2},{"damage":5,"enemies":"downfall:FleeingMerchant","floor":9,"turns":4},{"damage":4,"enemies":"Gremlin Nob","floor":13,"turns":3},{"damage":13,"enemies":"3 Louse","floor":14,"turns":4},{"damage":36,"enemies":"Gremlin Gang","floor":15,"turns":6},{"damage":65,"enemies":"SI_SHIV_ARCHETYPE","floor":16,"turns":11},{"damage":25,"enemies":"Spheric Guardian","floor":19,"turns":5},{"damage":15,"enemies":"downfall:FleeingMerchant","floor":20,"turns":4},{"damage":65,"enemies":"Colosseum Nobs","floor":21,"turns":6},{"damage":16,"enemies":"Centurion and Healer","floor":22,"turns":2}],"seed_played":"-1422048584719350334","potions_obtained":[{"floor":5,"key":"Block Potion"},{"floor":14,"key":"FairyPotion"},{"floor":15,"key":"SteroidPotion"}],"is_trial":false,"path_per_floor":["R","M","?","M","M","R","T","?","$","?","?","R","E","M","M","B",null,"R","M","$","?","M"],"character_chosen":"THE_SNECKO","items_purchased":[],"campfire_rested":0,"item_purchase_floors":[],"current_hp_per_floor":[108,102,99,89,89,89,89,89,84,84,89,89,85,72,36,56,113,113,88,73,8,0,0,0],"gold":150,"neow_bonus":"TWENTY_PERCENT_HP_BONUS","is_daily":false,"chose_seed":false,"campfire_upgraded":0,"win_rate":0.0,"timestamp":1611605992,"path_taken":["R","M","?","M","M","R","T","?","$","?","?","R","E","M","M","BOSS","R","M","$","?","M"],"items_purchased_type":[],"build_version":"2020-12-22","purchased_purges":2,"victory":false,"max_hp_per_floor":[108,108,108,108,108,108,108,108,108,108,113,113,113,113,113,113,113,113,113,113,113,113,113,113],"card_choices":[{"not_picked":["sneckomod:Unknown1Cost","sneckomod:SnekBeam"],"picked":"sneckomod:ImprovisedAttack","floor":2},{"not_picked":["sneckomod:UnknownBlock","sneckomod:IronFang"],"picked":"sneckomod:MixItUp","floor":4},{"not_picked":["sneckomod:SoulRoll","sneckomod:Nope"],"picked":"sneckomod:UnknownCommonAttack","floor":5},{"not_picked":["sneckomod:MorePower","sneckomod:UnknownCommonSkill"],"picked":"sneckomod:UnknownStrength","floor":9},{"not_picked":["sneckomod:QuickBite","sneckomod:IronFang"],"picked":"sneckomod:UnknownRarePower","floor":13},{"not_picked":["sneckomod:SoulRoll","sneckomod:RainOfDice"],"picked":"sneckomod:WideSting","floor":14},{"not_picked":["sneckomod:QuickBite","sneckomod:WideSting"],"picked":"sneckomod:Unknown0Cost","floor":15},{"not_picked":["sneckomod:Cheat","sneckomod:Restock"],"picked":"sneckomod:Transmogrify","floor":16},{"not_picked":["sneckomod:QuickBite","sneckomod:UnknownWeak"],"picked":"sneckomod:MorePower","floor":20},{"not_picked":["sneckomod:QuickBite","sneckomod:Unknown1Cost+1"],"picked":"sneckomod:SnekBeam+1","floor":21}],"player_experience":961701,"relics_obtained":[{"floor":7,"key":"Oddly Smooth Stone"},{"floor":11,"key":"Ancient Tea Set"},{"floor":11,"key":"Pantograph"},{"floor":11,"key":"Lizard Tail"},{"floor":13,"key":"Vajra"},{"floor":20,"key":"Oddly Smooth Stone"},{"floor":21,"key":"Prayer Wheel"},{"floor":21,"key":"Letter Opener"},{"floor":21,"key":"Pantograph"}],"event_choices":[{"damage_healed":0,"gold_gain":0,"player_choice":"Success","damage_taken":3,"relics_obtained":["Bag of Preparation"],"max_hp_gain":0,"max_hp_loss":0,"event_name":"Scrap Ooze","floor":3,"gold_loss":0},{"cards_removed":["Injury"],"damage_healed":0,"gold_gain":0,"player_choice":"Card Removal","damage_taken":0,"max_hp_gain":0,"max_hp_loss":0,"event_name":"The Cleric","floor":10,"gold_loss":0}],"is_beta":false,"boss_relics":[{"not_picked":["Snecko Eye","Cursed Key","Busted Crown"]}],"items_purged_floors":[9,20],"is_endless":false,"potions_floor_spawned":[5,14,15],"killed_by":"Centurion and Healer","ascension_level":0}}