{"host":"1c17lcvl7acx821p","time":1611612114,"event":{"mods":["AchievementEnabler","BaseMod","Colored Map","Minty Spire (QoL Compilation)","Quick Restart","Relic Sorter","StSLib"],"gold_per_floor":[359,101,119,138,149,184,184,6,33,133,149,160,185,42,57,57,156,156,171,181,96,96,96,96,107,140,140,166,194,194,208,208,222,234,234,234,337,337,349,64,0,12,29,54,54,89,115,163,163,197,212,227,227,227],"floor_reached":55,"language":"ENG","playtime":2564,"items_purged":["Strike_B","Strike_B","Strike_B"],"score":1473,"play_id":"339d43b8-e3de-4296-849a-a952390a6f8a","local_time":"20210126000154","is_ascension_mode":true,"campfire_choices":[{"data":"Defragment","floor":7.0,"key":"SMITH"},{"floor":16.0,"key":"REST"},{"data":"Coolheaded","floor":24.0,"key":"SMITH"},{"data":"Amplify","floor":32.0,"key":"SMITH"},{"data":"Hologram","floor":35.0,"key":"SMITH"},{"data":"Loop","floor":36.0,"key":"SMITH"},{"data":"Loop","floor":45,"key":"SMITH"},{"data":"Echo Form","floor":53,"key":"SMITH"}],"circlet_count":0,"master_deck":["AscendersBane","Strike_B","Defend_B","Defend_B+1","Defend_B","Defend_B","Zap+1","Dualcast","Glacier","Defragment+1","Compile Driver","Hello World","Self Repair","Loop","Loop+1","Ball Lightning","Coolheaded+1","Barrage","Amplify+1","Recycle","Hologram+1","Loop+1","Meteor Strike","Biased Cognition","Double Energy+1","Creative AI","Echo Form+1","Storm+1","Loop+1"],"relics":["FrozenCore","OrangePellets","Vajra","Bronze Scales","War Paint","Runic Capacitor","Nuclear Battery","FossilizedHelix","Bottled Lightning","Happy Flower","Gremlin Horn","Nunchaku","Red Mask","Bottled Flame","Singing Bowl","Anchor","Mango","Lantern"],"acts_visited":["Exordium","TheCity","TheBeyond"],"potions_floor_usage":[],"damage_taken":[{"damage":10.0,"enemies":"Cultist","floor":1.0,"turns":5.0},{"damage":0.0,"enemies":"Small Slimes","floor":3.0,"turns":5.0},{"damage":6.0,"enemies":"2 Louse","floor":4.0,"turns":3.0},{"damage":1.0,"enemies":"2 Fungi Beasts","floor":5.0,"turns":5.0},{"damage":9.0,"enemies":"3 Sentries","floor":6.0,"turns":11.0},{"damage":19.0,"enemies":"Exordium Wildlife","floor":11.0,"turns":7.0},{"damage":10.0,"enemies":"3 Louse","floor":12.0,"turns":5.0},{"damage":6.0,"enemies":"Lagavulin","floor":13.0,"turns":5.0},{"damage":13.0,"enemies":"Exordium Thugs","floor":15.0,"turns":3.0},{"damage":0.0,"enemies":"The Guardian","floor":17.0,"turns":8.0},{"damage":21.0,"enemies":"Shell Parasite","floor":19.0,"turns":5.0},{"damage":2.0,"enemies":"3 Byrds","floor":20.0,"turns":4.0},{"damage":5.0,"enemies":"Snake Plant","floor":25.0,"turns":4.0},{"damage":39.0,"enemies":"Slavers","floor":26.0,"turns":6.0},{"damage":15.0,"enemies":"Book of Stabbing","floor":29.0,"turns":4.0},{"damage":0.0,"enemies":"Sentry and Sphere","floor":31.0,"turns":6.0},{"damage":15.0,"enemies":"Centurion and Healer","floor":33.0,"turns":5.0},{"damage":11.0,"enemies":"Snake Plant","floor":34.0,"turns":6.0},{"damage":8.0,"enemies":"Automaton","floor":37.0,"turns":10.0},{"damage":0.0,"enemies":"3 Shapes","floor":39.0,"turns":4.0},{"damage":0.0,"enemies":"3 Darklings","floor":42.0,"turns":7.0},{"damage":11,"enemies":"Sphere and 2 Shapes","floor":43,"turns":6},{"damage":0,"enemies":"Giant Head","floor":44,"turns":10},{"damage":0,"enemies":"Nemesis","floor":46,"turns":9},{"damage":17,"enemies":"2 Orb Walkers","floor":48,"turns":5},{"damage":0,"enemies":"Reptomancer","floor":50,"turns":4},{"damage":0,"enemies":"Transient","floor":51,"turns":5},{"damage":0,"enemies":"Jaw Worm Horde","floor":52,"turns":3},{"damage":41,"enemies":"Donu and Deca","floor":54,"turns":7}],"seed_played":"755105460731198805","potions_obtained":[{"floor":3.0,"key":"FearPotion"},{"floor":6.0,"key":"LiquidMemories"},{"floor":11.0,"key":"Swift Potion"},{"floor":13.0,"key":"Energy Potion"},{"floor":17.0,"key":"Fire Potion"},{"floor":20.0,"key":"SkillPotion"},{"floor":31.0,"key":"Fire Potion"},{"floor":34.0,"key":"FocusPotion"},{"floor":39.0,"key":"PotionOfCapacity"}],"is_trial":false,"path_per_floor":["M","$","M","M","M","E","R","$","T","?","M","M","E","$","M","R","B",null,"M","M","?","?","$","R","M","E","T","T","E","?","M","R","M","M","R","R","B",null,"M","$","?","M","M","E","R","E","T","?","?","E","M","M","R","B",null],"character_chosen":"DEFECT","items_purchased":["Defragment","OrangePellets","Loop","Runic Capacitor","Creative AI"],"campfire_rested":1,"item_purchase_floors":[2,2,8,14,40],"current_hp_per_floor":[58,58,58,52,51,49,49,49,49,49,37,34,35,35,29,49,56,65,58,63,63,63,63,63,65,33,33,33,25,25,39,39,38,41,41,41,40,61,68,68,68,68,68,68,68,70,70,74,74,81,86,88,88,54],"gold":227,"neow_bonus":"TWO_FIFTY_GOLD","is_daily":false,"chose_seed":false,"campfire_upgraded":7,"win_rate":0.0,"timestamp":1611612114,"path_taken":["M","$","?","M","M","E","R","$","T","?","M","M","E","?","M","R","BOSS","M","?","?","?","?","R","M","E","T","T","E","?","M","R","?","M","R","R","BOSS","M","$","?","M","M","E","R","E","T","?","?","E","M","?","R","BOSS"],"items_purchased_type":["Card","Relic","Card","Relic","Card"],"build_version":"2020-12-22","purchased_purges":3,"victory":true,"max_hp_per_floor":[68,68,68,68,68,68,68,68,68,68,68,68,68,68,68,68,68,68,68,68,68,68,68,68,68,68,68,68,68,68,68,68,68,68,68,68,68,68,68,68,68,68,68,68,68,70,70,84,84,84,86,88,88,88],"card_choices":[{"not_picked":["Redo","Chaos"],"picked":"Glacier","floor":1.0},{"not_picked":["Skim","Go for the Eyes"],"picked":"Compile Driver","floor":3.0},{"not_picked":["Scrape","Force Field"],"picked":"Hello World","floor":4.0},{"not_picked":["Scrape","Steam Power"],"picked":"Self Repair","floor":5.0},{"not_picked":["Streamline","Machine Learning"],"picked":"Loop","floor":6.0},{"not_picked":["Barrage","Fusion"],"picked":"Ball Lightning","floor":11.0},{"not_picked":["Cold Snap","Hyperbeam","Ball Lightning"],"picked":"SKIP","floor":12.0},{"not_picked":["Ball Lightning","Barrage"],"picked":"Coolheaded","floor":13.0},{"not_picked":["Leap","Auto Shields"],"picked":"Barrage","floor":15.0},{"not_picked":["All For One","Reboot"],"picked":"Amplify","floor":17.0},{"not_picked":["Auto Shields","Redo","Beam Cell"],"picked":"SKIP","floor":19.0},{"not_picked":["Steam","Gash","Conserve Battery"],"picked":"SKIP","floor":20.0},{"not_picked":["Streamline","Coolheaded"],"picked":"Recycle","floor":25.0},{"not_picked":["BootSequence","Stack+1"],"picked":"Hologram","floor":26.0},{"not_picked":["Static Discharge","Streamline"],"picked":"Loop","floor":29.0},{"not_picked":["Streamline","Beam Cell"],"picked":"Meteor Strike","floor":31.0},{"not_picked":["Barrage","Redo+1","Rebound"],"picked":"SKIP","floor":33.0},{"not_picked":["Compile Driver","Go for the Eyes","Scrape"],"picked":"SKIP","floor":34.0},{"not_picked":["Fission","Creative AI"],"picked":"Biased Cognition","floor":37.0},{"not_picked":["Cold Snap+1","Doom and Gloom+1"],"picked":"Double Energy+1","floor":39.0},{"not_picked":["Conserve Battery","Hello World","Skim+1"],"picked":"SKIP","floor":42.0},{"not_picked":["Sunder+1","Recycle+1","Force Field"],"picked":"SKIP","floor":43},{"not_picked":["Cold Snap+1","Doom and Gloom"],"picked":"Echo Form","floor":44},{"not_picked":["Barrage+1","Gash","Compile Driver"],"picked":"Singing Bowl","floor":46},{"not_picked":["Double Energy+1","Tempest+1"],"picked":"Storm+1","floor":48},{"not_picked":["Skim+1","Streamline"],"picked":"Loop+1","floor":50},{"not_picked":["Ball Lightning","Skim","Go for the Eyes"],"picked":"Singing Bowl","floor":51},{"not_picked":["Auto Shields","Glacier","Compile Driver+1"],"picked":"Singing Bowl","floor":52}],"player_experience":204776,"relics_obtained":[{"floor":6.0,"key":"Vajra"},{"floor":9.0,"key":"Bronze Scales"},{"floor":13.0,"key":"War Paint"},{"floor":26.0,"key":"Bottled Lightning"},{"floor":28.0,"key":"Happy Flower"},{"floor":29.0,"key":"Gremlin Horn"},{"floor":44,"key":"Bottled Flame"},{"floor":46,"key":"Singing Bowl"},{"floor":47,"key":"Anchor"},{"floor":48,"key":"Mango"},{"floor":50,"key":"Lantern"}],"event_choices":[{"damage_healed":0.0,"max_hp_gain":0.0,"max_hp_loss":0.0,"gold_gain":100.0,"event_name":"Golden Shrine","player_choice":"Pray","floor":10.0,"gold_loss":0.0,"damage_taken":0.0},{"damage_healed":0.0,"max_hp_gain":0.0,"max_hp_loss":0.0,"gold_gain":0.0,"event_name":"Addict","player_choice":"Obtained Relic","floor":21.0,"gold_loss":85.0,"damage_taken":0.0,"relics_obtained":["FossilizedHelix"]},{"damage_healed":0.0,"max_hp_gain":0.0,"max_hp_loss":0.0,"gold_gain":0.0,"event_name":"Vampires","player_choice":"Ignored","floor":22.0,"gold_loss":0.0,"damage_taken":0.0},{"damage_healed":0.0,"max_hp_gain":0.0,"max_hp_loss":0.0,"gold_gain":0.0,"event_name":"WeMeetAgain","player_choice":"Gave Potion","floor":30.0,"gold_loss":0.0,"damage_taken":0.0,"relics_obtained":["Nunchaku"]},{"damage_healed":0.0,"max_hp_gain":0.0,"max_hp_loss":0.0,"gold_gain":0.0,"event_name":"Tomb of Lord Red Mask","player_choice":"Paid","floor":41.0,"gold_loss":64.0,"damage_taken":0.0,"relics_obtained":["Red Mask"]},{"damage_healed":0,"gold_gain":0,"player_choice":"Fight","damage_taken":0,"max_hp_gain":0,"max_hp_loss":0,"event_name":"Mysterious Sphere","floor":48,"gold_loss":0},{"damage_healed":0,"gold_gain":0,"player_choice":"Ignored","damage_taken":0,"max_hp_gain":0,"max_hp_loss":0,"event_name":"SecretPortal","floor":49,"gold_loss":0}],"is_beta":false,"boss_relics":[{"not_picked":["SacredBark","Philosopher\u0027s Stone"],"picked":"Nuclear Battery"},{"not_picked":["SlaversCollar","Coffee Dripper"],"picked":"FrozenCore"}],"items_purged_floors":[2,8,40],"is_endless":false,"potions_floor_spawned":[3,6,11,13,17,20,31,34,39,42,50],"ascension_level":11}}