{"host":"61y0z9o9vf3ujftj","time":1611574324,"event":{"mods":["BaseMod","Colored Map","Colored Powertips","GifTheSpireLib","HexUI Lib","Highlight Path","Minty Spire (QoL Compilation)","Relic Stats","StSLib","ojb\u0027s Info Mod"],"gold_per_floor":[111,124,142,153,3,37,37,54,54,88,163,189,209,209,209,310,310,328,348,122,134,160,192,192,205,505,530,542,542,585,613,613,613,613],"floor_reached":33,"language":"ENG","playtime":2275,"items_purged":["DevaForm"],"score":613,"play_id":"c2b4d07a-4d06-4461-8353-16a0e03d54b4","local_time":"20210125053204","is_ascension_mode":true,"campfire_choices":[{"data":"Eruption","floor":7.0,"key":"SMITH"},{"floor":15.0,"key":"REST"},{"data":"CutThroughFate","floor":32.0,"key":"SMITH"}],"circlet_count":0,"master_deck":["Eruption+1","Vigilance","Consecrate","ReachHeaven","EmptyFist","FlurryOfBlows","CutThroughFate+1","SashWhip","FearNoEvil","Conclude","BowlingBash","DevaForm","Indignation","Fasting2","FearNoEvil","Evaluate","SignatureMove","Conclude","EmptyMind","Crescendo+1","InnerPeace+1","ThirdEye+1","CutThroughFate+1","Tantrum+1"],"relics":["VioletLotus","Lantern","Orichalcum","Blue Candle","CaptainsWheel","Letter Opener","Ancient Tea Set","Pandora\u0027s Box","Bag of Preparation","Red Mask","MealTicket","Nilry\u0027s Codex","Old Coin","CeramicFish","Meat on the Bone"],"acts_visited":["Exordium","TheCity"],"potions_floor_usage":[33],"damage_taken":[{"damage":4.0,"enemies":"Jaw Worm","floor":1.0,"turns":6.0},{"damage":5.0,"enemies":"Cultist","floor":2.0,"turns":4.0},{"damage":0.0,"enemies":"2 Louse","floor":3.0,"turns":2.0},{"damage":11.0,"enemies":"Blue Slaver","floor":4.0,"turns":3.0},{"damage":8.0,"enemies":"Gremlin Nob","floor":6.0,"turns":3.0},{"damage":1.0,"enemies":"2 Fungi Beasts","floor":8.0,"turns":2.0},{"damage":9.0,"enemies":"3 Sentries","floor":10.0,"turns":4.0},{"damage":7.0,"enemies":"Lagavulin","floor":12.0,"turns":5.0},{"damage":1.0,"enemies":"Large Slime","floor":13.0,"turns":4.0},{"damage":2.0,"enemies":"Hexaghost","floor":16.0,"turns":5.0},{"damage":4.0,"enemies":"Chosen","floor":18.0,"turns":3.0},{"damage":8.0,"enemies":"2 Thieves","floor":19.0,"turns":3.0},{"damage":4.0,"enemies":"Snake Plant","floor":21.0,"turns":2.0},{"damage":0.0,"enemies":"Masked Bandits","floor":22.0,"turns":2.0},{"damage":1.0,"enemies":"Book of Stabbing","floor":23.0,"turns":2.0},{"damage":0.0,"enemies":"Chosen and Byrds","floor":25.0,"turns":3.0},{"damage":0.0,"enemies":"Slavers","floor":27.0,"turns":2.0},{"damage":2.0,"enemies":"3 Cultists","floor":28.0,"turns":4.0},{"damage":15.0,"enemies":"Book of Stabbing","floor":30.0,"turns":3.0},{"damage":0.0,"enemies":"Centurion and Healer","floor":31.0,"turns":2.0},{"damage":28,"enemies":"Automaton","floor":33,"turns":5}],"seed_played":"-8814912177647053219","potions_obtained":[{"floor":2.0,"key":"AttackPotion"},{"floor":4.0,"key":"EntropicBrew"},{"floor":8.0,"key":"Dexterity Potion"},{"floor":12.0,"key":"FearPotion"},{"floor":21.0,"key":"Dexterity Potion"},{"floor":22.0,"key":"AttackPotion"},{"floor":25.0,"key":"EssenceOfSteel"},{"floor":27.0,"key":"Explosive Potion"}],"is_trial":false,"path_per_floor":["M","M","M","M","$","E","R","M","T","E","?","E","M","?","R","B",null,"M","M","$","M","?","E","?","M","T","E","M","?","E","M","R","B"],"character_chosen":"WATCHER","items_purchased":["Lantern","Bag of Preparation"],"campfire_rested":1,"item_purchase_floors":[5,20],"current_hp_per_floor":[61,56,56,45,45,37,37,36,36,27,20,13,12,5,26,24,60,56,48,48,44,44,43,27,27,27,27,25,25,10,22,22,0,0],"gold":613,"neow_bonus":"BOSS_RELIC","is_daily":false,"chose_seed":false,"campfire_upgraded":2,"win_rate":0.0,"timestamp":1611574324,"path_taken":["M","M","M","M","$","E","R","M","T","E","?","E","?","?","R","BOSS","M","M","$","M","?","E","?","M","T","E","M","?","E","M","R","BOSS"],"items_purchased_type":["Relic","Relic"],"build_version":"2020-12-22","purchased_purges":1,"victory":false,"max_hp_per_floor":[72,72,72,72,72,72,72,72,72,72,72,72,72,72,72,72,72,72,72,72,72,72,72,72,72,72,72,72,72,72,72,72,72,72],"relic_stats":{"counters":[21,69],"Blue Candle":[0],"CeramicFish":18,"Pandora\u0027s Box":["DevaForm","Indignation","Fasting2","FearNoEvil","Evaluate","SignatureMove","Conclude","EmptyMind"],"MealTicket":0,"VioletLotus":[20],"Bag of Preparation":[18],"Letter Opener":[65],"Orichalcum":[78],"obtain_stats":[{"Lantern":5,"Nilry\u0027s Codex":24,"Blue Candle":9,"CeramicFish":27,"Bag of Preparation":20,"Letter Opener":12,"Orichalcum":6,"Ancient Tea Set":14,"Old Coin":26,"CaptainsWheel":10,"Pandora\u0027s Box":17,"MealTicket":23,"VioletLotus":0,"Red Mask":22,"PureWater":0,"Meat on the Bone":30},{"Lantern":4,"Nilry\u0027s Codex":15,"Blue Candle":6,"CeramicFish":17,"Bag of Preparation":12,"Letter Opener":8,"Orichalcum":5,"Ancient Tea Set":9,"Old Coin":16,"CaptainsWheel":7,"Pandora\u0027s Box":10,"MealTicket":15,"VioletLotus":0,"Red Mask":14,"PureWater":0,"Meat on the Bone":19},{"Lantern":15,"Nilry\u0027s Codex":50,"Blue Candle":20,"CeramicFish":55,"Bag of Preparation":44,"Letter Opener":29,"Orichalcum":18,"Ancient Tea Set":33,"Old Coin":53,"CaptainsWheel":24,"Pandora\u0027s Box":38,"MealTicket":50,"VioletLotus":0,"Red Mask":48,"PureWater":0,"Meat on the Bone":62}],"Meat on the Bone":12},"card_choices":[{"not_picked":["Evaluate","PathToVictory"],"picked":"Consecrate","floor":1.0},{"not_picked":["Pray","JustLucky"],"picked":"ReachHeaven","floor":2.0},{"not_picked":["BowlingBash","Consecrate"],"picked":"EmptyFist","floor":3.0},{"not_picked":["FlyingSleeves","Protect"],"picked":"FlurryOfBlows","floor":4.0},{"not_picked":["CrushJoints","Worship"],"picked":"CutThroughFate","floor":6.0},{"not_picked":["Alpha","EmptyBody"],"picked":"SashWhip","floor":8.0},{"not_picked":["Nirvana","FlyingSleeves"],"picked":"FearNoEvil","floor":10.0},{"not_picked":["ClearTheMind","Alpha"],"picked":"Conclude","floor":12.0},{"not_picked":["Evaluate","EmptyMind"],"picked":"BowlingBash","floor":13.0},{"not_picked":["MasterReality","ConjureBlade"],"picked":"DevaForm","floor":16.0},{"not_picked":["ClearTheMind","FlyingSleeves"],"picked":"Crescendo+1","floor":18.0},{"not_picked":["WindmillStrike+1","CrushJoints"],"picked":"InnerPeace+1","floor":19.0},{"not_picked":["WindmillStrike","SandsOfTime+1","FearNoEvil+1"],"picked":"SKIP","floor":21.0},{"not_picked":["Prostrate","Fasting2"],"picked":"ThirdEye+1","floor":22.0},{"not_picked":["EmptyBody","FlyingSleeves","WaveOfTheHand"],"picked":"SKIP","floor":23.0},{"not_picked":["Prostrate","ThirdEye","EmptyMind"],"picked":"SKIP","floor":25.0},{"not_picked":["CarveReality","ClearTheMind+1","WindmillStrike+1"],"picked":"SKIP","floor":27.0},{"not_picked":["JustLucky","ReachHeaven","FlyingSleeves"],"picked":"SKIP","floor":28.0},{"not_picked":["Prostrate","SashWhip"],"picked":"CutThroughFate+1","floor":30.0},{"not_picked":["Collect+1","SashWhip+1"],"picked":"Tantrum+1","floor":31.0}],"player_experience":407376,"relics_obtained":[{"floor":6.0,"key":"Orichalcum"},{"floor":9.0,"key":"Blue Candle"},{"floor":10.0,"key":"CaptainsWheel"},{"floor":12.0,"key":"Letter Opener"},{"floor":22.0,"key":"Red Mask"},{"floor":23.0,"key":"MealTicket"},{"floor":24.0,"key":"Nilry\u0027s Codex"},{"floor":26.0,"key":"Old Coin"},{"floor":27.0,"key":"CeramicFish"},{"floor":30.0,"key":"Meat on the Bone"}],"event_choices":[{"damage_healed":0.0,"max_hp_gain":0.0,"max_hp_loss":0.0,"gold_gain":75.0,"event_name":"FaceTrader","player_choice":"Touch","floor":11.0,"gold_loss":0.0,"damage_taken":7.0},{"damage_healed":0.0,"max_hp_gain":0.0,"max_hp_loss":0.0,"gold_gain":0.0,"event_name":"Scrap Ooze","player_choice":"Success","floor":14.0,"gold_loss":0.0,"damage_taken":7.0,"relics_obtained":["Ancient Tea Set"]},{"damage_healed":0.0,"max_hp_gain":0.0,"max_hp_loss":0.0,"gold_gain":0.0,"event_name":"Masked Bandits","player_choice":"Fought Bandits","floor":22.0,"gold_loss":0.0,"damage_taken":0.0},{"damage_healed":0.0,"max_hp_gain":0.0,"max_hp_loss":0.0,"gold_gain":0.0,"event_name":"Cursed Tome","player_choice":"Obtained Book","floor":24.0,"gold_loss":0.0,"damage_taken":16.0},{"damage_healed":0.0,"max_hp_gain":0.0,"max_hp_loss":0.0,"gold_gain":0.0,"event_name":"Vampires","player_choice":"Ignored","floor":29.0,"gold_loss":0.0,"damage_taken":0.0}],"is_beta":false,"boss_relics":[{"not_picked":["Tiny House","Sozu"],"picked":"Pandora\u0027s Box"}],"items_purged_floors":[20],"is_endless":false,"potions_floor_spawned":[2,4,6,8,12,21,22,25,27],"killed_by":"Automaton","ascension_level":7}}