{"host":"np9ouipdmi0bkas5","time":1611592758,"event":{"mods":["AchievementEnabler","Aspiration","BaseMod","Colored Map","Downfall","Highlight Path","Hubris","Infinite Spire","Minty Spire (QoL Compilation)","Replay The Spire","StSLib"],"gold_per_floor":[111,61,161,177,187,218,218,229,274,274,306,321,321,356,356,452,452,467,243,168,168,187,219,106,140,212,212,244,244,244,274,274,373,373,391,391,407,422,422,451,451,451,451],"floor_reached":42,"language":"ENG","playtime":2538,"items_purged":["Terror","Cloak And Dagger","ReplayTheSpireMod:Shiv Toss"],"score":645,"play_id":"bfd92e6a-7e12-4315-a051-279b56a90167","local_time":"20210125083918","daily_mods":["SealedDeck","Heirloom","Flight","Elite Swarm"],"is_ascension_mode":false,"campfire_choices":[{"data":"Infinite Blades","floor":7,"key":"SMITH"},{"data":"Calculated Gamble","floor":10,"key":"SMITH"},{"floor":13,"key":"REST"},{"floor":15,"key":"REST"},{"floor":27,"key":"REST"},{"floor":30,"key":"REST"},{"data":"Burst","floor":32,"key":"SMITH"},{"data":"Hidden Blade","floor":41,"key":"SMITH"}],"circlet_count":0,"master_deck":["Hidden Blade+1","Deflect","Calculated Gamble+1","Deflect","Hidden Blade","Blade Dance","Infinite Blades+1","Acrobatics","Adrenaline","Burst+1","Burst","Adrenaline","Acrobatics","Calculated Gamble+1"],"relics":["Unceasing Top","Tingsha","infinitespire:PuzzleCube","Whetstone","Sozu","Membership Card","Orichalcum","MutagenicStrength","aspiration:ChemicalBlood","Replay:Baseball","Vajra","Replay:Bottled Snecko","Omamori","Prayer Wheel","HoveringKite","Happy Flower","StoneCalendar"],"acts_visited":["Exordium","TheCity","TheBeyond"],"potions_floor_usage":[6,16,16,23,42],"damage_taken":[{"damage":0,"enemies":"Cultist","floor":1,"turns":3},{"damage":0,"enemies":"Small Slimes","floor":4,"turns":3},{"damage":0,"enemies":"2 Louse","floor":5,"turns":1},{"damage":10,"enemies":"3 Sentries","floor":6,"turns":5},{"damage":0,"enemies":"Blue Slaver","floor":8,"turns":2},{"damage":10,"enemies":"Gremlin Nob","floor":11,"turns":3},{"damage":2,"enemies":"2 Fungi Beasts","floor":12,"turns":2},{"damage":15,"enemies":"3 Sentries","floor":14,"turns":3},{"damage":18,"enemies":"Slime Boss","floor":16,"turns":6},{"damage":0,"enemies":"Spheric Guardian","floor":18,"turns":2},{"damage":0,"enemies":"2 Thieves","floor":22,"turns":2},{"damage":12,"enemies":"Gremlin Leader","floor":23,"turns":4},{"damage":17,"enemies":"Book of Stabbing","floor":25,"turns":4},{"damage":16,"enemies":"Slavers","floor":28,"turns":2},{"damage":0,"enemies":"Gremlin Leader","floor":31,"turns":2},{"damage":0,"enemies":"Champ","floor":33,"turns":3},{"damage":0,"enemies":"3 Shapes","floor":35,"turns":1},{"damage":0,"enemies":"Orb Walker","floor":37,"turns":1},{"damage":2,"enemies":"Sphere and 2 Shapes","floor":38,"turns":2},{"damage":0,"enemies":"Reptomancer","floor":40,"turns":1},{"damage":72,"enemies":"R_Hoarder","floor":42,"turns":7}],"seed_played":"-6079825857458996890","potions_obtained":[{"floor":1,"key":"Weak Potion"},{"floor":4,"key":"Fire Potion"},{"floor":8,"key":"sneckomod:MuddlingPotion"},{"floor":12,"key":"Swift Potion"},{"floor":16,"key":"Dexterity Potion"}],"is_trial":true,"path_per_floor":["M","?","?","M","M","E","R","M","T","R","E","M","R","E","R","B",null,"M","$","?","?","M","E","$","E","T","R","E","AVR","R","E","R","B",null,"M","?","M","M","AVR","E","R","E"],"character_chosen":"THE_SILENT","items_purchased":["Membership Card","Orichalcum","Replay:Baseball"],"campfire_rested":4,"item_purchase_floors":[19,19,24],"current_hp_per_floor":[70,70,70,70,70,60,60,60,60,60,50,48,69,54,70,52,70,70,70,70,70,70,58,58,41,41,62,46,46,67,67,67,67,70,70,70,70,68,68,68,68,0,0],"gold":451,"neow_bonus":"","is_daily":false,"chose_seed":false,"campfire_upgraded":4,"win_rate":0.0,"timestamp":1611592758,"path_taken":["M","?","?","M","?","E","R","M","T","R","E","M","R","E","R","BOSS","M","$","?","?","M","E","$","E","T","R","E","AVR","R","E","R","BOSS","M","?","?","?","AVR","E","R","E"],"items_purchased_type":["Relic","Relic","Relic"],"build_version":"2020-12-22","purchased_purges":3,"victory":false,"max_hp_per_floor":[70,70,70,70,70,70,70,70,70,70,70,70,70,70,70,70,70,70,70,70,70,70,70,70,70,70,70,70,70,70,70,70,70,70,70,70,70,70,70,70,70,70,70],"card_choices":[{"not_picked":["Sneak Up","Finisher"],"picked":"hubris:SlightOfHand","floor":1},{"not_picked":["Sneak Up","Poisoned Stab"],"picked":"Acrobatics","floor":4},{"not_picked":["Dagger Spray","Deadly Poison"],"picked":"Adrenaline","floor":5},{"not_picked":["Grand Finale","Night Terror","Wraith Form v2"],"picked":"SKIP","floor":6},{"not_picked":["ReplayTheSpireMod:Exploit Weakness","Dodge and Roll","Bane"],"picked":"SKIP","floor":8},{"not_picked":["Doppelganger","Atom Bomb"],"picked":"Burst","floor":11},{"not_picked":["Underhanded Strike","PiercingWail","ReplayTheSpireMod:Speed Training"],"picked":"SKIP","floor":12},{"not_picked":["Atom Bomb","Unload","Bullet Time"],"picked":"SKIP","floor":14},{"not_picked":["Replay:Bag of Tricks","A Thousand Cuts"],"picked":"Burst","floor":16},{"not_picked":["Terror","Underhanded Strike","Quick Slash+1"],"picked":"SKIP","floor":18},{"not_picked":["Quick Slash","Underhanded Strike","Cloak And Dagger"],"picked":"SKIP","floor":22},{"not_picked":["aspiration:Lunge","Grand Finale","infinitespire:Neurotoxin"],"picked":"SKIP","floor":23},{"not_picked":["aspiration:Lunge","Grand Finale","infinitespire:Neurotoxin"],"picked":"SKIP","floor":23},{"not_picked":["Unload","Envenom"],"picked":"Adrenaline","floor":25},{"not_picked":["After Image","A Thousand Cuts","Die Die Die"],"picked":"SKIP","floor":28},{"not_picked":["Wraith Form v2","Replay:Bag of Tricks","Atom Bomb"],"picked":"SKIP","floor":31},{"not_picked":["Toxin Wave","Tactician+1"],"picked":"Acrobatics","floor":35},{"not_picked":["Heel Hook+1","Dodge and Roll+1","Escape Plan+1"],"picked":"SKIP","floor":35},{"not_picked":["Heel Hook+1","Dodge and Roll+1","Escape Plan+1"],"picked":"SKIP","floor":35},{"not_picked":["Quick Slash","Blur+1"],"picked":"ReplayTheSpireMod:Shiv Toss","floor":37},{"not_picked":["Backflip","Slice","Deadly Poison+1"],"picked":"SKIP","floor":37},{"not_picked":["Escape Plan+1","Bane","Dagger Spray+1"],"picked":"SKIP","floor":38},{"not_picked":["Sucker Punch","Cloak And Dagger+1","Underhanded Strike"],"picked":"SKIP","floor":38},{"not_picked":["Tools of the Trade","Phantasmal Killer","Malaise"],"picked":"SKIP","floor":40}],"player_experience":68432,"relics_obtained":[{"floor":6,"key":"infinitespire:PuzzleCube"},{"floor":11,"key":"Whetstone"},{"floor":23,"key":"aspiration:ChemicalBlood"},{"floor":25,"key":"Vajra"},{"floor":26,"key":"Replay:Bottled Snecko"},{"floor":28,"key":"Omamori"},{"floor":40,"key":"StoneCalendar"}],"event_choices":[{"cards_removed":["Acrobatics"],"damage_healed":0,"gold_gain":0,"player_choice":"Card Removal","damage_taken":0,"max_hp_gain":0,"max_hp_loss":0,"event_name":"The Cleric","floor":2,"gold_loss":50},{"damage_healed":0,"gold_gain":100,"player_choice":"Pray","damage_taken":0,"max_hp_gain":0,"max_hp_loss":0,"event_name":"Golden Shrine","floor":3,"gold_loss":0},{"cards_removed":["hubris:SlightOfHand"],"damage_healed":0,"gold_gain":0,"player_choice":"Gave Gold","damage_taken":0,"max_hp_gain":0,"max_hp_loss":0,"event_name":"Beggar","floor":20,"gold_loss":75},{"damage_healed":0,"gold_gain":0,"player_choice":"Inject Mutagens","damage_taken":0,"relics_obtained":["MutagenicStrength"],"max_hp_gain":0,"max_hp_loss":0,"event_name":"Drug Dealer","floor":21,"gold_loss":0},{"damage_healed":0,"gold_gain":0,"player_choice":"Copied","damage_taken":0,"max_hp_gain":0,"max_hp_loss":0,"event_name":"Duplicator","floor":36,"gold_loss":0,"cards_obtained":["Calculated Gamble"]}],"is_beta":false,"boss_relics":[{"not_picked":["Philosopher\u0027s Stone","infinitespire:Cupcake"],"picked":"Sozu"},{"not_picked":["hubris:Backtick","Ring of Chaos"],"picked":"HoveringKite"}],"items_purged_floors":[24,29,39],"is_endless":false,"potions_floor_spawned":[1,4,8,12,16,28,35,37],"killed_by":"R_Hoarder","ascension_level":0}}