{"host":"s9n53dspxjwkh5no","time":1611536107,"event":{"mods":["AchievementEnabler","Aspiration","Bard","BaseMod","Beaked The Cultist","Better Altar","Better Match","Better Note","Better Sensory Stone","Better Skull","Better Third Choice","BetterRewards","Colored Map","Colored Powertips","Conspire","Dio Mod","Disable Question Mark Monsters","Downfall","Energized Spire","Halation","Hermit","Hubris","Jorbs\u0027s Wanderer Trilogy","Koishi","Marisa????????","Marked Mod","Melee Mod","Minty Spire (QoL Compilation)","Quarter Circle Forward PUNCH!","Quick Restart","RRrroohrrRGHHhhh!!","Random Character Button","Rare Cards Sparkle","Reimu??????","Relic Stats","Remilia??????","Replay The Spire","Shade Mod","Small Relic Pack","Spicy Shops","Spire Arcade","StSLib","The Animator","The Bug Knight","The Construct","The Disciple","The Hierophant","The Mystic","The Problem Sleuth","The Runesmith","The Senshi","The Servant 0.9.4","The Valiant","The Wild Card","TheBandit","TheVacant","Wandering Minibosses"],"gold_per_floor":[111,130,130,54,54,54,86,106,106,126,126,126,146,27,27,132,132,142,160,190,190,209,209,224,234,259,284,284,284,284,284,284],"floor_reached":31,"language":"ENG","playtime":1458,"items_purged":[],"score":300,"play_id":"1adbcb13-2a5f-4902-8d18-1d4728ae05e1","local_time":"20210124175507","is_ascension_mode":false,"campfire_choices":[{"data":"rorgmod:Follow-Up","floor":6.0,"key":"SMITH"},{"floor":12.0,"key":"REST"},{"floor":15.0,"key":"REST"},{"floor":23.0,"key":"REST"}],"circlet_count":0,"master_deck":["Strike_P","Strike_P","Strike_P","Strike_P","Defend_P","Defend_P","Defend_P","Defend_P","Eruption","Vigilance","rorgmod:Follow-Up+1","CrushJoints","Consecrate","MarkedMod:FirstStrike","Replay:LoomingThreat","MarkedMod:GentlePulse+1","Conclude","Prostrate","MarkedMod:PinPointDefense","SashWhip","SashWhip","MarkedMod:ChiBlock","Replay:BluntJabs","MarkedMod:GracefulMovements+1","WindmillStrike+1","Worship","Halt+1","Swivel","Prostrate+1","Perseverance"],"relics":["PureWater","NeowsBlessing","halation:EternalFortune","hubris:Icosahedron","halation:AfternoonTea","Replay:Grab Bag","beaked:SacredNecklace","beaked:MawFillet","Black Star","HollowMod:QueensCombRelic","MarkedMod:AcupunctureKit","Bag of Preparation","aspiration:ArtOfWarUpgrade","Potion Belt","conspire:BottledYoYo"],"acts_visited":["Exordium","TheCity"],"potions_floor_usage":[27],"damage_taken":[{"damage":0.0,"enemies":"Jaw Worm","floor":1.0,"turns":1.0},{"damage":0.0,"enemies":"Small Slimes","floor":2.0,"turns":1.0},{"damage":0.0,"enemies":"3 Sentries","floor":7.0,"turns":1.0},{"damage":0.0,"enemies":"Cultist","floor":8.0,"turns":2.0},{"damage":12.0,"enemies":"3 Louse","floor":10.0,"turns":3.0},{"damage":8.0,"enemies":"Large Slime","floor":13.0,"turns":4.0},{"damage":56.0,"enemies":"The Guardian","floor":16.0,"turns":9.0},{"damage":11.0,"enemies":"conspire:FuzzyDice","floor":18.0,"turns":5.0},{"damage":15.0,"enemies":"Chosen","floor":19.0,"turns":4.0},{"damage":35.0,"enemies":"Replay:Snechameleon","floor":20.0,"turns":7.0},{"damage":2.0,"enemies":"conspire:HollyBat","floor":22.0,"turns":6.0},{"damage":17,"enemies":"Snake Plant","floor":24,"turns":4},{"damage":20,"enemies":"Cultist and Chosen","floor":25,"turns":4},{"damage":27,"enemies":"conspire:Head Lice","floor":27,"turns":9},{"damage":0,"enemies":"Centurion and Healer","floor":31,"turns":1}],"seed_played":"1913969429448876884","potions_obtained":[{"floor":10.0,"key":"LifebloodPotion"},{"floor":13.0,"key":"Regen Potion"},{"floor":18.0,"key":"SpeedPotion"},{"floor":20.0,"key":"construct:ShiftPotion"},{"floor":24,"key":"SteroidPotion"},{"floor":25,"key":"champ:CounterPotion"}],"is_trial":false,"path_per_floor":["M","M","?","$","?","R","E","M","T","M","?","R","M","$","R","B",null,"M","M","E","?","M","R","M","M","T","E","R","?","R","M"],"character_chosen":"WATCHER","items_purchased":["Consecrate","MarkedMod:FirstStrike","MarkedMod:PinPointDefense","SashWhip"],"campfire_rested":3,"item_purchase_floors":[4,4,14,14],"current_hp_per_floor":[72,72,75,75,75,75,75,75,75,63,63,75,77,77,78,42,78,67,55,20,20,34,50,44,34,34,15,15,15,15,19,19],"gold":284,"neow_bonus":"THREE_ENEMY_KILL","is_daily":false,"chose_seed":false,"campfire_upgraded":1,"win_rate":0.0,"timestamp":1611536107,"path_taken":["M","M","?","$","?","R","E","M","T","M","?","R","M","$","R","BOSS","M","?","E","?","M","R","M","M","T","E","R","?","R","?"],"items_purchased_type":["Card","Card","Card","Card"],"build_version":"2020-12-22","purchased_purges":0,"victory":false,"max_hp_per_floor":[72,72,75,75,75,75,75,75,75,75,75,75,78,78,78,78,78,78,81,54,54,54,54,54,54,54,54,54,54,54,54,54],"relic_stats":{"counters":[15,61],"Black Star":2,"Bag of Preparation":[10],"obtain_stats":[{"Potion Belt":27,"HollowMod:QueensCombRelic":20,"NeowsBlessing":0,"Replay:Grab Bag":17,"beaked:SacredNecklace":17,"Bag of Preparation":21,"MarkedMod:AcupunctureKit":20,"hubris:Icosahedron":5,"halation:EternalFortune":3,"beaked:MawFillet":17,"aspiration:ArtOfWarUpgrade":30,"Black Star":17,"Art of War":26,"conspire:BottledYoYo":27,"halation:AfternoonTea":7,"PureWater":0},{"Potion Belt":14,"HollowMod:QueensCombRelic":10,"NeowsBlessing":0,"Replay:Grab Bag":7,"beaked:SacredNecklace":7,"Bag of Preparation":10,"MarkedMod:AcupunctureKit":10,"hubris:Icosahedron":2,"halation:EternalFortune":2,"beaked:MawFillet":7,"aspiration:ArtOfWarUpgrade":14,"Black Star":7,"Art of War":13,"conspire:BottledYoYo":14,"halation:AfternoonTea":3,"PureWater":0},{"Potion Belt":60,"HollowMod:QueensCombRelic":37,"NeowsBlessing":0,"Replay:Grab Bag":21,"beaked:SacredNecklace":21,"Bag of Preparation":37,"MarkedMod:AcupunctureKit":37,"hubris:Icosahedron":2,"halation:EternalFortune":2,"beaked:MawFillet":21,"aspiration:ArtOfWarUpgrade":60,"Black Star":21,"Art of War":51,"conspire:BottledYoYo":60,"halation:AfternoonTea":3,"PureWater":0}]},"card_choices":[{"not_picked":["CutThroughFate","Evaluate"],"picked":"rorgmod:Follow-Up","floor":1.0},{"not_picked":["EmptyBody","MentalFortress"],"picked":"CrushJoints","floor":2.0},{"not_picked":["Crescendo","CrushJoints"],"picked":"Replay:LoomingThreat","floor":7.0},{"not_picked":["Sanctity","BowlingBash"],"picked":"MarkedMod:GentlePulse","floor":8.0},{"not_picked":["BowlingBash","BattleHymn"],"picked":"Conclude","floor":10.0},{"not_picked":["CutThroughFate","WreathOfFlame"],"picked":"Prostrate","floor":13.0},{"not_picked":["Wish","DeusExMachina"],"picked":"MarkedMod:ChiBlock","floor":16.0},{"not_picked":["Protect+1","Prostrate"],"picked":"Replay:BluntJabs","floor":18.0},{"not_picked":["ClearTheMind","ThirdEye+1"],"picked":"MarkedMod:GracefulMovements+1","floor":19.0},{"not_picked":["Establishment","CutThroughFate"],"picked":"WindmillStrike+1","floor":20.0},{"not_picked":["Crescendo","Nirvana"],"picked":"Worship","floor":22.0},{"not_picked":["ForeignInfluence","Protect"],"picked":"Halt+1","floor":24},{"not_picked":["LikeWater","Adaptation+1"],"picked":"Swivel","floor":25},{"not_picked":["Replay:AtTheReady+1","ClearTheMind+1"],"picked":"Prostrate+1","floor":27}],"player_experience":380721,"relics_obtained":[{"floor":7.0,"key":"halation:AfternoonTea"},{"floor":13.0,"key":"halation:EternalFortune"},{"floor":19.0,"key":"halation:EternalFortune"},{"floor":20.0,"key":"HollowMod:QueensCombRelic"},{"floor":20.0,"key":"MarkedMod:AcupunctureKit"},{"floor":26,"key":"Art of War"},{"floor":27,"key":"Potion Belt"},{"floor":27,"key":"conspire:BottledYoYo"}],"event_choices":[{"damage_healed":0.0,"max_hp_gain":0.0,"max_hp_loss":0.0,"gold_gain":0.0,"event_name":"Accursed Blacksmith","player_choice":"Forge","floor":11.0,"gold_loss":0.0,"damage_taken":0.0,"cards_upgraded":["MarkedMod:GentlePulse"]},{"damage_healed":0.0,"max_hp_gain":0.0,"max_hp_loss":0.0,"gold_gain":0.0,"event_name":"WeMeetAgain","player_choice":"Gave Potion","floor":21.0,"gold_loss":0.0,"damage_taken":0.0,"relics_obtained":["Bag of Preparation"]},{"cards_removed":["Worship"],"damage_healed":0,"gold_gain":0,"player_choice":"Take \u0026 Give","damage_taken":0,"max_hp_gain":0,"max_hp_loss":0,"event_name":"betterNote:BetterNote","floor":29,"gold_loss":0,"cards_obtained":["Perseverance"]}],"is_beta":false,"boss_relics":[{"not_picked":["SacredBark","Kintsugi"],"picked":"Replay:Grab Bag"},{"not_picked":["halation:CatFaceCupcake","Philosopher\u0027s Stone"],"picked":"beaked:SacredNecklace"},{"not_picked":["hubris:CrackedHourglass","halation:ForbiddenBikini"],"picked":"beaked:MawFillet"},{"not_picked":["conspire:SpecialSausage","relicPack:StarArrow"],"picked":"Black Star"}],"items_purged_floors":[],"is_endless":false,"potions_floor_spawned":[10,13,18,20,24,25],"killed_by":"Centurion and Healer","ascension_level":0}}