{"host":"sc0o2qwpf9j16a4i","time":1611596802,"event":{"mods":["AchievementEnabler","BaseMod","BetterRewards","Block Reminder","Colored Map","Colored Powertips","Custom Start","Highlight Path","Minty Spire (QoL Compilation)","Relic Stats"],"gold_per_floor":[115,129,129,129,172,232,312,390,417,444,444,469,526,13,13,148,148,188,188,222,346,125,227,287,328,628,720,836,936,1043,1146,1146,1350,1350,1436,1543,1569,1569,1692,1692,1793,1793,1793,1897,1214,81,139,176,176,176],"floor_reached":51,"language":"ENG","playtime":2852,"items_purged":["Alpha+1","LessonLearned+1"],"score":1460,"play_id":"703a78fa-1e94-4b69-8126-01ef8a3e7fd9","local_time":"20210125194642","daily_mods":["Shiny","Flight","DeadlyEvents"],"is_ascension_mode":false,"campfire_choices":[{"floor":11,"key":"REST"},{"data":"Apotheosis","floor":15,"key":"SMITH"},{"floor":32,"key":"DIG"},{"floor":40,"key":"DIG"},{"floor":42,"key":"DIG"},{"floor":49,"key":"DIG"}],"circlet_count":0,"master_deck":["ConjureBlade+1","MasterReality+1","Brilliance","Devotion","Blasphemy+1","Ragnarok","Scrawl","Vault+1","Wish+1","Omniscience","Establishment","SpiritShield+1","DevaForm+1","DeusExMachina","FearNoEvil+1","LikeWater+1","InnerPeace+1","SandsOfTime+1","WaveOfTheHand+1","ClearTheMind","Apotheosis+1","Wish+1","Vault+1","ReachHeaven+1","WheelKick+1","BattleHymn","CutThroughFate+1","DeusExMachina","Devotion","Sanctity+1","TalkToTheHand+1","WheelKick+1","ClearTheMind+1","Worship","Fasting2+1","WheelKick","Fasting2+1","DeceiveReality","Secret Weapon","SpiritShield","WheelKick+1","Wish"],"relics":["PureWater","Art of War","Bag of Marbles","Smiling Mask","MealTicket","Blood Vial","Bird Faced Urn","Ancient Tea Set","Strawberry","Anchor","DollysMirror","Black Star","Regal Pillow","Happy Flower","Boot","Bronze Scales","Vajra","Darkstone Periapt","CeramicFish","InkBottle","Gremlin Horn","Mummified Hand","Dead Branch","Old Coin","Shovel","Whetstone","Ginger","Lantern","Dream Catcher","Fusion Hammer","TungstenRod","Gambling Chip","Akabeko","HornCleat","Omamori","Thread and Needle","Torii","Oddly Smooth Stone","StrikeDummy","Centennial Puzzle","Frozen Egg 2","Sling","Pen Nib","Toy Ornithopter","Pantograph","Prayer Wheel","FossilizedHelix","Bottled Tornado","Du-Vu Doll"],"acts_visited":["Exordium","TheCity","TheBeyond"],"potions_floor_usage":[6,10,10,16,16,25,25,33,36,39,41,46,50],"damage_taken":[{"damage":0,"enemies":"2 Louse","floor":1,"turns":1},{"damage":0,"enemies":"Small Slimes","floor":2,"turns":2},{"damage":6,"enemies":"Jaw Worm","floor":5,"turns":3},{"damage":0,"enemies":"Lagavulin","floor":6,"turns":5},{"damage":30,"enemies":"Gremlin Nob","floor":7,"turns":7},{"damage":13,"enemies":"Lagavulin","floor":8,"turns":8},{"damage":0,"enemies":"Gremlin Nob","floor":10,"turns":3},{"damage":0,"enemies":"Lagavulin","floor":13,"turns":4},{"damage":32,"enemies":"Hexaghost","floor":16,"turns":7},{"damage":6,"enemies":"Chosen","floor":18,"turns":7},{"damage":25,"enemies":"Gremlin Leader","floor":20,"turns":7},{"damage":19,"enemies":"Book of Stabbing","floor":21,"turns":6},{"damage":29,"enemies":"Gremlin Leader","floor":23,"turns":8},{"damage":14,"enemies":"Slavers","floor":24,"turns":3},{"damage":18,"enemies":"Book of Stabbing","floor":25,"turns":7},{"damage":0,"enemies":"Slavers","floor":27,"turns":4},{"damage":0,"enemies":"Book of Stabbing","floor":28,"turns":5},{"damage":0,"enemies":"Spheric Guardian","floor":29,"turns":6},{"damage":6,"enemies":"Shelled Parasite and Fungi","floor":30,"turns":2},{"damage":9,"enemies":"Snake Plant","floor":31,"turns":3},{"damage":0,"enemies":"Champ","floor":33,"turns":3},{"damage":0,"enemies":"3 Darklings","floor":35,"turns":4},{"damage":0,"enemies":"2 Orb Walkers","floor":36,"turns":2},{"damage":0,"enemies":"Orb Walker","floor":37,"turns":1},{"damage":0,"enemies":"Giant Head","floor":39,"turns":3},{"damage":5,"enemies":"Nemesis","floor":41,"turns":6},{"damage":0,"enemies":"Giant Head","floor":44,"turns":4},{"damage":0,"enemies":"3 Darklings","floor":47,"turns":4},{"damage":0,"enemies":"Nemesis","floor":48,"turns":3},{"damage":0,"enemies":"Time Eater","floor":50,"turns":4}],"seed_played":"-4545677977486039783","potions_obtained":[{"floor":1,"key":"GamblersBrew"},{"floor":5,"key":"BlessingOfTheForge"},{"floor":8,"key":"StancePotion"},{"floor":10,"key":"PowerPotion"},{"floor":16,"key":"BlessingOfTheForge"},{"floor":21,"key":"SpeedPotion"},{"floor":24,"key":"PowerPotion"},{"floor":27,"key":"Fire Potion"},{"floor":29,"key":"PowerPotion"},{"floor":35,"key":"BottledMiracle"},{"floor":39,"key":"Ambrosia"},{"floor":44,"key":"LiquidBronze"}],"is_trial":true,"path_per_floor":["M","M","?","?","M","E","E","E","T","E","R","T","E","$","R","B",null,"M","?","E","E","$","E","E","E","T","E","E","M","M","M","R","B",null,"M","?","M","T","E","R","E","R","T","E","$","$","M","E","R","B",null],"character_chosen":"WATCHER","items_purchased":["Apotheosis","Anchor","DollysMirror","PowerPotion","Vajra","BattleHymn","Sling","Pen Nib","Toy Ornithopter","Worship","Fasting2+1","AttackPotion","Pantograph","Prayer Wheel","WheelKick","Fruit Juice","CultistPotion","Fasting2+1","DeceiveReality","Secret Weapon"],"campfire_rested":1,"item_purchase_floors":[14,14,14,14,22,22,45,45,45,45,45,45,46,46,46,46,46,46,46,46],"current_hp_per_floor":[72,72,60,60,54,54,24,11,11,13,34,34,55,70,70,53,79,73,89,66,57,72,57,51,45,45,61,75,89,83,84,84,89,89,89,89,89,89,89,89,89,89,89,89,89,94,94,94,94,94],"gold":176,"neow_bonus":"","is_daily":false,"chose_seed":false,"campfire_upgraded":1,"win_rate":0.0,"timestamp":1611596802,"path_taken":["M","?","?","?","?","E","E","E","T","?","R","?","?","$","R","BOSS","M","?","?","?","$","E","E","?","T","E","E","?","?","?","R","BOSS","M","?","?","?","?","R","E","R","T","E","$","$","?","E","R","BOSS"],"items_purchased_type":["Card","Relic","Relic","Potion","Relic","Card","Relic","Relic","Relic","Card","Card","Potion","Relic","Relic","Card","Potion","Potion","Card","Card","Card"],"build_version":"2020-12-22","purchased_purges":2,"victory":true,"max_hp_per_floor":[72,72,72,72,72,72,72,72,72,72,72,72,79,79,79,79,79,79,89,89,89,89,89,89,89,89,89,89,89,89,89,89,89,89,89,89,89,89,89,89,89,89,89,89,89,94,94,94,94,94],"relic_stats":{"Darkstone Periapt":0,"Regal Pillow":0,"Gremlin Horn":[9,8],"Torii":0,"CeramicFish":144,"Whetstone":["SandsOfTime","CutThroughFate"],"Ginger":[3],"Smiling Mask":75,"Boot":[78],"Blood Vial":24,"Dream Catcher":0,"Centennial Puzzle":[0],"Shovel":2,"Mummified Hand":[153],"Gambling Chip":[11],"Pantograph":0,"MealTicket":30,"Prayer Wheel":1,"InkBottle":[45],"Happy Flower":[26],"counters":[30,132],"Dead Branch":[218],"Pen Nib":[1],"Bird Faced Urn":[117],"Bronze Scales":[139],"Art of War":[54],"Black Star":11,"obtain_stats":[{"Gremlin Horn":24,"CeramicFish":23,"Vajra":22,"Whetstone":27,"Ginger":28,"Bottled Tornado":48,"Boot":21,"Sling":45,"Old Coin":26,"Blood Vial":9,"Centennial Puzzle":44,"HornCleat":39,"DollysMirror":14,"Strawberry":13,"MealTicket":8,"Prayer Wheel":46,"Fusion Hammer":34,"Happy Flower":20,"Dead Branch":25,"Oddly Smooth Stone":42,"Pen Nib":45,"Akabeko":39,"Du-Vu Doll":49,"Bird Faced Urn":10,"Bronze Scales":21,"Black Star":17,"StrikeDummy":43,"Darkstone Periapt":23,"Regal Pillow":20,"Lantern":28,"Torii":41,"Smiling Mask":7,"Ancient Tea Set":12,"Dream Catcher":32,"Shovel":27,"Mummified Hand":25,"Gambling Chip":38,"Pantograph":46,"InkBottle":24,"Thread and Needle":41,"Omamori":40,"Frozen Egg 2":44,"Anchor":14,"Art of War":3,"Bag of Marbles":6,"PureWater":0,"TungstenRod":36,"Toy Ornithopter":45,"FossilizedHelix":48},{"Gremlin Horn":14,"CeramicFish":13,"Vajra":12,"Whetstone":16,"Ginger":17,"Bottled Tornado":29,"Boot":12,"Sling":27,"Old Coin":15,"Blood Vial":6,"Centennial Puzzle":27,"HornCleat":25,"DollysMirror":8,"Strawberry":8,"MealTicket":6,"Prayer Wheel":27,"Fusion Hammer":21,"Happy Flower":11,"Dead Branch":15,"Oddly Smooth Stone":26,"Pen Nib":27,"Akabeko":25,"Du-Vu Doll":29,"Bird Faced Urn":7,"Bronze Scales":12,"Black Star":9,"StrikeDummy":26,"Darkstone Periapt":13,"Regal Pillow":11,"Lantern":17,"Torii":26,"Smiling Mask":5,"Ancient Tea Set":7,"Dream Catcher":20,"Shovel":16,"Mummified Hand":15,"Gambling Chip":24,"Pantograph":27,"InkBottle":14,"Thread and Needle":26,"Omamori":25,"Frozen Egg 2":27,"Anchor":8,"Art of War":2,"Bag of Marbles":4,"PureWater":0,"TungstenRod":23,"Toy Ornithopter":27,"FossilizedHelix":29},{"Gremlin Horn":71,"CeramicFish":68,"Vajra":60,"Whetstone":82,"Ginger":87,"Bottled Tornado":128,"Boot":60,"Sling":121,"Old Coin":78,"Blood Vial":26,"Centennial Puzzle":121,"HornCleat":111,"DollysMirror":33,"Strawberry":33,"MealTicket":26,"Prayer Wheel":121,"Fusion Hammer":101,"Happy Flower":54,"Dead Branch":78,"Oddly Smooth Stone":117,"Pen Nib":121,"Akabeko":111,"Du-Vu Doll":128,"Bird Faced Urn":29,"Bronze Scales":60,"Black Star":40,"StrikeDummy":117,"Darkstone Periapt":68,"Regal Pillow":54,"Lantern":87,"Torii":117,"Smiling Mask":18,"Ancient Tea Set":29,"Dream Catcher":98,"Shovel":82,"Mummified Hand":78,"Gambling Chip":108,"Pantograph":121,"InkBottle":71,"Thread and Needle":117,"Omamori":111,"Frozen Egg 2":121,"Anchor":33,"Art of War":3,"Bag of Marbles":11,"PureWater":0,"TungstenRod":107,"Toy Ornithopter":121,"FossilizedHelix":128}],"TungstenRod":3,"Toy Ornithopter":0},"card_choices":[{"not_picked":["Crescendo","CrushJoints"],"picked":"FearNoEvil","floor":1},{"not_picked":["EmptyFist","Swivel"],"picked":"LikeWater","floor":2},{"not_picked":["Protect","CrushJoints"],"picked":"InnerPeace","floor":5},{"not_picked":["JustLucky","Evaluate","Collect"],"picked":"SKIP","floor":6},{"not_picked":["SashWhip","CutThroughFate"],"picked":"SandsOfTime","floor":7},{"not_picked":["DevaForm","JustLucky","ForeignInfluence"],"picked":"SKIP","floor":8},{"not_picked":["Consecrate","Protect"],"picked":"WaveOfTheHand","floor":10},{"not_picked":["PathToVictory","Pray"],"picked":"ClearTheMind","floor":13},{"not_picked":["Blasphemy","DevaForm"],"picked":"Vault","floor":16},{"not_picked":["Halt+1","Perseverance","SashWhip+1"],"picked":"SKIP","floor":18},{"not_picked":["MasterReality","ClearTheMind"],"picked":"ReachHeaven","floor":20},{"not_picked":["PathToVictory","Conclude"],"picked":"WheelKick","floor":21},{"not_picked":["Study","Halt"],"picked":"CutThroughFate","floor":23},{"not_picked":["FlyingSleeves","BowlingBash","Worship"],"picked":"SKIP","floor":24},{"not_picked":["EmptyBody","ThirdEye"],"picked":"DeusExMachina","floor":25},{"not_picked":["Blasphemy","EmptyBody","CarveReality"],"picked":"SKIP","floor":27},{"not_picked":["Prostrate","Study+1","FlurryOfBlows+1"],"picked":"SKIP","floor":28},{"not_picked":["ClearTheMind","PathToVictory","Perseverance"],"picked":"SKIP","floor":29},{"not_picked":["WaveOfTheHand","PathToVictory","BowlingBash"],"picked":"SKIP","floor":30},{"not_picked":["BowlingBash","SandsOfTime","ClearTheMind"],"picked":"SKIP","floor":31},{"not_picked":["Blasphemy","SpiritShield"],"picked":"Devotion","floor":33},{"not_picked":["Pray","JustLucky"],"picked":"Sanctity+1","floor":35},{"not_picked":["BowlingBash+1","Protect+1"],"picked":"TalkToTheHand+1","floor":37},{"not_picked":["SashWhip+1","BowlingBash+1","Evaluate"],"picked":"SKIP","floor":39},{"not_picked":["Crescendo","FearNoEvil"],"picked":"WheelKick+1","floor":41},{"not_picked":["EmptyFist","FlurryOfBlows"],"picked":"ClearTheMind+1","floor":44},{"not_picked":["SashWhip","Crescendo+1"],"picked":"SpiritShield","floor":47},{"not_picked":["PathToVictory+1","Evaluate"],"picked":"WheelKick+1","floor":47},{"not_picked":["Judgement","Wireheading+1"],"picked":"Wish","floor":48}],"player_experience":957481,"relics_obtained":[{"floor":6,"key":"Bag of Marbles"},{"floor":7,"key":"Smiling Mask"},{"floor":8,"key":"MealTicket"},{"floor":9,"key":"Blood Vial"},{"floor":10,"key":"Bird Faced Urn"},{"floor":12,"key":"Ancient Tea Set"},{"floor":13,"key":"Strawberry"},{"floor":20,"key":"Regal Pillow"},{"floor":20,"key":"Happy Flower"},{"floor":21,"key":"Boot"},{"floor":21,"key":"Bronze Scales"},{"floor":23,"key":"Darkstone Periapt"},{"floor":23,"key":"CeramicFish"},{"floor":24,"key":"InkBottle"},{"floor":24,"key":"Gremlin Horn"},{"floor":25,"key":"Mummified Hand"},{"floor":25,"key":"Dead Branch"},{"floor":26,"key":"Old Coin"},{"floor":27,"key":"Shovel"},{"floor":27,"key":"Whetstone"},{"floor":28,"key":"Ginger"},{"floor":28,"key":"Lantern"},{"floor":32,"key":"Dream Catcher"},{"floor":36,"key":"TungstenRod"},{"floor":38,"key":"Gambling Chip"},{"floor":39,"key":"Akabeko"},{"floor":39,"key":"HornCleat"},{"floor":40,"key":"Omamori"},{"floor":41,"key":"Thread and Needle"},{"floor":41,"key":"Torii"},{"floor":42,"key":"Oddly Smooth Stone"},{"floor":43,"key":"StrikeDummy"},{"floor":44,"key":"Centennial Puzzle"},{"floor":44,"key":"Frozen Egg 2"},{"floor":48,"key":"FossilizedHelix"},{"floor":48,"key":"Bottled Tornado"},{"floor":49,"key":"Du-Vu Doll"}],"event_choices":[{"damage_healed":0,"gold_gain":0,"player_choice":"Success","damage_taken":12,"relics_obtained":["Art of War"],"max_hp_gain":0,"max_hp_loss":0,"event_name":"Scrap Ooze","floor":3,"gold_loss":0},{"damage_healed":0,"gold_gain":0,"player_choice":"Ignored","damage_taken":0,"max_hp_gain":0,"max_hp_loss":0,"event_name":"NoteForYourself","floor":4,"gold_loss":0},{"cards_removed":["Judgement"],"damage_healed":6,"gold_gain":0,"player_choice":"Offered Rare","damage_taken":0,"max_hp_gain":10,"max_hp_loss":0,"event_name":"Bonfire Elementals","floor":19,"gold_loss":0},{"damage_healed":0,"gold_gain":0,"player_choice":"Fight","damage_taken":0,"max_hp_gain":0,"max_hp_loss":0,"event_name":"Mysterious Sphere","floor":36,"gold_loss":0}],"is_beta":false,"boss_relics":[{"not_picked":["Calling Bell","VioletLotus"],"picked":"Black Star"},{"not_picked":["Velvet Choker","Runic Dome"],"picked":"Fusion Hammer"}],"items_purged_floors":[45,46],"is_endless":false,"potions_floor_spawned":[1,5,8,10,16,21,24,27,29,31,35,39,44],"ascension_level":0}}