{"host":"vyjryxuuuxkt43k4","time":1611572692,"event":{"mods":["AchievementEnabler","BaseMod","Colored Map","DeckTracker","Keyboard Shortcuts","Minty Spire (QoL Compilation)","Permanent Neow","Quick Restart","Rare Cards Sparkle","StSLib","SuperFastMode","everything is the same but u backflip on backflip"],"gold_per_floor":[359,34,47,65,76,101,101,12,12,25,51,51,51,68,68,142,142,142,142,142,142,142,142,142,142,142,142,142,142,142,142,142,142,142,142,142,142,62,62,62,62,62,62,62,7,7,7,7,7,7,7,7,7,7,7,7],"floor_reached":57,"language":"KOR","playtime":3274,"items_purged":["Strike_R"],"score":2783,"play_id":"169b712c-253b-47b9-ae5f-79376a89442c","local_time":"20210125200452","is_ascension_mode":true,"campfire_choices":[{"floor":7.0,"key":"REST"},{"floor":15.0,"key":"REST"},{"floor":23.0,"key":"REST"},{"data":"Apotheosis","floor":25.0,"key":"SMITH"},{"floor":32.0,"key":"REST"},{"floor":41.0,"key":"DIG"},{"floor":47.0,"key":"REST"},{"floor":49.0,"key":"RECALL"},{"floor":53,"key":"DIG"}],"circlet_count":0,"master_deck":["AscendersBane","Strike_R","Strike_R","Defend_R","Defend_R","Defend_R","Defend_R","Bash","Blood for Blood","Apotheosis+1","Power Through","Disarm","Sword Boomerang","Evolve","Shockwave","Carnage","Dark Embrace","Immolate","Shrug It Off","Sever Soul","Fire Breathing","Feel No Pain","Body Slam","Offering","Sever Soul","Fiend Fire","PanicButton","Jack Of All Trades","Panacea","True Grit+1","Feel No Pain","Entrench","Impervious","Seeing Red+1"],"relics":["Burning Blood","Boot","Bag of Marbles","Bottled Tornado","FaceOfCleric","Ectoplasm","Nunchaku","Pantograph","InkBottle","Bag of Preparation","Singing Bowl","Bronze Scales","Runic Pyramid","Shovel","Oddly Smooth Stone","Vajra","Centennial Puzzle","Gremlin Horn","Mercury Hourglass","Lantern"],"acts_visited":["Exordium","TheCity","TheBeyond","TheEnding"],"potions_floor_usage":[51,56],"damage_taken":[{"damage":21.0,"enemies":"Jaw Worm","floor":1.0,"turns":5.0},{"damage":12.0,"enemies":"Cultist","floor":3.0,"turns":5.0},{"damage":10.0,"enemies":"2 Louse","floor":4.0,"turns":3.0},{"damage":2.0,"enemies":"Looter","floor":5.0,"turns":4.0},{"damage":34.0,"enemies":"Lagavulin","floor":6.0,"turns":6.0},{"damage":16.0,"enemies":"2 Fungi Beasts","floor":10.0,"turns":3.0},{"damage":6.0,"enemies":"3 Sentries","floor":11.0,"turns":7.0},{"damage":6.0,"enemies":"Blue Slaver","floor":14.0,"turns":5.0},{"damage":44.0,"enemies":"Slime Boss","floor":16.0,"turns":11.0},{"damage":22.0,"enemies":"Chosen","floor":18.0,"turns":5.0},{"damage":20.0,"enemies":"3 Byrds","floor":22.0,"turns":5.0},{"damage":15.0,"enemies":"Book of Stabbing","floor":24.0,"turns":5.0},{"damage":2.0,"enemies":"Snecko","floor":27.0,"turns":5.0},{"damage":14.0,"enemies":"Gremlin Leader","floor":28.0,"turns":6.0},{"damage":6.0,"enemies":"Book of Stabbing","floor":30.0,"turns":4.0},{"damage":35.0,"enemies":"Collector","floor":33.0,"turns":7.0},{"damage":6.0,"enemies":"Orb Walker","floor":35.0,"turns":3.0},{"damage":6.0,"enemies":"Mind Bloom Boss Battle","floor":37.0,"turns":3.0},{"damage":13.0,"enemies":"3 Shapes","floor":39.0,"turns":2.0},{"damage":32.0,"enemies":"Nemesis","floor":40.0,"turns":3.0},{"damage":15.0,"enemies":"Giant Head","floor":42.0,"turns":6.0},{"damage":12.0,"enemies":"Reptomancer","floor":44.0,"turns":5.0},{"damage":21.0,"enemies":"Transient","floor":46.0,"turns":6.0},{"damage":25,"enemies":"Awakened One","floor":50,"turns":19},{"damage":8,"enemies":"Donu and Deca","floor":51,"turns":7},{"damage":64,"enemies":"Shield and Spear","floor":55,"turns":5},{"damage":46,"enemies":"The Heart","floor":56,"turns":8}],"seed_played":"-2551862258074117104","potions_obtained":[{"floor":1.0,"key":"ElixirPotion"},{"floor":4.0,"key":"Strength Potion"},{"floor":10.0,"key":"HeartOfIron"},{"floor":16.0,"key":"GamblersBrew"},{"floor":22.0,"key":"LiquidBronze"},{"floor":24.0,"key":"Energy Potion"},{"floor":35.0,"key":"FearPotion"},{"floor":46.0,"key":"Energy Potion"}],"is_trial":false,"path_per_floor":["M","$","M","M","M","E","R","$","T","M","E","?","$","M","R","B",null,"M","T","T","$","M","R","E","R","T","M","E","?","E","?","R","B",null,"M","?","?","$","M","E","R","E","T","E","$","M","R","?","R","B","B",null,"R","$","E","B",null],"character_chosen":"IRONCLAD","items_purchased":["Apotheosis","Explosive Potion","Evolve","Feel No Pain","Swift Potion"],"campfire_rested":5,"item_purchase_floors":[2,2,8,38,45],"current_hp_per_floor":[53,53,47,43,47,19,39,39,39,29,29,29,29,30,50,13,56,41,41,41,41,28,49,41,41,41,46,39,39,42,42,65,50,72,75,65,83,83,79,56,56,50,50,45,45,31,59,59,59,66,89,91,91,91,34,20],"gold":7,"neow_bonus":"TWO_FIFTY_GOLD","is_daily":false,"chose_seed":false,"campfire_upgraded":1,"win_rate":0.0,"timestamp":1611572692,"path_taken":["M","$","M","M","M","E","R","$","T","M","E","?","$","M","R","BOSS","M","?","?","$","M","R","E","R","T","M","E","?","E","?","R","BOSS","M","?","?","?","M","E","R","E","T","E","$","?","R","?","R","BOSS","BOSS","R","$","E","BOSS"],"items_purchased_type":["Card","Potion","Card","Card","Potion"],"build_version":"2020-12-22","purchased_purges":1,"victory":true,"max_hp_per_floor":[68,68,68,68,68,68,68,68,68,68,68,68,68,69,69,70,70,71,71,71,71,72,72,73,73,73,74,75,75,78,78,78,79,79,82,82,83,83,86,89,89,92,92,93,93,94,94,89,89,90,91,91,91,91,92,93],"card_choices":[{"not_picked":["Warcry","Flex"],"picked":"Blood for Blood","floor":1.0},{"not_picked":["Sever Soul","Dropkick","Warcry"],"picked":"SKIP","floor":3.0},{"not_picked":["Bloodletting","Second Wind"],"picked":"Power Through","floor":4.0},{"not_picked":["Headbutt","Sword Boomerang"],"picked":"Disarm","floor":5.0},{"not_picked":["Perfected Strike","Searing Blow"],"picked":"Sword Boomerang","floor":6.0},{"not_picked":["Twin Strike","Cleave"],"picked":"Shockwave","floor":10.0},{"not_picked":["Headbutt","Carnage","Heavy Blade"],"picked":"SKIP","floor":11.0},{"not_picked":["Headbutt","Heavy Blade"],"picked":"Carnage","floor":11.0},{"not_picked":["Clash","Armaments"],"picked":"Dark Embrace","floor":14.0},{"not_picked":["Barricade","Demon Form"],"picked":"Immolate","floor":16.0},{"not_picked":["Body Slam","Rampage"],"picked":"Shrug It Off","floor":18.0},{"not_picked":["Whirlwind","Thunderclap"],"picked":"Sever Soul","floor":22.0},{"not_picked":["Dark Embrace","Reckless Charge"],"picked":"Fire Breathing","floor":24.0},{"not_picked":["Dark Embrace","Sword Boomerang","Warcry"],"picked":"SKIP","floor":27.0},{"not_picked":["Double Tap","Flex"],"picked":"Feel No Pain","floor":28.0},{"not_picked":["Whirlwind","Fire Breathing","Pummel"],"picked":"Singing Bowl","floor":30.0},{"not_picked":["Brutality","Impervious"],"picked":"Fiend Fire","floor":33.0},{"not_picked":["Sword Boomerang+1","Perfected Strike","Clash"],"picked":"Singing Bowl","floor":35.0},{"not_picked":["Violence","Transmutation"],"picked":"PanicButton","floor":36.0},{"not_picked":["The Bomb","Swift Strike"],"picked":"Jack Of All Trades","floor":36.0},{"not_picked":["Swift Strike","HandOfGreed"],"picked":"Panacea","floor":36.0},{"not_picked":["Pummel","Dark Embrace"],"picked":"True Grit+1","floor":37.0},{"not_picked":["Evolve","Clash","Cleave+1"],"picked":"Singing Bowl","floor":39.0},{"not_picked":["Thunderclap+1","Combust+1","Fire Breathing"],"picked":"Singing Bowl","floor":40.0},{"not_picked":["Iron Wave","Clothesline","Sever Soul"],"picked":"Singing Bowl","floor":42.0},{"not_picked":["Perfected Strike","Clash"],"picked":"Entrench","floor":44.0},{"not_picked":["Warcry","Perfected Strike"],"picked":"Impervious","floor":46.0},{"not_picked":["Uppercut","Havoc"],"picked":"Seeing Red+1","floor":55}],"player_experience":331532,"relics_obtained":[{"floor":6.0,"key":"Boot"},{"floor":9.0,"key":"Bag of Marbles"},{"floor":11.0,"key":"Bottled Tornado"},{"floor":19.0,"key":"Nunchaku"},{"floor":20.0,"key":"Pantograph"},{"floor":24.0,"key":"InkBottle"},{"floor":26.0,"key":"Bag of Preparation"},{"floor":28.0,"key":"Singing Bowl"},{"floor":30.0,"key":"Bronze Scales"},{"floor":37.0,"key":"Shovel"},{"floor":40.0,"key":"Oddly Smooth Stone"},{"floor":41.0,"key":"Vajra"},{"floor":42.0,"key":"Centennial Puzzle"},{"floor":44.0,"key":"Gremlin Horn"},{"floor":53,"key":"Mercury Hourglass"},{"floor":55,"key":"Lantern"}],"event_choices":[{"damage_healed":0.0,"max_hp_gain":0.0,"max_hp_loss":0.0,"gold_gain":0.0,"event_name":"FaceTrader","player_choice":"Trade","floor":12.0,"gold_loss":0.0,"damage_taken":0.0,"relics_obtained":["FaceOfCleric"]},{"damage_healed":0.0,"max_hp_gain":0.0,"max_hp_loss":0.0,"gold_gain":0.0,"event_name":"The Library","player_choice":"Read","floor":29.0,"gold_loss":0.0,"damage_taken":0.0,"cards_obtained":["Body Slam"]},{"damage_healed":0.0,"max_hp_gain":0.0,"max_hp_loss":0.0,"gold_gain":0.0,"cards_transformed":["Strike_R","Strike_R"],"event_name":"Drug Dealer","player_choice":"Became Test Subject","floor":31.0,"gold_loss":0.0,"damage_taken":0.0,"cards_obtained":["Offering","Sever Soul"]},{"damage_healed":0.0,"max_hp_gain":0.0,"max_hp_loss":0.0,"gold_gain":0.0,"event_name":"SensoryStone","player_choice":"Memory 3","floor":36.0,"gold_loss":0.0,"damage_taken":10.0},{"damage_healed":0.0,"max_hp_gain":0.0,"max_hp_loss":0.0,"gold_gain":0.0,"event_name":"MindBloom","player_choice":"Fight","floor":37.0,"gold_loss":0.0,"damage_taken":0.0},{"damage_healed":0.0,"max_hp_gain":0.0,"max_hp_loss":5.0,"gold_gain":0.0,"event_name":"Winding Halls","player_choice":"Max HP","floor":48.0,"gold_loss":0.0,"damage_taken":0.0}],"is_beta":false,"boss_relics":[{"not_picked":["Velvet Choker","Black Star"],"picked":"Ectoplasm"},{"not_picked":["SacredBark","SlaversCollar"],"picked":"Runic Pyramid"}],"items_purged_floors":[2],"is_endless":false,"potions_floor_spawned":[1,4,10,16,22,24,35,46],"ascension_level":20}}