{"host":"dztixnx9b0gu6w9i","time":1611617714,"event":{"mods":["BaseMod","Bestiary","Minty Spire (QoL Compilation)","Relic Stats","Slay the Relics Exporter","SpireBot","ojb\u0027s Better Paths Mod","ojb\u0027s Info Mod"],"gold_per_floor":[212,287,298,309,31,63,63,119,119,129,153,186,200,227,227,298,298,311,226,226,35,49,83,83,108,108,108,108,127,127,157,157,231,231,242,254,254,1253,602,602,631,631,631,631,664,452,40,55,55,55,55,55,55,0,32,32],"floor_reached":57,"language":"ENG","playtime":10585,"items_purged":["Normality","Normality"],"score":3164,"play_id":"060cecd3-7201-416d-a883-311d940e54ac","local_time":"20210125183514","is_ascension_mode":true,"campfire_choices":[{"data":"Crippling Poison","floor":7,"key":"SMITH"},{"data":"Neutralize","floor":15,"key":"SMITH"},{"data":"Panache","floor":24,"key":"SMITH"},{"data":"Concentrate","floor":27,"key":"SMITH"},{"data":"Blade Dance","floor":30,"key":"SMITH"},{"data":"Well Laid Plans","floor":32,"key":"SMITH"},{"data":"After Image","floor":40,"key":"SMITH"},{"data":"Blade Dance","floor":44,"key":"SMITH"},{"floor":49,"key":"RECALL"},{"data":"Blade Dance","floor":53,"key":"SMITH"}],"circlet_count":0,"master_deck":["AscendersBane","Strike_G+1","Strike_G+1","Strike_G+1","Strike_G+1","Strike_G+1","Defend_G+1","Defend_G+1","Defend_G+1","Defend_G+1","Defend_G+1","Survivor","Neutralize+1","Poisoned Stab","Endless Agony","Crippling Poison+1","Blade Dance+1","Footwork","Dodge and Roll","Dagger Spray","PiercingWail","Corpse Explosion","After Image+1","Blade Dance+1","Panache+1","Concentrate+1","Blade Dance+1","PiercingWail","Well Laid Plans+1","Storm of Steel+1","Outmaneuver+1","Deflect+1","Backstab+1","Madness+1","Madness+1","Leg Sweep+1","Malaise+1","Blade Dance+1","Cloak And Dagger+1","Cloak And Dagger+1","Deflect+1","PiercingWail+1","Blade Dance+1"],"relics":["Ring of the Snake","Lee\u0027s Waffle","Turnip","Smiling Mask","Dead Branch","Odd Mushroom","Orichalcum","StoneCalendar","Coffee Dripper","The Specimen","CaptainsWheel","Toy Ornithopter","TungstenRod","Toxic Egg 2","WristBlade","ClockworkSouvenir","PreservedInsect","Pear","Mango","Eternal Feather","Frozen Eye","Orrery","Pen Nib","Pocketwatch"],"acts_visited":["Exordium","TheCity","TheBeyond","TheEnding"],"potions_floor_usage":[6,14,23,35,45,56,56],"damage_taken":[{"damage":19,"enemies":"Jaw Worm","floor":1,"turns":9},{"damage":0,"enemies":"2 Louse","floor":3,"turns":4},{"damage":1,"enemies":"Small Slimes","floor":4,"turns":4},{"damage":24,"enemies":"Gremlin Nob","floor":6,"turns":4},{"damage":24,"enemies":"Gremlin Nob","floor":8,"turns":4},{"damage":1,"enemies":"Blue Slaver","floor":10,"turns":5},{"damage":6,"enemies":"The Mushroom Lair","floor":11,"turns":3},{"damage":8,"enemies":"Lagavulin","floor":12,"turns":7},{"damage":0,"enemies":"Gremlin Gang","floor":13,"turns":1},{"damage":0,"enemies":"3 Sentries","floor":14,"turns":1},{"damage":0,"enemies":"Hexaghost","floor":16,"turns":7},{"damage":0,"enemies":"Spheric Guardian","floor":18,"turns":3},{"damage":5,"enemies":"Chosen","floor":22,"turns":4},{"damage":0,"enemies":"Book of Stabbing","floor":23,"turns":5},{"damage":0,"enemies":"Slavers","floor":25,"turns":4},{"damage":0,"enemies":"Centurion and Healer","floor":29,"turns":3},{"damage":0,"enemies":"Book of Stabbing","floor":31,"turns":5},{"damage":11,"enemies":"Champ","floor":33,"turns":6},{"damage":0,"enemies":"3 Darklings","floor":35,"turns":2},{"damage":0,"enemies":"Orb Walker","floor":36,"turns":1},{"damage":5,"enemies":"Giant Head","floor":41,"turns":6},{"damage":0,"enemies":"Nemesis","floor":45,"turns":3},{"damage":0,"enemies":"Spire Growth","floor":48,"turns":4},{"damage":12,"enemies":"Time Eater","floor":50,"turns":7},{"damage":8,"enemies":"Awakened One","floor":51,"turns":8},{"damage":1,"enemies":"Shield and Spear","floor":55,"turns":6},{"damage":11,"enemies":"The Heart","floor":56,"turns":7}],"seed_played":"-4552715366304916129","potions_obtained":[{"floor":3,"key":"Poison Potion"},{"floor":8,"key":"SteroidPotion"},{"floor":12,"key":"AttackPotion"},{"floor":18,"key":"Swift Potion"},{"floor":23,"key":"LiquidMemories"},{"floor":35,"key":"DistilledChaos"}],"is_trial":false,"path_per_floor":["M","?","M","M","$","E","R","?","T","M","?","E","M","E","R","B",null,"M","?","?","$","M","E","R","E","T","R","?","M","R","E","R","B",null,"M","M","?","?","$","R","E","?","T","R","E","$","$","M","R","B","B",null,"R","$","E","B",null],"character_chosen":"THE_SILENT","items_purchased":["Lee\u0027s Waffle","Blade Dance","Footwork","Panache","ClockworkSouvenir","PreservedInsect","Pear","Frozen Eye","Orrery","Pen Nib","Cloak And Dagger+1","FearPotion","Energy Potion"],"campfire_rested":0,"item_purchase_floors":[5,5,5,21,39,39,39,46,47,47,47,47,54],"current_hp_per_floor":[40,29,29,28,73,49,49,25,25,24,18,10,10,10,10,10,57,57,57,57,57,52,52,52,52,52,52,52,52,52,52,52,41,65,70,70,70,70,80,80,89,73,73,73,78,78,78,78,97,85,77,92,97,97,96,95],"gold":32,"neow_bonus":"HUNDRED_GOLD","is_daily":false,"chose_seed":false,"campfire_upgraded":9,"win_rate":0.0,"timestamp":1611617714,"path_taken":["M","?","M","M","$","E","R","?","T","M","?","E","M","E","R","BOSS","M","?","?","$","M","E","R","E","T","R","?","M","R","E","R","BOSS","M","M","?","?","$","R","E","?","T","R","E","?","$","?","R","BOSS","BOSS","R","$","E","BOSS"],"items_purchased_type":["Relic","Card","Card","Card","Relic","Relic","Relic","Relic","Relic","Relic","Card","Potion","Potion"],"build_version":"2020-12-22","purchased_purges":2,"victory":true,"max_hp_per_floor":[66,66,66,66,73,73,73,73,73,73,73,73,73,73,73,73,73,73,73,73,73,73,73,73,73,73,73,73,73,73,73,73,73,73,73,73,73,73,83,83,97,97,97,97,97,97,97,97,97,97,97,97,97,97,97,97],"relic_stats":{"Lee\u0027s Waffle":45,"counters":[27,123],"Dead Branch":[366],"StoneCalendar":[160],"Eternal Feather":24,"PreservedInsect":257,"Pen Nib":[17],"Orichalcum":[108],"Smiling Mask":75,"Turnip":[9],"obtain_stats":[{"Lee\u0027s Waffle":5,"Pear":39,"The Specimen":19,"Dead Branch":9,"StoneCalendar":14,"Mango":41,"Eternal Feather":45,"PreservedInsect":39,"Pen Nib":47,"Odd Mushroom":11,"Orichalcum":12,"Smiling Mask":8,"ClockworkSouvenir":39,"Frozen Eye":46,"CaptainsWheel":23,"WristBlade":34,"Orrery":47,"Turnip":6,"Coffee Dripper":17,"Toxic Egg 2":31,"Toy Ornithopter":25,"TungstenRod":26,"Ring of the Snake":0,"Pocketwatch":55},{"Lee\u0027s Waffle":3,"Pear":20,"The Specimen":12,"Dead Branch":5,"StoneCalendar":10,"Mango":21,"Eternal Feather":22,"PreservedInsect":20,"Pen Nib":22,"Odd Mushroom":7,"Orichalcum":8,"Smiling Mask":5,"ClockworkSouvenir":20,"Frozen Eye":22,"CaptainsWheel":14,"WristBlade":18,"Orrery":22,"Turnip":4,"Coffee Dripper":11,"Toxic Egg 2":17,"Toy Ornithopter":15,"TungstenRod":15,"Ring of the Snake":0,"Pocketwatch":26},{"Lee\u0027s Waffle":17,"Pear":82,"The Specimen":52,"Dead Branch":25,"StoneCalendar":42,"Mango":88,"Eternal Feather":91,"PreservedInsect":82,"Pen Nib":91,"Odd Mushroom":33,"Orichalcum":40,"Smiling Mask":25,"ClockworkSouvenir":82,"Frozen Eye":91,"CaptainsWheel":61,"WristBlade":79,"Orrery":91,"Turnip":21,"Coffee Dripper":49,"Toxic Egg 2":73,"Toy Ornithopter":65,"TungstenRod":65,"Ring of the Snake":0,"Pocketwatch":116}],"Toy Ornithopter":20,"TungstenRod":24,"Ring of the Snake":[55],"Pocketwatch":[0]},"card_choices":[{"not_picked":["Outmaneuver","Footwork"],"picked":"Poisoned Stab","floor":1},{"not_picked":["Bane","Dagger Spray"],"picked":"Endless Agony","floor":3},{"not_picked":["Dagger Spray","Bane"],"picked":"Crippling Poison","floor":4},{"not_picked":["Crippling Poison","Acrobatics"],"picked":"Dodge and Roll","floor":6},{"not_picked":["Caltrops","Prepared"],"picked":"Dagger Spray","floor":8},{"not_picked":["Acrobatics","Outmaneuver"],"picked":"PiercingWail","floor":10},{"not_picked":["Reflex","Dagger Throw"],"picked":"Corpse Explosion","floor":12},{"not_picked":["Deadly Poison","Bane","Bouncing Flask"],"picked":"SKIP","floor":13},{"not_picked":["Sucker Punch","Dash","Underhanded Strike"],"picked":"SKIP","floor":14},{"not_picked":["Sucker Punch","Dash","Underhanded Strike"],"picked":"SKIP","floor":14},{"not_picked":["Night Terror","Doppelganger"],"picked":"After Image","floor":16},{"not_picked":["All Out Attack+1","Quick Slash"],"picked":"Blade Dance","floor":18},{"not_picked":["Heel Hook","Dodge and Roll","Dagger Spray+1"],"picked":"SKIP","floor":22},{"not_picked":["Heel Hook","Dodge and Roll","Dagger Spray+1"],"picked":"SKIP","floor":22},{"not_picked":["Heel Hook","Dodge and Roll","Dagger Spray+1"],"picked":"SKIP","floor":22},{"not_picked":["Dagger Throw","Cloak And Dagger","Reflex"],"picked":"SKIP","floor":23},{"not_picked":["Dagger Throw","Cloak And Dagger","Reflex"],"picked":"SKIP","floor":23},{"not_picked":["Quick Slash","Riddle With Holes"],"picked":"Concentrate","floor":25},{"not_picked":["Deflect","Sucker Punch"],"picked":"PiercingWail","floor":29},{"not_picked":["Dodge and Roll+1","Deadly Poison+1"],"picked":"Well Laid Plans","floor":31},{"not_picked":["Venomology+1","Tools of the Trade"],"picked":"Storm of Steel+1","floor":33},{"not_picked":["Bouncing Flask+1","Bane"],"picked":"Outmaneuver+1","floor":35},{"not_picked":["Prepared+1","Tools of the Trade"],"picked":"Deflect+1","floor":36},{"not_picked":["Dash","PiercingWail+1"],"picked":"Backstab+1","floor":41},{"not_picked":["Acrobatics+1","Infinite Blades"],"picked":"Leg Sweep+1","floor":45},{"not_picked":["Dodge and Roll+1","Endless Agony"],"picked":"Malaise+1","floor":47},{"not_picked":["Skewer","Riddle With Holes+1"],"picked":"Blade Dance+1","floor":47},{"not_picked":["Masterful Stab","Well Laid Plans"],"picked":"Cloak And Dagger+1","floor":47},{"not_picked":["Flying Knee+1","Dodge and Roll+1"],"picked":"Deflect+1","floor":47},{"not_picked":["Caltrops","Acrobatics+1"],"picked":"PiercingWail+1","floor":48},{"not_picked":["Dash","All Out Attack"],"picked":"Blade Dance+1","floor":55}],"player_experience":8312016,"relics_obtained":[{"floor":6,"key":"Turnip"},{"floor":8,"key":"Smiling Mask"},{"floor":9,"key":"Dead Branch"},{"floor":11,"key":"Odd Mushroom"},{"floor":12,"key":"Orichalcum"},{"floor":14,"key":"StoneCalendar"},{"floor":23,"key":"CaptainsWheel"},{"floor":25,"key":"Toy Ornithopter"},{"floor":26,"key":"TungstenRod"},{"floor":31,"key":"Toxic Egg 2"},{"floor":41,"key":"Mango"},{"floor":45,"key":"Eternal Feather"},{"floor":55,"key":"Pocketwatch"}],"event_choices":[{"damage_healed":0,"gold_gain":75,"player_choice":"Gather Gold","damage_taken":11,"max_hp_gain":0,"max_hp_loss":0,"event_name":"World of Goop","floor":2,"gold_loss":0},{"damage_healed":0,"gold_gain":0,"player_choice":"Searched \u00271\u0027 times","damage_taken":0,"max_hp_gain":0,"max_hp_loss":0,"event_name":"Dead Adventurer","floor":8,"gold_loss":0},{"damage_healed":0,"gold_gain":0,"player_choice":"Fought Mushrooms","damage_taken":0,"max_hp_gain":0,"max_hp_loss":0,"event_name":"Mushrooms","floor":11,"gold_loss":0},{"damage_healed":0,"gold_gain":0,"player_choice":"Obtained Relic","damage_taken":0,"relics_obtained":["The Specimen"],"max_hp_gain":0,"max_hp_loss":0,"event_name":"Addict","floor":19,"gold_loss":85},{"damage_healed":0,"gold_gain":0,"player_choice":"Simplicity","damage_taken":0,"max_hp_gain":0,"max_hp_loss":0,"event_name":"Back to Basics","floor":20,"gold_loss":0,"cards_upgraded":["Strike_G","Strike_G","Strike_G","Strike_G","Strike_G","Defend_G","Defend_G","Defend_G","Defend_G","Defend_G"]},{"damage_healed":0,"gold_gain":0,"player_choice":"Read","damage_taken":0,"max_hp_gain":0,"max_hp_loss":0,"event_name":"The Library","floor":28,"gold_loss":0,"cards_obtained":["Blade Dance"]},{"damage_healed":0,"gold_gain":0,"player_choice":"Ignored","damage_taken":0,"max_hp_gain":0,"max_hp_loss":0,"event_name":"Tomb of Lord Red Mask","floor":37,"gold_loss":0},{"damage_healed":0,"gold_gain":999,"player_choice":"Gold","damage_taken":0,"max_hp_gain":0,"max_hp_loss":0,"event_name":"MindBloom","floor":38,"gold_loss":0,"cards_obtained":["Normality","Normality"]},{"damage_healed":0,"gold_gain":0,"player_choice":"Embrace Madness","damage_taken":17,"max_hp_gain":0,"max_hp_loss":0,"event_name":"Winding Halls","floor":42,"gold_loss":0,"cards_obtained":["Madness","Madness"]}],"is_beta":false,"boss_relics":[{"not_picked":["Sozu","Ectoplasm"],"picked":"Coffee Dripper"},{"not_picked":["Pandora\u0027s Box","Astrolabe"],"picked":"WristBlade"}],"items_purged_floors":[39,46],"is_endless":false,"potions_floor_spawned":[3,8,12,13,18,23,35,36,41],"ascension_level":20}}