{"host":"yck2t2q3ro7hf56e","time":1611584508,"event":{"mods":["2.2 Compatiblity","AchievementEnabler","Act Like it!","Aspiration","BaseMod","Better Altar","Better Match","Better Note","Better Sensory Stone","Better Skull","Better Third Choice","Better Vampires","BetterRewards","Block Reminder","CCEM","Challenge The Spire","Colored Powertips","Conspire","Curses Come First","DNKmod","Energized Spire","Friendly Minions","GifTheSpireLib","Glutton Mod","Halation","Hubris","Infinite Spire","Marked Mod","Minty Spire (QoL Compilation)","Permanent Neow","Practice Mode","Quick Restart","Rare Cards Sparkle","RatMod","Relic Sorter","Relic Stats","Reliquary","Replay The Spire","Shade Mod","Shop Mod","Spicy Shops","Spikes Relics","StSLib","Stuff the Spire","Synergy Search","The Blue Laboratory","The Construct","Thieving Mod","Unceasing Turn Reminder","Unknown Chances","everything is the same but u backflip on backflip","??????REMEMod"],"gold_per_floor":[6020,6020,5154,5164,5178,5178,5178],"floor_reached":6,"language":"ENG","playtime":733,"items_purged":[],"score":86,"play_id":"56b29ac3-5644-4a5d-a549-6e248c63a04e","local_time":"20210125142148","is_ascension_mode":false,"campfire_choices":[],"circlet_count":0,"master_deck":["Shade:Strike_Shade","Shade:Strike_Shade","Shade:Strike_Shade","Shade:Strike_Shade","Shade:Defend_Shade","Shade:Defend_Shade","Shade:Defend_Shade","Shade:Defend_Shade","Shade:AnimateDead","Shade:CarefulCut","Shade:AncientSpear","BlessedFruit","BlessedFruit","Shade:StitchTogether","Shade:CoffinDance"],"relics":["Shade:YorickSkull","REME_ComplimentaryCards","aspiration:Nostalgia","Glutton:EternalHunger","FaceOfCleric","Replay:Multitool","Toolbox","HeavenlyBonsai"],"acts_visited":["Exordium"],"potions_floor_usage":[],"damage_taken":[{"damage":2,"enemies":"Jaw Worm","floor":1,"turns":2},{"damage":3,"enemies":"infinitespire:Voidling","floor":4,"turns":3},{"damage":4,"enemies":"2 Louse","floor":5,"turns":3},{"damage":7,"enemies":"Lagavulin","floor":6,"turns":3}],"seed_played":"-8097970219520877118","potions_obtained":[],"is_trial":false,"path_per_floor":["M","?","$","M","M","E"],"character_chosen":"SHADE","items_purchased":["Replay:Multitool","Toolbox","HeavenlyBonsai","Shade:StitchTogether"],"campfire_rested":0,"item_purchase_floors":[3,3,3,3],"current_hp_per_floor":[98,98,98,98,97,92,92],"gold":5178,"neow_bonus":"NOSTALGIA","is_daily":false,"chose_seed":false,"campfire_upgraded":0,"win_rate":0.0,"timestamp":1611584508,"path_taken":["M","?","$","M","M","E"],"items_purchased_type":["Relic","Relic","Relic","Card"],"build_version":"2020-12-22","purchased_purges":0,"victory":false,"max_hp_per_floor":[100,100,100,103,106,108,108],"relic_stats":{"FaceOfCleric":2,"counters":[4,11],"obtain_stats":[{"Glutton:EternalHunger":0,"FaceOfCleric":2,"Shade:YorickSkull":0,"aspiration:Nostalgia":0,"Toolbox":3,"Replay:Multitool":3,"HeavenlyBonsai":3,"REME_ComplimentaryCards":0},{"Glutton:EternalHunger":0,"FaceOfCleric":1,"Shade:YorickSkull":0,"aspiration:Nostalgia":0,"Toolbox":1,"Replay:Multitool":1,"HeavenlyBonsai":1,"REME_ComplimentaryCards":0},{"Glutton:EternalHunger":0,"FaceOfCleric":2,"Shade:YorickSkull":0,"aspiration:Nostalgia":0,"Toolbox":2,"Replay:Multitool":2,"HeavenlyBonsai":2,"REME_ComplimentaryCards":0}]},"card_choices":[{"not_picked":["Shade:FreshBones","Shade:FingerOfDeath"],"picked":"Shade:AncientSpear","floor":1},{"not_picked":["Shade:Premonition","Shade:GreyBargain"],"picked":"Shade:CoffinDance","floor":4},{"not_picked":["Shade:FingerOfDeath","Shade:SpontaneousRitual","Shade:TouchOfTheGrave"],"picked":"SKIP","floor":5}],"player_experience":155183,"relics_obtained":[],"event_choices":[{"damage_healed":0,"gold_gain":0,"player_choice":"Trade","damage_taken":0,"relics_obtained":["FaceOfCleric"],"max_hp_gain":0,"max_hp_loss":0,"event_name":"FaceTrader","floor":2,"gold_loss":0}],"is_beta":false,"boss_relics":[],"items_purged_floors":[],"is_endless":false,"potions_floor_spawned":[],"killed_by":"Lagavulin","ascension_level":0}}