{"host":"yvb207ks1sg3cxef","time":1611575745,"event":{"mods":["2.2 Compatiblity","BaseMod","Bestiary","Colored Powertips","Minty Spire (QoL Compilation)","Permanent Neow","Quick Restart","Relic Stats","StSLib"],"gold_per_floor":[119,136,186,197,209,209,236,236,236,292,292,317,333,358,358,432,432,444,455,405,421,421,421,421],"floor_reached":23,"language":"ENG","playtime":1424,"items_purged":[],"score":476,"play_id":"b94848c0-8b71-4634-a19b-6d6cf47c424a","local_time":"20210125172545","is_ascension_mode":true,"campfire_choices":[{"data":"Blade Dance","floor":6.0,"key":"SMITH"},{"data":"Noxious Fumes","floor":8.0,"key":"SMITH"},{"floor":11.0,"key":"REST"},{"data":"Neutralize","floor":15.0,"key":"SMITH"}],"circlet_count":0,"master_deck":["AscendersBane","Strike_G","Strike_G","Strike_G","Strike_G","Strike_G","Defend_G","Defend_G","Defend_G","Defend_G","Defend_G","Survivor","Neutralize+1","Dagger Throw","Poisoned Stab","Blade Dance+1","Dagger Throw","Noxious Fumes+1","Backstab+1","Venomology+1","Bullet Time+1","Reflex+1","Heel Hook+1","Backflip+1"],"relics":["Ring of the Snake","Vajra","MealTicket","Molten Egg 2","Eternal Feather","TungstenRod","Toxic Egg 2","Fusion Hammer"],"acts_visited":["Exordium","TheCity"],"potions_floor_usage":[23],"damage_taken":[{"damage":3.0,"enemies":"Small Slimes","floor":1.0,"turns":5.0},{"damage":0.0,"enemies":"Cultist","floor":2.0,"turns":4.0},{"damage":3.0,"enemies":"2 Louse","floor":4.0,"turns":3.0},{"damage":1.0,"enemies":"Blue Slaver","floor":5.0,"turns":3.0},{"damage":0.0,"enemies":"3 Sentries","floor":7.0,"turns":8.0},{"damage":26.0,"enemies":"Gremlin Nob","floor":10.0,"turns":4.0},{"damage":30.0,"enemies":"Gremlin Nob","floor":12.0,"turns":4.0},{"damage":0.0,"enemies":"Exordium Thugs","floor":13.0,"turns":3.0},{"damage":5.0,"enemies":"3 Sentries","floor":14.0,"turns":6.0},{"damage":14.0,"enemies":"The Guardian","floor":16.0,"turns":12.0},{"damage":14.0,"enemies":"Shell Parasite","floor":18.0,"turns":4.0},{"damage":4.0,"enemies":"Chosen","floor":19.0,"turns":4.0},{"damage":0.0,"enemies":"Snecko","floor":21.0,"turns":4.0},{"damage":8.0,"enemies":"Centurion and Healer","floor":22.0,"turns":3.0},{"damage":26,"enemies":"Book of Stabbing","floor":23,"turns":3}],"seed_played":"1708601194080223767","potions_obtained":[{"floor":2.0,"key":"DuplicationPotion"},{"floor":7.0,"key":"SmokeBomb"},{"floor":16.0,"key":"LiquidBronze"}],"is_trial":false,"path_per_floor":["M","M","?","M","M","R","E","R","T","?","R","E","M","E","R","B",null,"M","M","?","M","M","E"],"character_chosen":"THE_SILENT","items_purchased":[],"campfire_rested":1,"item_purchase_floors":[],"current_hp_per_floor":[56,56,50,47,46,46,46,46,46,20,48,18,18,13,25,11,52,38,34,34,34,26,0,0],"gold":421,"neow_bonus":"RANDOM_COMMON_RELIC","is_daily":false,"chose_seed":false,"campfire_upgraded":3,"win_rate":0.0,"timestamp":1611575745,"path_taken":["M","M","?","M","?","R","E","R","T","?","R","E","M","E","R","BOSS","M","M","?","?","M","E"],"items_purchased_type":[],"build_version":"2020-12-22","purchased_purges":0,"victory":false,"max_hp_per_floor":[66,66,66,66,66,66,66,66,66,66,66,66,66,66,66,66,66,66,66,66,66,66,66,66],"relic_stats":{"counters":[15,70],"MealTicket":0,"Eternal Feather":21,"obtain_stats":[{"Vajra":0,"MealTicket":7,"Molten Egg 2":9,"Eternal Feather":10,"Fusion Hammer":17,"Toxic Egg 2":14,"TungstenRod":12,"Ring of the Snake":0},{"Vajra":0,"MealTicket":5,"Molten Egg 2":5,"Eternal Feather":6,"Fusion Hammer":10,"Toxic Egg 2":9,"TungstenRod":7,"Ring of the Snake":0},{"Vajra":0,"MealTicket":23,"Molten Egg 2":23,"Eternal Feather":27,"Fusion Hammer":52,"Toxic Egg 2":40,"TungstenRod":31,"Ring of the Snake":0}],"TungstenRod":16,"Ring of the Snake":[30]},"card_choices":[{"not_picked":["Quick Slash","Riddle With Holes"],"picked":"Dagger Throw","floor":1.0},{"not_picked":["Outmaneuver","Crippling Poison"],"picked":"Poisoned Stab","floor":2.0},{"not_picked":["Dagger Throw","Bouncing Flask"],"picked":"Blade Dance","floor":4.0},{"not_picked":["Deflect","Eviscerate"],"picked":"Dagger Throw","floor":5.0},{"not_picked":["Dodge and Roll","Deadly Poison"],"picked":"Noxious Fumes","floor":7.0},{"not_picked":["Unload+1","Quick Slash+1"],"picked":"Backstab+1","floor":12.0},{"not_picked":["Poisoned Stab+1","Prepared","Deflect"],"picked":"SKIP","floor":13.0},{"not_picked":["Poisoned Stab+1","Prepared","Deflect"],"picked":"SKIP","floor":13.0},{"not_picked":["PiercingWail+1","Deadly Poison+1"],"picked":"Venomology+1","floor":14.0},{"not_picked":["A Thousand Cuts","After Image"],"picked":"Bullet Time+1","floor":16.0},{"not_picked":["Poisoned Stab+1","Masterful Stab+1"],"picked":"Reflex+1","floor":18.0},{"not_picked":["Flying Knee+1","Slice+1"],"picked":"Heel Hook+1","floor":19.0},{"not_picked":["Distraction+1","Sucker Punch+1"],"picked":"Backflip+1","floor":21.0}],"player_experience":460877,"relics_obtained":[{"floor":7.0,"key":"MealTicket"},{"floor":9.0,"key":"Molten Egg 2"},{"floor":10.0,"key":"Eternal Feather"},{"floor":12.0,"key":"TungstenRod"},{"floor":14.0,"key":"Toxic Egg 2"}],"event_choices":[{"damage_healed":0.0,"max_hp_gain":0.0,"max_hp_loss":0.0,"gold_gain":50.0,"event_name":"FaceTrader","player_choice":"Touch","floor":3.0,"gold_loss":0.0,"damage_taken":6.0},{"damage_healed":0.0,"max_hp_gain":0.0,"max_hp_loss":0.0,"gold_gain":0.0,"event_name":"Dead Adventurer","player_choice":"Searched \u00271\u0027 times","floor":10.0,"gold_loss":0.0,"damage_taken":0.0},{"damage_healed":0.0,"max_hp_gain":0.0,"max_hp_loss":0.0,"gold_gain":0.0,"event_name":"The Joust","player_choice":"Bet on Murderer","floor":20.0,"gold_loss":50.0,"damage_taken":0.0}],"is_beta":false,"boss_relics":[{"not_picked":["Cursed Key","Runic Dome"],"picked":"Fusion Hammer"}],"items_purged_floors":[],"is_endless":false,"potions_floor_spawned":[2,7,16,22],"killed_by":"Book of Stabbing","ascension_level":20}}