{"host":"lrlw254gqe5layub","time":1611590523,"event":{"mods":["AchievementEnabler","BaseMod","Colored Map","Colored Powertips","Minty Spire (QoL Compilation)","Rare Cards Sparkle","SuperFastMode"],"gold_per_floor":[216,491,504,311,311,344,344,65,65,89,89,164,174,189,189,288,288,301,314,93,104,104,104,118,118,118,144,170,170,189,34,34,138,138,155,205,258,269,269,269,283,315,315,315,315,315,344,3,3,3,3],"floor_reached":50,"language":"KOR","playtime":3054,"items_purged":["Regret"],"score":910,"play_id":"37d75b60-115f-479f-acc8-faf6dbd35070","local_time":"20210126010203","is_ascension_mode":true,"campfire_choices":[{"data":"White Noise","floor":7.0,"key":"SMITH"},{"floor":11.0,"key":"REST"},{"data":"Apotheosis","floor":15.0,"key":"SMITH"},{"floor":23.0,"key":"RECALL"},{"data":"Double Energy","floor":25.0,"key":"SMITH"},{"data":"Seek","floor":29.0,"key":"SMITH"},{"data":"Coolheaded","floor":32.0,"key":"SMITH"},{"data":"Seek","floor":40.0,"key":"SMITH"},{"data":"Parasite","floor":44.0,"key":"PURGE"},{"data":"Writhe","floor":46.0,"key":"PURGE"},{"floor":49.0,"key":"DIG"}],"circlet_count":0,"master_deck":["Strike_B","Strike_B","Strike_B","Strike_B","Defend_B","Defend_B","Defend_B","Defend_B","Zap","Dualcast","Ball Lightning","Coolheaded+1","Go for the Eyes","Self Repair","White Noise+1","Apotheosis+1","Self Repair","Compile Driver","Genetic Algorithm","Double Energy+1","Sweeping Beam","Seek+1","Gash","Genetic Algorithm+1","Capacitor","White Noise+1","Genetic Algorithm","Doom and Gloom","Seek+1","Fusion+1","Beam Cell+1","Conserve Battery+1","Redo","Madness","Madness","Conserve Battery+1","Leap+1","Machine Learning","Defragment","Defragment","Coolheaded"],"relics":["Cracked Core","White Beast Statue","HornCleat","Odd Mushroom","Cursed Key","Bag of Marbles","Pantograph","Red Mask","DataDisk","Runic Pyramid","Shovel","Peace Pipe","MealTicket","Bag of Preparation","Ginger","Gambling Chip","Torii"],"acts_visited":["Exordium","TheCity","TheBeyond"],"potions_floor_usage":[50],"damage_taken":[{"damage":6.0,"enemies":"Cultist","floor":1.0,"turns":4.0},{"damage":14.0,"enemies":"2 Louse","floor":3.0,"turns":2.0},{"damage":26.0,"enemies":"Lagavulin","floor":6.0,"turns":6.0},{"damage":17.0,"enemies":"The Mushroom Lair","floor":10.0,"turns":5.0},{"damage":1.0,"enemies":"Jaw Worm","floor":13.0,"turns":4.0},{"damage":7.0,"enemies":"3 Louse","floor":14.0,"turns":5.0},{"damage":0.0,"enemies":"Slime Boss","floor":16.0,"turns":9.0},{"damage":20.0,"enemies":"Chosen","floor":18.0,"turns":5.0},{"damage":8.0,"enemies":"Spheric Guardian","floor":19.0,"turns":4.0},{"damage":24.0,"enemies":"Shelled Parasite and Fungi","floor":21.0,"turns":6.0},{"damage":18.0,"enemies":"3 Cultists","floor":24.0,"turns":5.0},{"damage":32.0,"enemies":"Slavers","floor":27.0,"turns":5.0},{"damage":4.0,"enemies":"Masked Bandits","floor":28.0,"turns":3.0},{"damage":19.0,"enemies":"Cultist and Chosen","floor":30.0,"turns":6.0},{"damage":0.0,"enemies":"Champ","floor":33.0,"turns":9.0},{"damage":9.0,"enemies":"Orb Walker","floor":35.0,"turns":5.0},{"damage":7.0,"enemies":"Mind Bloom Boss Battle","floor":36.0,"turns":6.0},{"damage":43.0,"enemies":"2 Orb Walkers","floor":37.0,"turns":6.0},{"damage":5.0,"enemies":"3 Darklings","floor":38.0,"turns":5.0},{"damage":7.0,"enemies":"4 Shapes","floor":41.0,"turns":4.0},{"damage":44.0,"enemies":"Giant Head","floor":42.0,"turns":10.0},{"damage":6.0,"enemies":"Reptomancer","floor":47.0,"turns":7.0},{"damage":77,"enemies":"Time Eater","floor":50,"turns":11}],"seed_played":"-3943237427558372525","potions_obtained":[{"floor":10.0,"key":"FearPotion"},{"floor":13.0,"key":"LiquidBronze"},{"floor":14.0,"key":"Regen Potion"},{"floor":27.0,"key":"SpeedPotion"},{"floor":28.0,"key":"Energy Potion"},{"floor":30.0,"key":"PowerPotion"},{"floor":33.0,"key":"AttackPotion"},{"floor":36.0,"key":"EntropicBrew"}],"is_trial":false,"path_per_floor":["M","?","M","$","T","E","R","$","T","?","R","?","M","M","R","B",null,"M","M","$","M","?","R","M","R","T","E","?","R","M","$","R","B",null,"M","?","?","M","?","R","M","E","T","R","?","R","E","$","R","B"],"character_chosen":"DEFECT","items_purchased":["Go for the Eyes","Self Repair","Apotheosis","Self Repair","Compile Driver","Capacitor","Fruit Juice","PowerPotion","DataDisk","Gambling Chip","Coolheaded"],"campfire_rested":1,"item_purchase_floors":[4,4,8,8,8,20,20,20,31,48,48],"current_hp_per_floor":[62,62,48,48,48,29,29,29,29,26,48,37,50,53,53,75,75,75,75,80,66,66,66,68,68,68,56,62,62,63,63,63,80,80,80,80,67,80,70,70,80,56,56,56,56,56,67,77,77,0,0],"gold":3,"neow_bonus":"HUNDRED_GOLD","is_daily":false,"chose_seed":true,"campfire_upgraded":6,"win_rate":0.0,"timestamp":1611590523,"path_taken":["M","?","M","$","?","E","R","$","T","?","R","?","M","M","R","BOSS","M","M","$","M","?","R","M","R","T","E","?","R","M","$","R","BOSS","M","?","?","M","?","R","?","E","T","R","?","R","E","$","R","BOSS"],"items_purchased_type":["Card","Card","Card","Card","Card","Card","Potion","Potion","Relic","Relic","Card"],"build_version":"2020-12-22","purchased_purges":1,"victory":false,"max_hp_per_floor":[75,75,75,75,75,75,75,75,75,75,75,75,75,75,75,75,75,75,75,80,80,80,80,80,80,80,80,80,80,80,80,80,80,80,80,80,80,80,80,80,80,80,80,77,77,77,77,77,77,77,77],"card_choices":[{"not_picked":["Fusion","BootSequence"],"picked":"Ball Lightning","floor":1.0},{"not_picked":["Double Energy","Compile Driver"],"picked":"Coolheaded","floor":3.0},{"not_picked":["Fusion","Streamline"],"picked":"White Noise","floor":6.0},{"not_picked":["Chaos","Gash"],"picked":"Genetic Algorithm","floor":10.0},{"not_picked":["Streamline","Conserve Battery"],"picked":"Double Energy","floor":13.0},{"not_picked":["Leap","Ball Lightning"],"picked":"Sweeping Beam","floor":14.0},{"not_picked":["Biased Cognition","Hyperbeam"],"picked":"Seek","floor":16.0},{"not_picked":["Hologram","Steam"],"picked":"Gash","floor":18.0},{"not_picked":["Force Field+1","Hologram"],"picked":"Genetic Algorithm+1","floor":19.0},{"not_picked":["Beam Cell+1","Rebound+1"],"picked":"White Noise+1","floor":21.0},{"not_picked":["Compile Driver+1","Steam"],"picked":"Genetic Algorithm","floor":24.0},{"not_picked":["Force Field","Ball Lightning"],"picked":"Doom and Gloom","floor":27.0},{"not_picked":["Recycle","Steam","Chaos"],"picked":"SKIP","floor":30.0},{"not_picked":["Thunder Strike","Fission"],"picked":"Seek","floor":33.0},{"not_picked":["Doom and Gloom","Turbo+1"],"picked":"Fusion+1","floor":35.0},{"not_picked":["Steam+1","Leap"],"picked":"Beam Cell+1","floor":36.0},{"not_picked":["Auto Shields+1","Stack"],"picked":"Conserve Battery+1","floor":37.0},{"not_picked":["Hologram","Streamline+1"],"picked":"Redo","floor":38.0},{"not_picked":["Compile Driver","Go for the Eyes"],"picked":"Conserve Battery+1","floor":41.0},{"not_picked":["Conserve Battery","Rip and Tear"],"picked":"Leap+1","floor":42.0},{"not_picked":["All For One","Storm+1"],"picked":"Defragment","floor":47.0}],"player_experience":453434,"relics_obtained":[{"floor":6.0,"key":"White Beast Statue"},{"floor":9.0,"key":"HornCleat"},{"floor":10.0,"key":"Odd Mushroom"},{"floor":26.0,"key":"Bag of Marbles"},{"floor":27.0,"key":"Pantograph"},{"floor":28.0,"key":"Red Mask"},{"floor":36.0,"key":"Shovel"},{"floor":37.0,"key":"Peace Pipe"},{"floor":42.0,"key":"MealTicket"},{"floor":43.0,"key":"Bag of Preparation"},{"floor":47.0,"key":"Ginger"},{"floor":49.0,"key":"Torii"}],"event_choices":[{"damage_healed":0.0,"max_hp_gain":0.0,"max_hp_loss":0.0,"gold_gain":275.0,"event_name":"Golden Shrine","player_choice":"Desecrate","floor":2.0,"gold_loss":0.0,"damage_taken":0.0,"cards_obtained":["Regret"]},{"damage_healed":0.0,"max_hp_gain":0.0,"max_hp_loss":0.0,"gold_gain":0.0,"event_name":"Mushrooms","player_choice":"Fought Mushrooms","floor":10.0,"gold_loss":0.0,"damage_taken":0.0},{"damage_healed":0.0,"max_hp_gain":0.0,"max_hp_loss":0.0,"gold_gain":75.0,"event_name":"World of Goop","player_choice":"Gather Gold","floor":12.0,"gold_loss":0.0,"damage_taken":11.0},{"damage_healed":0.0,"max_hp_gain":0.0,"max_hp_loss":0.0,"gold_gain":0.0,"event_name":"Vampires","player_choice":"Ignored","floor":22.0,"gold_loss":0.0,"damage_taken":0.0},{"damage_healed":0.0,"max_hp_gain":0.0,"max_hp_loss":0.0,"gold_gain":0.0,"event_name":"Masked Bandits","player_choice":"Fought Bandits","floor":28.0,"gold_loss":0.0,"damage_taken":0.0},{"damage_healed":0.0,"max_hp_gain":0.0,"max_hp_loss":0.0,"gold_gain":0.0,"event_name":"MindBloom","player_choice":"Fight","floor":36.0,"gold_loss":0.0,"damage_taken":0.0},{"damage_healed":0.0,"max_hp_gain":0.0,"max_hp_loss":0.0,"gold_gain":0.0,"event_name":"Mysterious Sphere","player_choice":"Fight","floor":37.0,"gold_loss":0.0,"damage_taken":0.0},{"damage_healed":0.0,"max_hp_gain":0.0,"max_hp_loss":0.0,"gold_gain":0.0,"event_name":"Winding Halls","player_choice":"Embrace Madness","floor":39.0,"gold_loss":0.0,"damage_taken":10.0,"cards_obtained":["Madness","Madness"]},{"damage_healed":0.0,"max_hp_gain":0.0,"max_hp_loss":0.0,"gold_gain":0.0,"event_name":"Match and Keep!","player_choice":"2 cards matched","floor":45.0,"gold_loss":0.0,"damage_taken":0.0,"cards_obtained":["Machine Learning","Defragment"]}],"is_beta":false,"boss_relics":[{"not_picked":["Calling Bell","Black Star"],"picked":"Cursed Key"},{"not_picked":["Philosopher\u0027s Stone","Snecko Eye"],"picked":"Runic Pyramid"}],"items_purged_floors":[4],"is_endless":false,"potions_floor_spawned":[10,13,14,16,18,19,21,24,27,28,30,33,35,36,37,38,41,42,47],"killed_by":"Time Eater","ascension_level":8}}