{"host":"lnt5dzsuhru0aonl","time":1611583166,"event":{"mods":["2.2 Compatiblity","BaseMod","Colored Map","Colored Powertips","DeckTracker","Keyboard Shortcuts","Minty Spire (QoL Compilation)","Permanent Neow","Rare Cards Sparkle","StSLib","SuperFastMode","everything is the same but u backflip on backflip"],"gold_per_floor":[114,126,126,4,4,4,29,29,29,29,43,43,54,54,54],"floor_reached":14,"language":"KOR","playtime":194,"items_purged":[],"score":176,"play_id":"ae4e3082-7a47-4372-9ef5-42d7a3b8477b","local_time":"20210125225926","is_ascension_mode":true,"campfire_choices":[{"data":"Static Discharge","floor":6,"key":"SMITH"},{"data":"Storm","floor":8,"key":"SMITH"},{"data":"Zap","floor":12,"key":"SMITH"}],"circlet_count":0,"master_deck":["AscendersBane","Strike_B","Strike_B","Strike_B","Defend_B","Defend_B","Defend_B","Defend_B","Zap+1","Dualcast","Storm+1","Doom and Gloom","Reboot","Static Discharge+1","Lockon","Self Repair","Redo","Sweeping Beam"],"relics":["Cracked Core","Regal Pillow","Symbiotic Virus","Mango"],"acts_visited":["Exordium"],"potions_floor_usage":[13,14],"damage_taken":[{"damage":8.0,"enemies":"Cultist","floor":1.0,"turns":5.0},{"damage":19.0,"enemies":"Jaw Worm","floor":2.0,"turns":4.0},{"damage":20,"enemies":"Lagavulin","floor":7,"turns":5},{"damage":10,"enemies":"Small Slimes","floor":11,"turns":2},{"damage":38,"enemies":"Gremlin Gang","floor":13,"turns":3},{"damage":15,"enemies":"3 Sentries","floor":14,"turns":2}],"seed_played":"-4311308319609242721","potions_obtained":[{"floor":11,"key":"SpeedPotion"},{"floor":13,"key":"FocusPotion"}],"is_trial":false,"path_per_floor":["M","M","?","$","?","R","E","R","T","?","M","R","M","E"],"character_chosen":"DEFECT","items_purchased":["Static Discharge","Lockon"],"campfire_rested":0,"item_purchase_floors":[4,4],"current_hp_per_floor":[56,37,37,37,60,60,40,40,54,54,51,51,13,0,0],"gold":54,"neow_bonus":"RANDOM_COMMON_RELIC","is_daily":false,"chose_seed":false,"campfire_upgraded":3,"win_rate":0.0,"timestamp":1611583166,"path_taken":["M","?","?","?","?","R","E","R","T","?","M","R","M","E"],"items_purchased_type":["Card","Card"],"build_version":"2020-12-22","purchased_purges":0,"victory":false,"max_hp_per_floor":[71,71,71,71,71,71,71,71,85,85,85,85,85,85,85],"card_choices":[{"not_picked":["Steam","Turbo"],"picked":"Storm","floor":1.0},{"not_picked":["Barrage","Stack"],"picked":"Doom and Gloom","floor":2.0},{"not_picked":["Static Discharge","Beam Cell"],"picked":"Self Repair","floor":7},{"not_picked":["Aggregate","Steam"],"picked":"Sweeping Beam","floor":11},{"not_picked":["Rebound","Sweeping Beam","Gash"],"picked":"SKIP","floor":13}],"player_experience":766871,"relics_obtained":[{"floor":7,"key":"Symbiotic Virus"},{"floor":9,"key":"Mango"}],"event_choices":[{"damage_healed":0,"gold_gain":0,"player_choice":"1 cards matched","damage_taken":0,"max_hp_gain":0,"max_hp_loss":0,"event_name":"Match and Keep!","floor":3,"gold_loss":0,"cards_obtained":["Reboot"]},{"damage_healed":23,"gold_gain":0,"player_choice":"Banana","damage_taken":0,"max_hp_gain":0,"max_hp_loss":0,"event_name":"Big Fish","floor":5,"gold_loss":0},{"damage_healed":0,"gold_gain":0,"cards_transformed":["Strike_B"],"player_choice":"Transformed","damage_taken":0,"max_hp_gain":0,"max_hp_loss":0,"event_name":"Transmorgrifier","floor":10,"gold_loss":0,"cards_obtained":["Redo"]}],"is_beta":false,"boss_relics":[],"items_purged_floors":[],"is_endless":false,"potions_floor_spawned":[11,13],"killed_by":"3 Sentries","ascension_level":20}}