{"host":"p62uqwu04pp7leh9","time":1611569157,"event":{"mods":["BaseMod","Block Reminder","Colored Map","Colored Powertips","Minty Spire (QoL Compilation)","Relic Stats"],"gold_per_floor":[17,31,46,57,57,83,83,113,113,141,141,157,174,5,5,5,5],"floor_reached":16,"language":"ENG","playtime":944,"items_purged":[],"score":134,"play_id":"79f024d7-ef2b-4c55-8ccd-06aa8c55df31","local_time":"20210125040557","is_ascension_mode":true,"campfire_choices":[{"data":"Double Tap","floor":7,"key":"SMITH"},{"data":"Dual Wield","floor":11,"key":"SMITH"},{"data":"Intimidate","floor":15,"key":"SMITH"}],"circlet_count":0,"master_deck":["Strike_R","Strike_R","Strike_R","Strike_R","Strike_R","Defend_R","Defend_R","Defend_R","Defend_R","Bash","Double Tap+1","Dropkick","Intimidate+1","Thunderclap","Dual Wield+1","Second Wind","Sadistic Nature+1"],"relics":["Burning Blood","Dream Catcher","Pear","Frozen Egg 2","Red Skull"],"acts_visited":["Exordium"],"potions_floor_usage":[6,10,12,12,16],"damage_taken":[{"damage":6,"enemies":"Cultist","floor":1,"turns":3},{"damage":1,"enemies":"2 Louse","floor":2,"turns":3},{"damage":0,"enemies":"Small Slimes","floor":3,"turns":3},{"damage":10,"enemies":"Red Slaver","floor":4,"turns":2},{"damage":6,"enemies":"Gremlin Nob","floor":6,"turns":3},{"damage":22,"enemies":"3 Sentries","floor":8,"turns":6},{"damage":26,"enemies":"Lagavulin","floor":10,"turns":6},{"damage":12,"enemies":"Exordium Thugs","floor":12,"turns":3},{"damage":0,"enemies":"Gremlin Gang","floor":13,"turns":2},{"damage":57,"enemies":"The Guardian","floor":16,"turns":12}],"seed_played":"4940019308060638427","potions_obtained":[{"floor":4,"key":"SteroidPotion"},{"floor":5,"key":"PowerPotion"},{"floor":5,"key":"DistilledChaos"},{"floor":6,"key":"SpeedPotion"},{"floor":10,"key":"DuplicationPotion"}],"is_trial":false,"path_per_floor":["M","M","M","M","?","E","R","E","T","E","R","M","M","$","R","B"],"character_chosen":"IRONCLAD","items_purchased":["Sadistic Nature+1"],"campfire_rested":0,"item_purchase_floors":[14],"current_hp_per_floor":[80,80,80,76,76,76,76,70,70,50,50,44,50,50,50,0,0],"gold":5,"neow_bonus":"THREE_RARE_CARDS","is_daily":false,"chose_seed":false,"campfire_upgraded":3,"win_rate":0.0,"timestamp":1611569157,"path_taken":["M","M","?","M","?","E","R","E","T","E","R","M","M","$","R","BOSS"],"items_purchased_type":["Card"],"build_version":"2020-12-22","purchased_purges":0,"victory":false,"max_hp_per_floor":[80,80,80,80,80,80,80,90,90,90,90,90,90,90,90,90,90],"relic_stats":{"Dream Catcher":0,"counters":[10,43],"obtain_stats":[{"Dream Catcher":6,"Pear":8,"Frozen Egg 2":9,"Burning Blood":0,"Red Skull":10},{"Dream Catcher":5,"Pear":6,"Frozen Egg 2":6,"Burning Blood":0,"Red Skull":7},{"Dream Catcher":14,"Pear":20,"Frozen Egg 2":20,"Burning Blood":0,"Red Skull":26}],"Burning Blood":43},"card_choices":[{"not_picked":["Brutality","Fiend Fire"],"picked":"Double Tap","floor":0},{"not_picked":["True Grit","Cleave"],"picked":"Dropkick","floor":1},{"not_picked":["Havoc","Twin Strike"],"picked":"Intimidate","floor":2},{"not_picked":["Wild Strike","Battle Trance","Limit Break"],"picked":"SKIP","floor":3},{"not_picked":["Iron Wave","Intimidate"],"picked":"Thunderclap","floor":4},{"not_picked":["Flex","Wild Strike"],"picked":"Dual Wield","floor":6},{"not_picked":["Perfected Strike","Shrug It Off","Feel No Pain"],"picked":"SKIP","floor":8},{"not_picked":["Clothesline","Rage"],"picked":"Second Wind","floor":10},{"not_picked":["Clothesline","Wild Strike","Armaments"],"picked":"SKIP","floor":12},{"not_picked":["Sword Boomerang","Body Slam","Anger"],"picked":"SKIP","floor":13}],"player_experience":327849,"relics_obtained":[{"floor":6,"key":"Dream Catcher"},{"floor":8,"key":"Pear"},{"floor":9,"key":"Frozen Egg 2"},{"floor":10,"key":"Red Skull"}],"event_choices":[{"damage_healed":0,"gold_gain":0,"player_choice":"Got Potions","damage_taken":0,"max_hp_gain":0,"max_hp_loss":0,"event_name":"Lab","floor":5,"gold_loss":0}],"is_beta":false,"boss_relics":[],"items_purged_floors":[],"is_endless":false,"potions_floor_spawned":[4,6,10],"killed_by":"The Guardian","ascension_level":2}}