{"host":"fnk117zi8wf5078t","time":1611592422,"event":{"mods":["AchievementEnabler","BaseMod","Colored Map","Minty Spire (QoL Compilation)","Rare Cards Sparkle","SuperFastMode","everything is the same but u backflip on backflip"],"gold_per_floor":[117,128,146,96,109,109,119,44,44,74,74,92,102,119,119,217,217,227,227,247,247,247,247,247,247],"floor_reached":24,"language":"KOR","playtime":485,"items_purged":["Strike_B"],"score":310,"play_id":"d56b1817-50de-44a6-bba9-25f9b4dc0c27","local_time":"20210126013342","is_ascension_mode":true,"campfire_choices":[{"data":"Static Discharge","floor":6,"key":"SMITH"},{"floor":11,"key":"REST"},{"floor":15,"key":"REST"},{"floor":23,"key":"REST"}],"circlet_count":0,"master_deck":["AscendersBane","Strike_B","Strike_B","Defend_B","Defend_B","Defend_B","Zap","Dualcast","Melter","Static Discharge+1","Chaos","Turbo","Static Discharge","Reboot","Ball Lightning","Aggregate","Loop","Amplify","White Noise","Double Energy","Genetic Algorithm","Pain"],"relics":["Cracked Core","NeowsBlessing","Strawberry","Orichalcum","Runic Pyramid","WarpedTongs"],"acts_visited":["Exordium","TheCity"],"potions_floor_usage":[10,10,24,24],"damage_taken":[{"damage":0,"enemies":"Jaw Worm","floor":1,"turns":1},{"damage":0,"enemies":"2 Louse","floor":2,"turns":1},{"damage":0,"enemies":"Cultist","floor":3,"turns":1},{"damage":9,"enemies":"Blue Slaver","floor":5,"turns":4},{"damage":14,"enemies":"3 Louse","floor":7,"turns":4},{"damage":30,"enemies":"Gremlin Nob","floor":10,"turns":4},{"damage":10,"enemies":"Gremlin Gang","floor":12,"turns":3},{"damage":11,"enemies":"Looter","floor":13,"turns":2},{"damage":4,"enemies":"2 Fungi Beasts","floor":14,"turns":3},{"damage":26,"enemies":"Hexaghost","floor":16,"turns":6},{"damage":0,"enemies":"Spheric Guardian","floor":18,"turns":2},{"damage":46,"enemies":"2 Thieves","floor":20,"turns":4},{"damage":44,"enemies":"Slavers","floor":24,"turns":2}],"seed_played":"-4313152104707509260","potions_obtained":[{"floor":1,"key":"PowerPotion"},{"floor":7,"key":"GamblersBrew"},{"floor":13,"key":"Regen Potion"},{"floor":20,"key":"DistilledChaos"}],"is_trial":false,"path_per_floor":["M","M","M","?","M","R","M","$","T","E","R","M","M","M","R","B",null,"M","?","M","?","?","R","E"],"character_chosen":"DEFECT","items_purchased":[],"campfire_rested":3,"item_purchase_floors":[],"current_hp_per_floor":[68,68,68,68,59,59,45,45,52,22,46,36,25,21,45,19,66,66,66,20,4,4,30,0,0],"gold":247,"neow_bonus":"THREE_ENEMY_KILL","is_daily":false,"chose_seed":false,"campfire_upgraded":1,"win_rate":0.0,"timestamp":1611592422,"path_taken":["M","M","M","?","M","R","M","$","T","E","R","M","M","M","R","BOSS","M","?","?","?","?","R","E"],"items_purchased_type":[],"build_version":"2020-12-22","purchased_purges":1,"victory":false,"max_hp_per_floor":[75,75,75,75,75,75,75,75,82,82,82,82,82,82,82,82,82,82,82,82,87,87,87,87,87],"card_choices":[{"not_picked":["Hello World","Barrage"],"picked":"Melter","floor":1},{"not_picked":["Lockon","Barrage"],"picked":"Static Discharge","floor":2},{"not_picked":["Cold Snap","Auto Shields"],"picked":"Chaos","floor":3},{"not_picked":["Hologram","Barrage"],"picked":"Turbo","floor":5},{"not_picked":["Turbo","Rip and Tear"],"picked":"Static Discharge","floor":7},{"not_picked":["FTL","Hologram"],"picked":"Reboot","floor":10},{"not_picked":["Leap","Darkness"],"picked":"Ball Lightning","floor":12},{"not_picked":["Fusion","Turbo"],"picked":"Aggregate","floor":13},{"not_picked":["Beam Cell","Aggregate"],"picked":"Loop","floor":14},{"not_picked":["Meteor Strike","Creative AI"],"picked":"Amplify","floor":16},{"not_picked":["Doom and Gloom","Beam Cell"],"picked":"White Noise","floor":18},{"not_picked":["Barrage","Streamline"],"picked":"Genetic Algorithm","floor":20}],"player_experience":422804,"relics_obtained":[{"floor":9,"key":"Strawberry"},{"floor":10,"key":"Orichalcum"}],"event_choices":[{"cards_removed":["Strike_B"],"damage_healed":0,"gold_gain":0,"player_choice":"Card Removal","damage_taken":0,"max_hp_gain":0,"max_hp_loss":0,"event_name":"The Cleric","floor":4,"gold_loss":50},{"damage_healed":0,"gold_gain":0,"cards_transformed":["Defend_B"],"player_choice":"Transformed","damage_taken":0,"max_hp_gain":0,"max_hp_loss":0,"event_name":"Transmorgrifier","floor":19,"gold_loss":0,"cards_obtained":["Double Energy"]},{"damage_healed":0,"gold_gain":0,"player_choice":"Shed Blood","damage_taken":21,"max_hp_gain":5,"max_hp_loss":0,"event_name":"Forgotten Altar","floor":21,"gold_loss":0},{"damage_healed":0,"gold_gain":0,"player_choice":"Rummage","damage_taken":0,"relics_obtained":["WarpedTongs"],"max_hp_gain":0,"max_hp_loss":0,"event_name":"Accursed Blacksmith","floor":22,"gold_loss":0,"cards_obtained":["Pain"]}],"is_beta":false,"boss_relics":[{"not_picked":["Busted Crown","Coffee Dripper"],"picked":"Runic Pyramid"}],"items_purged_floors":[8],"is_endless":false,"potions_floor_spawned":[1,7,13,20],"killed_by":"Slavers","ascension_level":11}}