{"host":"hwrdjx5eod2cxh09","time":1611560366,"event":{"mods":["AchievementEnabler","BaseMod","Bestiary","Minty Spire (QoL Compilation)","Relic Stats"],"gold_per_floor":[211,211,231,32,51,63,63,94,120,136,149,164,198,219,219,219,219],"floor_reached":16,"language":"ENG","playtime":585,"items_purged":["Strike_R"],"score":116,"play_id":"392aae48-f94c-4da5-a87d-dda6cfb60020","local_time":"20210125163926","is_ascension_mode":false,"campfire_choices":[{"data":"Uppercut","floor":7.0,"key":"SMITH"},{"data":"Sword Boomerang","floor":15,"key":"SMITH"}],"circlet_count":0,"master_deck":["Strike_R","Strike_R","Strike_R","Defend_R","Defend_R","Defend_R","Defend_R","Bash","Sword Boomerang+1","Metallicize","Uppercut+1","Shrug It Off","Offering","Pommel Strike","Body Slam"],"relics":["Burning Blood","Omamori","Red Skull","CeramicFish"],"acts_visited":["Exordium"],"potions_floor_usage":[],"damage_taken":[{"damage":1.0,"enemies":"2 Louse","floor":1.0,"turns":3.0},{"damage":8.0,"enemies":"Jaw Worm","floor":3.0,"turns":3.0},{"damage":0.0,"enemies":"Small Slimes","floor":5.0,"turns":4.0},{"damage":7.0,"enemies":"2 Fungi Beasts","floor":6.0,"turns":5.0},{"damage":20.0,"enemies":"3 Sentries","floor":8.0,"turns":11.0},{"damage":7,"enemies":"Blue Slaver","floor":10,"turns":3},{"damage":6,"enemies":"Large Slime","floor":11,"turns":8},{"damage":23,"enemies":"Lots of Slimes","floor":12,"turns":5},{"damage":11,"enemies":"Lagavulin","floor":13,"turns":3},{"damage":24,"enemies":"Gremlin Gang","floor":14,"turns":5},{"damage":3,"enemies":"The Guardian","floor":16,"turns":2}],"seed_played":"-1740126214989071472","potions_obtained":[{"floor":3.0,"key":"ColorlessPotion"},{"floor":5.0,"key":"DistilledChaos"},{"floor":8.0,"key":"BloodPotion"},{"floor":14,"key":"BloodPotion"}],"is_trial":false,"path_per_floor":["M","?","M","$","M","M","R","E","T","M","M","M","E","M","R","B"],"character_chosen":"IRONCLAD","items_purchased":["Uppercut","Block Potion"],"campfire_rested":0,"item_purchase_floors":[4,4],"current_hp_per_floor":[80,73,71,71,77,76,76,62,62,61,61,44,39,21,21,18,18],"gold":219,"neow_bonus":"HUNDRED_GOLD","is_daily":false,"chose_seed":false,"campfire_upgraded":2,"win_rate":0.0,"timestamp":1611560366,"path_taken":["M","?","M","$","M","M","R","E","T","M","M","M","E","M","R","BOSS"],"items_purchased_type":["Card","Potion"],"build_version":"2020-12-22","purchased_purges":1,"victory":false,"max_hp_per_floor":[80,80,80,80,80,80,80,80,80,80,80,80,80,80,80,80,80],"relic_stats":{"counters":[11,52],"CeramicFish":18,"obtain_stats":[{"CeramicFish":13,"Omamori":8,"Burning Blood":0,"Red Skull":9},{"CeramicFish":9,"Omamori":5,"Burning Blood":0,"Red Skull":5},{"CeramicFish":45,"Omamori":26,"Burning Blood":0,"Red Skull":26}],"Burning Blood":55},"card_choices":[{"not_picked":["Searing Blow","Spot Weakness"],"picked":"Sword Boomerang","floor":1.0},{"not_picked":["Burning Pact","Twin Strike"],"picked":"Metallicize","floor":3.0},{"not_picked":["Clash","Heavy Blade"],"picked":"Shrug It Off","floor":5.0},{"not_picked":["Cleave","Heavy Blade","Ghostly Armor"],"picked":"SKIP","floor":6.0},{"not_picked":["Sword Boomerang","Disarm"],"picked":"Offering","floor":8.0},{"not_picked":["Burning Pact","Metallicize","Twin Strike"],"picked":"SKIP","floor":10},{"not_picked":["Twin Strike","Iron Wave","Clothesline"],"picked":"SKIP","floor":11},{"not_picked":["Warcry","Battle Trance","Heavy Blade"],"picked":"SKIP","floor":12},{"not_picked":["Berserk","Fire Breathing"],"picked":"Pommel Strike","floor":13},{"not_picked":["Twin Strike","Infernal Blade"],"picked":"Body Slam","floor":14}],"player_experience":285527,"relics_obtained":[{"floor":8.0,"key":"Omamori"},{"floor":9.0,"key":"Red Skull"},{"floor":13,"key":"CeramicFish"}],"event_choices":[{"cards_removed":["Strike_R"],"damage_healed":0.0,"max_hp_gain":0.0,"max_hp_loss":0.0,"gold_gain":0.0,"event_name":"Golden Wing","player_choice":"Card Removal","floor":2.0,"gold_loss":0.0,"damage_taken":7.0}],"is_beta":false,"boss_relics":[],"items_purged_floors":[4],"is_endless":false,"potions_floor_spawned":[3,5,8,12,14],"killed_by":"The Guardian","ascension_level":0}}