{"host":"ordk2y2ebcetabk6","time":1611553231,"event":{"mods":["AlwaysNeverKeys","Bard","BaseMod","Better Debug","Colored Map","Colored Powertips","Dark Map","Hermit","Highlight Path","Minty Spire (QoL Compilation)","Permanent Neow","Rare Cards Sparkle","Spire Arcade","StSLib","Wide Potions"],"gold_per_floor":[117,117,117,137,151,151,151,151,151,167,182,202,202,57,57,156,156,166,183,282,314,214,243,243,263,312,312,312,328,127,127,127,231,231,245,245,245,467,467,497,497,509,509,509,523,483,239,250,250,250],"floor_reached":51,"language":"ENG","playtime":2253,"items_purged":["bard:Strike","bard:Strike","Normality"],"score":708,"play_id":"d0e5302c-0cbb-46f6-833c-1cb0115f43e5","local_time":"20210124224031","is_ascension_mode":false,"campfire_choices":[{"data":"bard:Focused","floor":6.0,"key":"SMITH"},{"data":"bard:ThickOfTheFight","floor":8.0,"key":"SMITH"},{"data":"bard:EnGarde","floor":13.0,"key":"SMITH"},{"data":"bard:Greatness","floor":15.0,"key":"SMITH"},{"data":"bard:Inspire","floor":24.0,"key":"SMITH"},{"data":"bard:Heroism","floor":28.0,"key":"SMITH"},{"data":"bard:SixFourTime","floor":32.0,"key":"SMITH"},{"data":"bard:Shifting","floor":41.0,"key":"SMITH"},{"data":"bard:LingeringPerformance","floor":44,"key":"SMITH"},{"data":"bard:LifeDrain","floor":49,"key":"SMITH"}],"circlet_count":0,"master_deck":["bard:Defend","bard:Defend","bard:Defend","bard:Defend+1","bard:Riposte","bard:Inspire+1","bard:Focused+1","bard:EnGarde+1","bard:Greatness+1","bard:ThickOfTheFight+1","bard:LingeringPerformance+1","bard:Heroism+1","bard:BottledSong","bard:SixFourTime+1","bard:CovetousAura+1","bard:Shifting+1","bard:LifeDrain+1","bard:LingeringPerformance+1"],"relics":["bard:PitchPipe","bard:BagPipes","Nunchaku","Kunai","Cursed Key","Red Mask","Akabeko","bard:OilPainting","Bird Faced Urn","Runic Pyramid","HornCleat","Shuriken"],"acts_visited":["Exordium","TheCity","TheBeyond"],"potions_floor_usage":[50],"damage_taken":[{"damage":0.0,"enemies":"Cultist","floor":1.0,"turns":4.0},{"damage":0.0,"enemies":"Jaw Worm","floor":4.0,"turns":4.0},{"damage":0.0,"enemies":"2 Louse","floor":5.0,"turns":2.0},{"damage":3.0,"enemies":"Exordium Thugs","floor":10.0,"turns":4.0},{"damage":2.0,"enemies":"Blue Slaver","floor":11.0,"turns":3.0},{"damage":0.0,"enemies":"Large Slime","floor":12.0,"turns":3.0},{"damage":21.0,"enemies":"Slime Boss","floor":16.0,"turns":8.0},{"damage":0.0,"enemies":"Spheric Guardian","floor":18.0,"turns":6.0},{"damage":0.0,"enemies":"3 Byrds","floor":19.0,"turns":6.0},{"damage":10.0,"enemies":"Masked Bandits","floor":21.0,"turns":2.0},{"damage":3.0,"enemies":"Book of Stabbing","floor":23.0,"turns":7.0},{"damage":0.0,"enemies":"Centurion and Healer","floor":25.0,"turns":3.0},{"damage":0.0,"enemies":"Snake Plant","floor":29.0,"turns":2.0},{"damage":4.0,"enemies":"Champ","floor":33.0,"turns":12.0},{"damage":0.0,"enemies":"3 Darklings","floor":35.0,"turns":4.0},{"damage":1.0,"enemies":"Giant Head","floor":40.0,"turns":8.0},{"damage":3.0,"enemies":"3 Shapes","floor":42.0,"turns":1.0},{"damage":0,"enemies":"Sphere and 2 Shapes","floor":45,"turns":3},{"damage":0,"enemies":"Maw","floor":48,"turns":4},{"damage":7,"enemies":"Time Eater","floor":50,"turns":7}],"seed_played":"-3145665398984673605","potions_obtained":[{"floor":1.0,"key":"Weak Potion"},{"floor":11.0,"key":"EssenceOfSteel"},{"floor":12.0,"key":"FairyPotion"},{"floor":21.0,"key":"Swift Potion"},{"floor":48,"key":"Dexterity Potion"}],"is_trial":false,"path_per_floor":["M","T","?","M","M","R","?","R","T","M","M","M","R","$","R","B",null,"M","M","?","?","$","E","R","M","T","?","R","M","$","T","R","B",null,"M","?","$","?","?","E","R","M","T","R","M","?","$","M","R","B",null],"character_chosen":"BARD","items_purchased":["bard:Heroism","bard:SixFourTime","Shuriken"],"campfire_rested":0,"item_purchase_floors":[14,30,47],"current_hp_per_floor":[70,70,70,70,70,70,70,70,70,67,65,65,65,65,65,44,70,70,70,70,60,60,57,57,57,57,57,57,59,59,59,59,59,70,70,70,70,70,70,69,69,66,66,66,66,66,66,68,68,65],"gold":250,"neow_bonus":"ONE_RANDOM_RARE_CARD","is_daily":false,"chose_seed":false,"campfire_upgraded":10,"win_rate":0.0,"timestamp":1611553231,"path_taken":["M","?","?","M","M","R","?","R","T","M","?","M","R","$","R","BOSS","M","M","?","?","$","E","R","M","T","?","R","M","?","?","R","BOSS","M","?","$","?","?","E","R","M","T","R","M","?","$","?","R","BOSS"],"items_purchased_type":["Card","Card","Relic"],"build_version":"2020-12-22","purchased_purges":3,"victory":true,"max_hp_per_floor":[70,70,70,70,70,70,70,70,70,70,70,70,70,70,70,70,70,70,70,70,70,70,70,70,70,70,70,70,70,70,70,70,70,70,70,70,70,70,70,70,70,70,70,70,70,70,70,70,70,70],"card_choices":[{"not_picked":["bard:QuickSong","bard:Shout"],"picked":"bard:EnGarde","floor":1.0},{"not_picked":["bard:EchoEcho","bard:Sift"],"picked":"bard:Greatness","floor":4.0},{"not_picked":["bard:TinyHut","bard:EchoEcho"],"picked":"bard:ThickOfTheFight","floor":5.0},{"not_picked":["bard:Thunderwave","bard:EchoEcho","bard:TinyHut"],"picked":"SKIP","floor":10.0},{"not_picked":["bard:InspiringSong","bard:GreaterMagicWeapon","bard:ViciousMockery"],"picked":"SKIP","floor":11.0},{"not_picked":["bard:StudiedStrike","bard:Aphasia","bard:LingeringPerformance"],"picked":"SKIP","floor":12.0},{"not_picked":["bard:Wish","bard:FingerOfDeath"],"picked":"bard:BottledSong","floor":16.0},{"not_picked":["bard:Sift","bard:Shout","bard:Demoralize"],"picked":"SKIP","floor":18.0},{"not_picked":["bard:FeastOnFear","bard:ThickOfTheFight+1","bard:EchoEcho"],"picked":"SKIP","floor":19.0},{"not_picked":["bard:Parry","bard:Sift"],"picked":"bard:SixFourTime+1","floor":21.0},{"not_picked":["bard:Heroism","bard:Doot","bard:Sift"],"picked":"SKIP","floor":23.0},{"not_picked":["bard:PhantasmalForce","bard:LocateObject","bard:LingeringPerformance+1"],"picked":"SKIP","floor":25.0},{"not_picked":["bard:ThickOfTheFight","bard:InspiringSong","bard:Fermata"],"picked":"SKIP","floor":29.0},{"not_picked":["bard:DeathMetal","bard:FingerOfDeath"],"picked":"bard:CovetousAura","floor":33.0},{"not_picked":["bard:Shout+1","bard:Thunderwave"],"picked":"bard:OffKey+1","floor":35.0},{"not_picked":["bard:Gamble+1","bard:Sift+1"],"picked":"bard:Shifting","floor":40.0},{"not_picked":["bard:FalseLife+1","bard:BucklerBash+1","bard:HarmoniousVoice+1"],"picked":"SKIP","floor":42.0},{"not_picked":["bard:EchoEcho+1","bard:LingeringEcho"],"picked":"bard:LifeDrain","floor":45},{"not_picked":["bard:CuttingWords","bard:LingeringEcho+1"],"picked":"bard:LingeringPerformance+1","floor":48}],"player_experience":1015196,"relics_obtained":[{"floor":2.0,"key":"Nunchaku"},{"floor":9.0,"key":"Kunai"},{"floor":21.0,"key":"Red Mask"},{"floor":23.0,"key":"Akabeko"},{"floor":26.0,"key":"bard:OilPainting"},{"floor":40.0,"key":"HornCleat"}],"event_choices":[{"cards_removed":["bard:Strike"],"damage_healed":0.0,"max_hp_gain":0.0,"max_hp_loss":0.0,"gold_gain":0.0,"event_name":"Living Wall","player_choice":"Forget","floor":3.0,"gold_loss":0.0,"damage_taken":0.0},{"damage_healed":0.0,"max_hp_gain":0.0,"max_hp_loss":0.0,"gold_gain":0.0,"cards_transformed":["bard:Strike"],"event_name":"Transmorgrifier","player_choice":"Transformed","floor":7.0,"gold_loss":0.0,"damage_taken":0.0,"cards_obtained":["bard:LingeringPerformance"]},{"damage_healed":0.0,"max_hp_gain":0.0,"max_hp_loss":0.0,"gold_gain":99.0,"event_name":"Nest","player_choice":"Stole From Cult","floor":20.0,"gold_loss":0.0,"damage_taken":0.0},{"damage_healed":0.0,"max_hp_gain":0.0,"max_hp_loss":0.0,"gold_gain":0.0,"event_name":"Masked Bandits","player_choice":"Fought Bandits","floor":21.0,"gold_loss":0.0,"damage_taken":0.0},{"damage_healed":0.0,"max_hp_gain":0.0,"max_hp_loss":0.0,"gold_gain":0.0,"event_name":"The Mausoleum","player_choice":"Opened","floor":27.0,"gold_loss":0.0,"damage_taken":0.0,"relics_obtained":["Bird Faced Urn"]},{"damage_healed":0.0,"max_hp_gain":0.0,"max_hp_loss":0.0,"gold_gain":0.0,"event_name":"Mysterious Sphere","player_choice":"Ignored","floor":36.0,"gold_loss":0.0,"damage_taken":0.0},{"damage_healed":0.0,"max_hp_gain":0.0,"max_hp_loss":0.0,"gold_gain":222.0,"event_name":"Tomb of Lord Red Mask","player_choice":"Wore Mask","floor":38.0,"gold_loss":0.0,"damage_taken":0.0},{"cards_removed":["bard:SixFourTime"],"damage_healed":0.0,"max_hp_gain":0.0,"max_hp_loss":0.0,"gold_gain":0.0,"event_name":"Falling","player_choice":"Removed Power","floor":39.0,"gold_loss":0.0,"damage_taken":0.0},{"damage_healed":0,"gold_gain":0,"player_choice":"Upgraded Two","damage_taken":0,"max_hp_gain":0,"max_hp_loss":0,"event_name":"Designer","floor":46,"gold_loss":40,"cards_upgraded":["bard:Defend","bard:CovetousAura"]}],"is_beta":false,"boss_relics":[{"not_picked":["Empty Cage","Coffee Dripper"],"picked":"Cursed Key"},{"not_picked":["Runic Dome","Snecko Eye"],"picked":"Runic Pyramid"}],"items_purged_floors":[14,22,30],"is_endless":false,"potions_floor_spawned":[1,11,12,18,21,25,29,35,40,45,48],"ascension_level":0}}