{"host":"rcus31dlwi4i4y2l","time":1611552837,"event":{"mods":["AchievementEnabler","BaseMod","Downfall","Googly Eyes","Hermit","Infinite Spire","Marisa????????","Minty Spire (QoL Compilation)","StSLib","The Bug Knight","The Cursed","The IronCluck"],"gold_per_floor":[118,137,157,127,77,77,92,118,118,393,409,130,149,164,164,268,268,282,282,301,601,615,942,942,967,967,967,982,409,409,409,409,511,511,527,538,169,182,201,235,335,364,418,430,430,430,430,463,463,562,562,577,677,581,607,607,607,623,613,689,701,443,472,487,286,286,359,359,367,371,371,373,373,395,399,399,479,479,479,494,593,608,608,681,681,677,713,713,708,713,719,693,729,809,827,893,905,938,955,967,1033,1045,1064,1086,1098,1125,1137,1130,1142,1178,1190,1202,1262,1274,1310,1329,1341,1424,1436,1460,1484,1502,1509,1522,1557,1569,1581,1593,1623,1635,1650,1662,1688,1700,1783,1795,1806,1825,1840,1886,1972,1984,1998,2014,2026,2060,2061,2073,2123,234,234,177,177,177,177,191,243],"floor_reached":158,"language":"ENG","playtime":17698,"items_purged":["Regret","Wraith Form v2","Choke","Masterful Stab","Blade Dance+1"],"score":4997,"play_id":"9f06b83c-b0e0-4285-b3d1-806cdf71d9ba","local_time":"20210124233357","is_ascension_mode":true,"campfire_choices":[{"data":"Sucker Punch","floor":6,"key":"SMITH"},{"data":"Prepared","floor":15,"key":"SMITH"},{"data":"Tactician","floor":24,"key":"SMITH"},{"data":"infinitespire:Punishment","floor":27,"key":"SMITH"},{"floor":32,"key":"RECALL"},{"data":"Adrenaline","floor":45,"key":"SMITH"},{"data":"Acrobatics","floor":49,"key":"SMITH"},{"data":"infinitespire:Gouge","floor":57,"key":"SMITH"},{"floor":66,"key":"REST"},{"data":"Doppelganger","floor":79,"key":"SMITH"},{"data":"infinitespire:Fortify","floor":83,"key":"SMITH"},{"data":"Panache","floor":100,"key":"SMITH"},{"data":"infinitespire:Punishment","floor":109,"key":"SMITH"},{"data":"Adrenaline","floor":112,"key":"SMITH"},{"data":"Footwork","floor":117,"key":"SMITH"},{"data":"1","floor":132,"key":"LIFT"},{"data":"2","floor":134,"key":"LIFT"},{"data":"3","floor":142,"key":"LIFT"},{"data":"Tools of the Trade","floor":151,"key":"SMITH"},{"data":"infinitespire:Collect","floor":154,"key":"SMITH"}],"circlet_count":0,"master_deck":["Survivor","Sucker Punch+1","Prepared+1","Footwork+1","Dagger Throw","Dagger Throw","Slice","Underhanded Strike+1","Deflect","Adrenaline+1","Calculated Gamble+1","Predator","Deflect","Malaise+1","Leg Sweep","Tactician+1","infinitespire:Punishment+1","Acrobatics+1","Heel Hook+1","Panache+1","Dagger Throw","infinitespire:Fortify","Phantasmal Killer","Eviscerate","Well Laid Plans+1","Footwork","Underhanded Strike+1","infinitespire:Fortify+1","Trip+1","infinitespire:Gouge+1","Blur","Doppelganger+1","Heel Hook","Reflex","Backflip","Cloak And Dagger+1","CurseOfTheBell","infinitespire:Punishment+1","Acrobatics+1","Heel Hook+1","Adrenaline+1","Backflip+1","infinitespire:Collect+1","Reflex","Tools of the Trade+1"],"relics":["Ring of the Serpent","Ancient Tea Set","Pantograph","Mercury Hourglass","infinitespire:Beetle Shell","Sozu","Pandora\u0027s Box","Old Coin","Old Coin","HollowMod:PaleOreRelic","Bottled Flame","Vajra","Chemical X","Empty Cage","Sling","Anchor","Centennial Puzzle","infinitespire:Golems Mask","Kunai","Matryoshka","Black Star","PreservedInsect","Happy Flower","Frozen Eye","Art of War","infinitespire:FocusingShard","Snake Skull","Blue Candle","Ornamental Fan","Omamori","infinitespire:Bottled Soul","Oddly Smooth Stone","The Courier","Bottled Lightning","SlaversCollar","Bag of Preparation","Pen Nib","Toy Ornithopter","Nilry\u0027s Codex","infinitespire:BottledMercury","sneckomod:BabySnecko","Orichalcum","infinitespire:WardingShard","Ice Cream","Tiny Chest","Calling Bell","Dream Catcher","Gremlin Horn","WingedGreaves","The Specimen","MawBank","Strawberry","Torii","Sundial","Singing Bowl","StoneCalendar","Lantern","War Paint","Bottled Tornado","Juzu Bracelet","Mummified Hand","MealTicket","Potion Belt","HollowMod:LifeEnderRelic","Nunchaku","infinitespire:CursedDice","infinitespire:Lucky Rock","infinitespire:Satchel","Philosopher\u0027s Stone","infinitespire:Eraser","infinitespire:Midas Blood","infinitespire:ShieldingShard","Girya","infinitespire:PuzzleCube","Whetstone","Tingsha","Meat on the Bone","Blood Vial","WristBlade","Du-Vu Doll","HornCleat","Shuriken","Bronze Scales","White Beast Statue","Regal Pillow","Bag of Marbles","infinitespire:Lychee Nut","Toxic Egg 2","ClockworkSouvenir","Paper Crane","Molten Egg 2","Frozen Egg 2","infinitespire:Magic Flask","Letter Opener","Darkstone Periapt","Incense Burner","Busted Crown","infinitespire:EmpoweringShard","infinitespire:CheckeredPen"],"acts_visited":["Exordium","TheCity","TheBeyond","Exordium","TheCity","TheBeyond","Exordium","TheCity","TheBeyond","TheEnding"],"potions_floor_usage":[8,11,20,39],"damage_taken":[{"damage":8,"enemies":"Jaw Worm","floor":1,"turns":5},{"damage":1,"enemies":"Small Slimes","floor":2,"turns":4},{"damage":0,"enemies":"infinitespire:Voidling","floor":3,"turns":5},{"damage":0,"enemies":"Looter","floor":4,"turns":4},{"damage":2,"enemies":"Exordium Thugs","floor":7,"turns":3},{"damage":43,"enemies":"3 Sentries","floor":8,"turns":11},{"damage":3,"enemies":"3 Louse","floor":11,"turns":2},{"damage":2,"enemies":"2 Fungi Beasts","floor":13,"turns":3},{"damage":4,"enemies":"Blue Slaver","floor":14,"turns":3},{"damage":13,"enemies":"Slime Boss","floor":16,"turns":9},{"damage":3,"enemies":"3 Byrds","floor":18,"turns":4},{"damage":1,"enemies":"2 Thieves","floor":20,"turns":2},{"damage":11,"enemies":"Snake Plant","floor":22,"turns":2},{"damage":12,"enemies":"HollowMod:Nosk","floor":23,"turns":4},{"damage":0,"enemies":"Gremlin Leader","floor":25,"turns":4},{"damage":0,"enemies":"Snecko","floor":28,"turns":3},{"damage":11,"enemies":"Champ","floor":33,"turns":8},{"damage":0,"enemies":"3 Darklings","floor":35,"turns":2},{"damage":0,"enemies":"3 Shapes","floor":36,"turns":2},{"damage":0,"enemies":"Sphere and 2 Shapes","floor":38,"turns":1},{"damage":6,"enemies":"Transient","floor":39,"turns":5},{"damage":2,"enemies":"Reptomancer","floor":40,"turns":3},{"damage":13,"enemies":"infinitespire:Three Voidlings","floor":41,"turns":3},{"damage":2,"enemies":"Nightmare_Alpha","floor":41,"turns":9},{"damage":7,"enemies":"Giant Head","floor":42,"turns":4},{"damage":0,"enemies":"Maw","floor":44,"turns":4},{"damage":0,"enemies":"Nemesis","floor":48,"turns":3},{"damage":26,"enemies":"infinitespire:MassOfShapes","floor":50,"turns":8},{"damage":0,"enemies":"Cultist","floor":52,"turns":1},{"damage":0,"enemies":"Jaw Worm","floor":58,"turns":1},{"damage":66,"enemies":"Nightmare_Alpha","floor":59,"turns":5},{"damage":0,"enemies":"3 Sentries","floor":61,"turns":3},{"damage":0,"enemies":"Lagavulin","floor":63,"turns":1},{"damage":0,"enemies":"Small Slimes","floor":64,"turns":1},{"damage":30,"enemies":"The Guardian","floor":67,"turns":4},{"damage":0,"enemies":"Chosen","floor":69,"turns":1},{"damage":0,"enemies":"3 Byrds","floor":70,"turns":2},{"damage":0,"enemies":"Centurion and Healer","floor":71,"turns":2},{"damage":0,"enemies":"Snecko","floor":72,"turns":1},{"damage":0,"enemies":"Gremlin Leader","floor":74,"turns":2},{"damage":0,"enemies":"3 Cultists","floor":75,"turns":3},{"damage":0,"enemies":"Book of Stabbing","floor":80,"turns":2},{"damage":0,"enemies":"Slavers","floor":82,"turns":1},{"damage":0,"enemies":"Collector","floor":84,"turns":3},{"damage":1,"enemies":"3 Shapes","floor":86,"turns":1},{"damage":0,"enemies":"2 Orb Walkers","floor":87,"turns":1},{"damage":1,"enemies":"3 Darklings","floor":89,"turns":3},{"damage":0,"enemies":"Jaw Worm Horde","floor":90,"turns":1},{"damage":0,"enemies":"Giant Head","floor":91,"turns":2},{"damage":1,"enemies":"Transient","floor":92,"turns":4},{"damage":0,"enemies":"Nemesis","floor":93,"turns":1},{"damage":0,"enemies":"Giant Head","floor":95,"turns":2},{"damage":0,"enemies":"Nemesis","floor":98,"turns":1},{"damage":0,"enemies":"Sphere and 2 Shapes","floor":99,"turns":1},{"damage":1,"enemies":"Awakened One","floor":101,"turns":3},{"damage":0,"enemies":"Cultist","floor":103,"turns":1},{"damage":0,"enemies":"2 Louse","floor":104,"turns":1},{"damage":0,"enemies":"Small Slimes","floor":106,"turns":1},{"damage":26,"enemies":"Nightmare_Alpha","floor":108,"turns":5},{"damage":0,"enemies":"Gremlin Nob","floor":110,"turns":1},{"damage":0,"enemies":"Lagavulin","floor":115,"turns":1},{"damage":0,"enemies":"Looter","floor":116,"turns":1},{"damage":1,"enemies":"Slime Boss","floor":118,"turns":2},{"damage":0,"enemies":"Shell Parasite","floor":120,"turns":1},{"damage":0,"enemies":"Chosen","floor":121,"turns":2},{"damage":0,"enemies":"Centurion and Healer","floor":122,"turns":1},{"damage":0,"enemies":"3 Cultists","floor":123,"turns":2},{"damage":0,"enemies":"Sentry and Sphere","floor":124,"turns":1},{"damage":0,"enemies":"Gremlin Leader","floor":125,"turns":1},{"damage":0,"enemies":"Centurion and Healer","floor":127,"turns":2},{"damage":0,"enemies":"Book of Stabbing","floor":129,"turns":1},{"damage":0,"enemies":"Snake Plant","floor":131,"turns":1},{"damage":0,"enemies":"Gremlin Leader","floor":133,"turns":1},{"damage":0,"enemies":"Automaton","floor":135,"turns":3},{"damage":0,"enemies":"3 Darklings","floor":137,"turns":1},{"damage":0,"enemies":"3 Shapes","floor":138,"turns":1},{"damage":0,"enemies":"Writhing Mass","floor":139,"turns":1},{"damage":0,"enemies":"Mind Bloom Boss Battle","floor":140,"turns":2},{"damage":0,"enemies":"Spire Growth","floor":143,"turns":1},{"damage":0,"enemies":"Nemesis","floor":144,"turns":3},{"damage":0,"enemies":"Giant Head","floor":146,"turns":1},{"damage":0,"enemies":"Maw","floor":147,"turns":2},{"damage":0,"enemies":"2 Orb Walkers","floor":149,"turns":2},{"damage":0,"enemies":"infinitespire:LordOfFortification","floor":152,"turns":11},{"damage":0,"enemies":"Shield and Spear","floor":156,"turns":2},{"damage":0,"enemies":"The Heart","floor":157,"turns":6}],"seed_played":"4530087504743035637","potions_obtained":[{"floor":2,"key":"Regen Potion"},{"floor":3,"key":"Energy Potion"},{"floor":11,"key":"Fruit Juice"},{"floor":14,"key":"SpeedPotion"},{"floor":16,"key":"CunningPotion"}],"is_trial":false,"path_per_floor":["M","M","M","M","?","R","M","E","T","?","M","$","M","M","R","B",null,"M","?","M","AVR","M","E","R","E","T","R","M","$","?","?","R","B",null,"M","M","$","M","M","E","?","E","T","M","R","?","?","E","R","B",null,"M","?","$","T","AVR","R","M","NM","T","E","$","E","M","$","R","B",null,"M","M","M","M","?","E","M","?","T","?","R","E","?","E","R","B",null,"M","?","?","M","M","E","M","E","T","E","T","?","E","M","R","B",null,"M","M","?","M","?","NM","R","E","T","R","T","?","E","M","R","B",null,"M","M","M","M","M","E","AVR","M","T","E","?","M","R","E","R","B",null,"M","M","M","?","T","R","M","E","T","E","M","?","?","$","R","B",null,"R","$","E","B",null],"character_chosen":"THE_SILENT","items_purchased":["infinitespire:Beetle Shell","Slice","Vajra","Chemical X","Panache","Sling","Footwork","Anchor","Trip","infinitespire:Bottled Soul","Bottled Lightning","Toxic Egg 2","ClockworkSouvenir","Paper Crane","Molten Egg 2","Frozen Egg 2","infinitespire:Magic Flask","Letter Opener","Darkstone Periapt","Incense Burner"],"campfire_rested":1,"item_purchase_floors":[12,12,29,29,29,37,37,37,54,62,65,150,150,150,150,150,150,150,150,150],"current_hp_per_floor":[62,61,61,61,61,61,59,31,31,31,33,33,31,27,27,39,75,72,69,68,68,57,45,45,45,45,45,45,45,45,27,27,41,75,75,75,75,75,69,67,56,49,49,49,49,49,49,49,49,45,71,71,71,71,71,71,71,71,5,5,15,15,15,15,15,36,41,71,71,71,71,71,71,71,71,55,55,55,55,55,55,55,55,71,71,71,71,71,70,70,71,71,78,78,80,80,76,78,80,80,79,80,82,84,77,79,79,55,55,57,57,57,57,57,59,61,61,87,96,98,100,102,104,104,106,106,108,108,110,110,112,112,114,114,116,116,116,118,120,122,122,122,124,126,126,128,128,122,93,93,93,95,95,95,95,97,99],"gold":243,"neow_bonus":"RANDOM_COMMON_RELIC","is_daily":false,"chose_seed":false,"campfire_upgraded":15,"win_rate":0.0,"timestamp":1611552837,"path_taken":["M","M","M","M","?","R","M","E","T","?","?","$","M","M","R","BOSS","M","?","M","AVR","M","E","R","E","T","R","M","?","?","?","R","BOSS","M","M","$","M","M","E","?","E","T","M","R","?","?","E","R","BOSS","M","?","$","?","AVR","R","M","NM","T","E","?","E","M","$","R","BOSS","M","?","M","M","?","E","M","?","T","?","R","E","?","E","R","BOSS","M","?","?","?","M","E","M","E","T","E","?","?","E","M","R","BOSS","M","M","?","M","?","NM","R","E","T","R","?","?","E","M","R","BOSS","M","M","M","M","M","E","AVR","M","T","E","?","M","R","E","R","BOSS","M","M","M","?","?","R","M","E","T","E","M","?","?","$","R","BOSS","R","$","E","BOSS"],"items_purchased_type":["Relic","Card","Relic","Relic","Card","Relic","Card","Relic","Card","Relic","Relic","Relic","Relic","Relic","Relic","Relic","Relic","Relic","Relic","Relic"],"build_version":"2020-12-22","purchased_purges":5,"victory":true,"max_hp_per_floor":[70,70,70,70,70,70,70,70,70,70,75,75,75,75,75,75,75,75,75,75,75,75,75,75,75,75,75,75,75,75,75,75,75,75,75,75,75,75,75,75,75,75,75,75,75,71,71,71,71,71,71,71,71,71,71,71,71,71,71,71,71,71,71,71,71,71,71,71,71,71,71,71,71,71,71,71,71,71,71,71,71,71,71,71,71,71,71,71,71,71,71,71,78,78,80,80,76,78,80,80,80,80,82,84,84,86,86,88,88,90,90,90,90,90,92,94,94,96,96,98,100,102,104,104,106,106,108,108,110,110,112,112,114,114,116,116,116,118,120,122,122,122,124,126,126,128,128,122,93,93,93,95,95,95,95,97,99],"card_choices":[{"not_picked":["Bane","Finisher"],"picked":"Sucker Punch","floor":1},{"not_picked":["PiercingWail","Reflex"],"picked":"Prepared","floor":2},{"not_picked":["Riddle With Holes","PiercingWail"],"picked":"Footwork","floor":3},{"not_picked":["Die Die Die","Noxious Fumes"],"picked":"All Out Attack","floor":4},{"not_picked":["Acrobatics","Skewer"],"picked":"Dagger Throw","floor":7},{"not_picked":["Noxious Fumes","Night Terror"],"picked":"Dagger Throw","floor":8},{"not_picked":["Caltrops","Distraction","Poisoned Stab"],"picked":"SKIP","floor":11},{"not_picked":["Acrobatics","Deflect"],"picked":"Underhanded Strike","floor":13},{"not_picked":["Sucker Punch","Slice"],"picked":"Deflect","floor":14},{"not_picked":["Wraith Form v2","Bullet Time"],"picked":"Adrenaline","floor":16},{"not_picked":["Flying Knee","Poisoned Stab","PiercingWail"],"picked":"SKIP","floor":18},{"not_picked":["Noxious Fumes","Flying Knee"],"picked":"Calculated Gamble+1","floor":20},{"not_picked":["Skewer","Flechettes+1"],"picked":"Acrobatics","floor":22},{"not_picked":["Noxious Fumes+1","Riddle With Holes","infinitespire:Neurotoxin"],"picked":"SKIP","floor":23},{"not_picked":["Dagger Throw","Underhanded Strike+1"],"picked":"Heel Hook","floor":25},{"not_picked":["Masterful Stab","Catalyst","Bane+1"],"picked":"SKIP","floor":28},{"not_picked":["infinitespire:Oblivion","infinitespire:NeuralNetwork"],"picked":"infinitespire:Fortify","floor":31},{"not_picked":["Burst","Night Terror"],"picked":"Phantasmal Killer","floor":33},{"not_picked":["Catalyst+1","Skewer"],"picked":"Eviscerate","floor":35},{"not_picked":["Deflect+1","Dodge and Roll"],"picked":"Well Laid Plans","floor":36},{"not_picked":["Quick Slash","Sucker Punch"],"picked":"Underhanded Strike+1","floor":38},{"not_picked":["Outmaneuver+1","Caltrops"],"picked":"Blade Dance+1","floor":39},{"not_picked":["Eviscerate+1","Dodge and Roll+1","Dagger Throw"],"picked":"SKIP","floor":40},{"not_picked":["infinitespire:FinalStrike","infinitespire:Oblivion"],"picked":"infinitespire:Fortify","floor":41},{"not_picked":["Riddle With Holes+1","Bane+1","Storm of Steel"],"picked":"SKIP","floor":42},{"not_picked":["Bane+1","PiercingWail","Dagger Spray+1"],"picked":"SKIP","floor":44},{"not_picked":["Catalyst","Riddle With Holes+1","Flying Knee+1"],"picked":"SKIP","floor":48},{"not_picked":["Dash","Dagger Spray","Quick Slash"],"picked":"SKIP","floor":52},{"not_picked":["Flechettes","Dagger Throw","Blur"],"picked":"SKIP","floor":58},{"not_picked":["infinitespire:TheBestDefense","infinitespire:FinalStrike"],"picked":"infinitespire:Starlight","floor":59},{"not_picked":["Predator","All Out Attack","Finisher"],"picked":"SKIP","floor":59},{"not_picked":["Blade Dance","Deadly Poison"],"picked":"Blur","floor":61},{"not_picked":["Backstab","Dash","Escape Plan"],"picked":"SKIP","floor":63},{"not_picked":["Eviscerate","Masterful Stab","Dagger Spray"],"picked":"SKIP","floor":64},{"not_picked":["Adrenaline","Unload"],"picked":"Doppelganger","floor":67},{"not_picked":["Endless Agony","Outmaneuver","Slice"],"picked":"SKIP","floor":69},{"not_picked":["Backstab+1","Flying Knee","Quick Slash"],"picked":"SKIP","floor":70},{"not_picked":["Dagger Spray","Flying Knee+1","Outmaneuver"],"picked":"SKIP","floor":71},{"not_picked":["Calculated Gamble","Prepared","Choke"],"picked":"SKIP","floor":72},{"not_picked":["Flying Knee+1","Blur"],"picked":"Heel Hook","floor":74},{"not_picked":["Sucker Punch+1","Footwork"],"picked":"Reflex","floor":75},{"not_picked":["Accuracy","Skewer"],"picked":"Backflip","floor":80},{"not_picked":["Masterful Stab","Underhanded Strike"],"picked":"Cloak And Dagger+1","floor":82},{"not_picked":["Dagger Spray","Sucker Punch+1","Crippling Poison+1"],"picked":"SKIP","floor":86},{"not_picked":["Dagger Spray+1","Dagger Throw","Quick Slash"],"picked":"SKIP","floor":89},{"not_picked":["infinitespire:Oblivion","infinitespire:SevenWalls"],"picked":"infinitespire:Punishment","floor":89},{"not_picked":["Dagger Spray+1","Dagger Throw","Quick Slash"],"picked":"SKIP","floor":89},{"not_picked":["Slice","Accuracy+1"],"picked":"Acrobatics+1","floor":90},{"not_picked":["Phantasmal Killer","Outmaneuver+1","Quick Slash"],"picked":"SKIP","floor":91},{"not_picked":["Escape Plan","Skewer+1"],"picked":"Heel Hook+1","floor":92},{"not_picked":["Quick Slash","Poisoned Stab+1","Predator"],"picked":"SKIP","floor":93},{"not_picked":["Expertise+1","Cloak And Dagger","PiercingWail+1"],"picked":"Singing Bowl","floor":95},{"not_picked":["Cloak And Dagger","Dagger Spray+1","Acrobatics"],"picked":"Singing Bowl","floor":98},{"not_picked":["Footwork+1","Dodge and Roll+1","Acrobatics+1"],"picked":"Singing Bowl","floor":99},{"not_picked":["Storm of Steel","Die Die Die"],"picked":"Adrenaline","floor":101},{"not_picked":["Dagger Spray","All Out Attack","Predator"],"picked":"Singing Bowl","floor":103},{"not_picked":["Leg Sweep","Underhanded Strike","Dodge and Roll"],"picked":"Singing Bowl","floor":104},{"not_picked":["Backflip","Expertise","Riddle With Holes"],"picked":"Singing Bowl","floor":106},{"not_picked":["Predator","All Out Attack","Prepared"],"picked":"Singing Bowl","floor":108},{"not_picked":["Storm of Steel","Predator","Slice"],"picked":"Singing Bowl","floor":110},{"not_picked":["Catalyst","Distraction","Dash"],"picked":"Singing Bowl","floor":115},{"not_picked":["Flechettes","Dagger Spray","Underhanded Strike"],"picked":"Singing Bowl","floor":116},{"not_picked":["Corpse Explosion","Malaise","Unload"],"picked":"Singing Bowl","floor":118},{"not_picked":["Crippling Poison","Prepared","Masterful Stab"],"picked":"Singing Bowl","floor":120},{"not_picked":["PiercingWail","Predator+1","Outmaneuver"],"picked":"Singing Bowl","floor":121},{"not_picked":["Distraction+1","Sucker Punch","Underhanded Strike+1"],"picked":"Singing Bowl","floor":122},{"not_picked":["Poisoned Stab","Dodge and Roll","Blade Dance"],"picked":"Singing Bowl","floor":123},{"not_picked":["Dagger Spray","Deflect"],"picked":"Backflip+1","floor":124},{"not_picked":["All Out Attack","Flechettes+1","Dagger Throw"],"picked":"Singing Bowl","floor":125},{"not_picked":["Dagger Spray","Underhanded Strike","Prepared"],"picked":"Singing Bowl","floor":127},{"not_picked":["PiercingWail","Flechettes+1","Backflip"],"picked":"Singing Bowl","floor":129},{"not_picked":["Dash","Blade Dance","Dodge and Roll"],"picked":"Singing Bowl","floor":131},{"not_picked":["Caltrops","Bullet Time","Backflip"],"picked":"Singing Bowl","floor":133},{"not_picked":["Storm of Steel","Glass Knife","Unload"],"picked":"Singing Bowl","floor":135},{"not_picked":["Terror+1","Calculated Gamble"],"picked":"Reflex","floor":137},{"not_picked":["Outmaneuver","Distraction+1","PiercingWail+1"],"picked":"Singing Bowl","floor":138},{"not_picked":["Dagger Throw+1","Calculated Gamble+1","Blade Dance"],"picked":"Singing Bowl","floor":139},{"not_picked":["Underhanded Strike+1","Sucker Punch","Blade Dance"],"picked":"Singing Bowl","floor":140},{"not_picked":["Deflect+1","Cloak And Dagger+1","Leg Sweep"],"picked":"Singing Bowl","floor":143},{"not_picked":["Malaise","Bane+1","Underhanded Strike+1"],"picked":"Singing Bowl","floor":144},{"not_picked":["Sucker Punch+1","All Out Attack","Outmaneuver"],"picked":"Singing Bowl","floor":146},{"not_picked":["Flying Knee","Backflip"],"picked":"Tools of the Trade","floor":147},{"not_picked":["Blade Dance","Escape Plan+1","Bane"],"picked":"Singing Bowl","floor":149},{"not_picked":["Storm of Steel+1","Die Die Die+1","Night Terror+1"],"picked":"Singing Bowl","floor":152},{"not_picked":["Dodge and Roll+1"],"picked":"Singing Bowl","floor":156},{"not_picked":["Night Terror+1"],"picked":"Singing Bowl","floor":157}],"player_experience":164391,"relics_obtained":[{"floor":8,"key":"Pantograph"},{"floor":9,"key":"Mercury Hourglass"},{"floor":23,"key":"Old Coin"},{"floor":25,"key":"HollowMod:PaleOreRelic"},{"floor":26,"key":"Bottled Flame"},{"floor":40,"key":"Centennial Puzzle"},{"floor":41,"key":"infinitespire:Golems Mask"},{"floor":42,"key":"Kunai"},{"floor":48,"key":"Matryoshka"},{"floor":55,"key":"PreservedInsect"},{"floor":55,"key":"Happy Flower"},{"floor":59,"key":"Art of War"},{"floor":59,"key":"infinitespire:FocusingShard"},{"floor":60,"key":"Snake Skull"},{"floor":60,"key":"Blue Candle"},{"floor":61,"key":"Ornamental Fan"},{"floor":61,"key":"Omamori"},{"floor":63,"key":"Oddly Smooth Stone"},{"floor":63,"key":"The Courier"},{"floor":74,"key":"Pen Nib"},{"floor":74,"key":"Toy Ornithopter"},{"floor":76,"key":"Nilry\u0027s Codex"},{"floor":77,"key":"infinitespire:BottledMercury"},{"floor":80,"key":"Orichalcum"},{"floor":80,"key":"infinitespire:WardingShard"},{"floor":82,"key":"Ice Cream"},{"floor":82,"key":"Tiny Chest"},{"floor":85,"key":"Dream Catcher"},{"floor":85,"key":"Gremlin Horn"},{"floor":85,"key":"WingedGreaves"},{"floor":91,"key":"The Specimen"},{"floor":91,"key":"MawBank"},{"floor":93,"key":"Strawberry"},{"floor":93,"key":"Torii"},{"floor":94,"key":"Sundial"},{"floor":95,"key":"Singing Bowl"},{"floor":95,"key":"StoneCalendar"},{"floor":96,"key":"Lantern"},{"floor":98,"key":"War Paint"},{"floor":98,"key":"Bottled Tornado"},{"floor":108,"key":"Juzu Bracelet"},{"floor":108,"key":"Mummified Hand"},{"floor":110,"key":"MealTicket"},{"floor":110,"key":"Potion Belt"},{"floor":111,"key":"HollowMod:LifeEnderRelic"},{"floor":113,"key":"Nunchaku"},{"floor":114,"key":"infinitespire:CursedDice"},{"floor":115,"key":"infinitespire:Lucky Rock"},{"floor":115,"key":"infinitespire:Satchel"},{"floor":125,"key":"infinitespire:Eraser"},{"floor":125,"key":"infinitespire:Midas Blood"},{"floor":128,"key":"Girya"},{"floor":129,"key":"infinitespire:PuzzleCube"},{"floor":129,"key":"Whetstone"},{"floor":130,"key":"Tingsha"},{"floor":133,"key":"Meat on the Bone"},{"floor":133,"key":"Blood Vial"},{"floor":140,"key":"Du-Vu Doll"},{"floor":141,"key":"HornCleat"},{"floor":144,"key":"Shuriken"},{"floor":144,"key":"Bronze Scales"},{"floor":145,"key":"White Beast Statue"},{"floor":146,"key":"Regal Pillow"},{"floor":146,"key":"Bag of Marbles"},{"floor":149,"key":"infinitespire:Lychee Nut"},{"floor":156,"key":"infinitespire:EmpoweringShard"},{"floor":156,"key":"infinitespire:CheckeredPen"}],"event_choices":[{"cards_removed":["Defend_G"],"damage_healed":0,"gold_gain":0,"player_choice":"Card Removal","damage_taken":0,"max_hp_gain":0,"max_hp_loss":0,"event_name":"The Cleric","floor":5,"gold_loss":50},{"damage_healed":0,"gold_gain":275,"player_choice":"Desecrate","damage_taken":0,"max_hp_gain":0,"max_hp_loss":0,"event_name":"Golden Shrine","floor":10,"gold_loss":0,"cards_obtained":["Regret"]},{"damage_healed":0,"gold_gain":0,"player_choice":"Punched","damage_taken":3,"max_hp_gain":0,"max_hp_loss":0,"event_name":"Designer","floor":19,"gold_loss":0},{"damage_healed":0,"gold_gain":0,"player_choice":"Read","damage_taken":0,"max_hp_gain":0,"max_hp_loss":0,"event_name":"The Library","floor":30,"gold_loss":0,"cards_obtained":["Dagger Throw"]},{"damage_healed":0,"gold_gain":0,"player_choice":"Max HP","damage_taken":0,"max_hp_gain":0,"max_hp_loss":4,"event_name":"Winding Halls","floor":46,"gold_loss":0},{"damage_healed":0,"gold_gain":0,"player_choice":"Upgraded","damage_taken":0,"max_hp_gain":0,"max_hp_loss":0,"event_name":"Upgrade Shrine","floor":47,"gold_loss":0,"cards_upgraded":["Well Laid Plans"]},{"damage_healed":0,"gold_gain":100,"player_choice":"Pray","damage_taken":0,"max_hp_gain":0,"max_hp_loss":0,"event_name":"Golden Shrine","floor":53,"gold_loss":0},{"damage_healed":0,"gold_gain":0,"player_choice":"Opened","damage_taken":0,"relics_obtained":["Bag of Preparation"],"max_hp_gain":0,"max_hp_loss":0,"event_name":"The Mausoleum","floor":73,"gold_loss":0,"cards_obtained":["Writhe"]},{"damage_healed":0,"gold_gain":0,"player_choice":"Obtained Book","damage_taken":16,"max_hp_gain":0,"max_hp_loss":0,"event_name":"Cursed Tome","floor":76,"gold_loss":0},{"damage_healed":0,"gold_gain":99,"player_choice":"Stole From Cult","damage_taken":0,"max_hp_gain":0,"max_hp_loss":0,"event_name":"Nest","floor":81,"gold_loss":0},{"damage_healed":0,"gold_gain":0,"player_choice":"Fight","damage_taken":0,"max_hp_gain":0,"max_hp_loss":0,"event_name":"Mysterious Sphere","floor":87,"gold_loss":0},{"damage_healed":0,"gold_gain":0,"player_choice":"0 cards matched","damage_taken":0,"max_hp_gain":0,"max_hp_loss":0,"event_name":"Match and Keep!","floor":88,"gold_loss":0,"cards_obtained":[]},{"damage_healed":0,"gold_gain":0,"player_choice":"Max HP","damage_taken":0,"max_hp_gain":0,"max_hp_loss":4,"event_name":"Winding Halls","floor":97,"gold_loss":0},{"cards_removed":["All Out Attack"],"damage_healed":0,"gold_gain":0,"player_choice":"Card Removal","damage_taken":7,"max_hp_gain":0,"max_hp_loss":0,"event_name":"Golden Wing","floor":105,"gold_loss":0},{"cards_removed":["infinitespire:Starlight"],"damage_healed":5,"gold_gain":0,"player_choice":"Offered Special","damage_taken":0,"max_hp_gain":0,"max_hp_loss":0,"event_name":"Bonfire Elementals","floor":107,"gold_loss":0},{"damage_healed":0,"gold_gain":0,"player_choice":"Relic","damage_taken":0,"max_hp_gain":0,"max_hp_loss":0,"event_name":"Wheel of Change","floor":130,"gold_loss":0},{"damage_healed":0,"gold_gain":0,"player_choice":"Fight","damage_taken":0,"max_hp_gain":0,"max_hp_loss":0,"event_name":"MindBloom","floor":140,"gold_loss":0},{"damage_healed":0,"gold_gain":0,"player_choice":"Max HP","damage_taken":0,"max_hp_gain":0,"max_hp_loss":6,"event_name":"Winding Halls","floor":148,"gold_loss":0},{"damage_healed":0,"gold_gain":0,"player_choice":"Fight","damage_taken":0,"max_hp_gain":0,"max_hp_loss":0,"event_name":"Mysterious Sphere","floor":149,"gold_loss":0}],"is_beta":false,"boss_relics":[{"not_picked":["Velvet Choker","Astrolabe"],"picked":"Sozu"},{"not_picked":["Runic Dome","WristBlade"],"picked":"Empty Cage"},{"not_picked":["Philosopher\u0027s Stone","SacredBark"],"picked":"Black Star"},{"not_picked":["WristBlade","Tiny House"],"picked":"SlaversCollar"},{"not_picked":["Fusion Hammer","HoveringKite"],"picked":"Calling Bell"},{"not_picked":["Busted Crown","Astrolabe"],"picked":"Ring of the Serpent"},{"not_picked":["Runic Pyramid","Runic Dome"],"picked":"Philosopher\u0027s Stone"},{"not_picked":["Velvet Choker","SacredBark"],"picked":"WristBlade"},{"not_picked":["Cursed Key","Snecko Eye"],"picked":"Busted Crown"}],"items_purged_floors":[12,21,29,126,150],"is_endless":true,"potions_floor_spawned":[2,3,11,14,16,20,25,33,35,36,40,41,42,58,59,63,70,72,74,75,84,86,87,89,93,104,106,108,115,118,120,123,125,129,133,137,138,139,146,147,149,152,156,157],"ascension_level":1}}