{"host":"36umirwmj0u9xjg7","time":1611612842,"event":{"mods":["Aspiration","BaseMod","CCEM","Downfall","Minty Spire (QoL Compilation)","Reliquary","Replay The Spire","StS++","StSLib","The Construct","The Gatherer","The Necromancer","The Runesmith"],"gold_per_floor":[116,116,132,147,172,172,126,126,153,163,191,191,156,156,156,259,259,275,337,337,337,357,357,52,68,68,68,68,68,81,81,81],"floor_reached":31,"language":"ENG","playtime":861,"items_purged":[],"score":281,"play_id":"750e197f-dae6-4f33-ac6f-22037bbb79bd","local_time":"20210125231402","is_ascension_mode":false,"campfire_choices":[{"data":"construct:Enhance","floor":6,"key":"SMITH"},{"data":"construct:Synchronize","floor":8,"key":"SMITH"},{"data":"construct:Enhance+1","floor":12,"key":"SMITH"},{"data":"construct:Autoturret","floor":15,"key":"SMITH"},{"data":"construct:ClockworkEgg","floor":23,"key":"SMITH"},{"data":"construct:ClockworkEgg+1","floor":29,"key":"SMITH"}],"circlet_count":0,"master_deck":["construct:Strike_Gold","construct:Strike_Gold","construct:Strike_Gold","construct:Strike_Gold","construct:Strike_Gold","construct:Defend_Gold","construct:Defend_Gold","construct:Defend_Gold","construct:Defend_Gold","construct:Defend_Gold","construct:DefenseMode","construct:Enhance+2","construct:Synchronize+1","construct:Autoturret+1","construct:MetalShell","construct:ClockworkEgg+2","Doubt"],"relics":["construct:ClockworkPhoenix","NeowsBlessing","Replay:Mystery Machine","aspiration:DSix","CCEMRelics:GrindingGear","reliquary:Knoch","Orrery","Golden Egg"],"acts_visited":["Exordium","TheCity"],"potions_floor_usage":[22,30],"damage_taken":[{"damage":0,"enemies":"Small Slimes","floor":1,"turns":1},{"damage":0,"enemies":"Cultist","floor":3,"turns":1},{"damage":0,"enemies":"Jaw Worm","floor":4,"turns":1},{"damage":8,"enemies":"Looter","floor":10,"turns":3},{"damage":34,"enemies":"Gremlin Nob","floor":11,"turns":5},{"damage":0,"enemies":"Fading Forest","floor":16,"turns":11},{"damage":8,"enemies":"3 Byrds","floor":18,"turns":3},{"damage":10,"enemies":"Chosen","floor":22,"turns":9},{"damage":15,"enemies":"Sentry and Sphere","floor":25,"turns":16},{"damage":4,"enemies":"Snake Plant","floor":30,"turns":6},{"damage":15,"enemies":"Shelled Parasite and Fungi","floor":31,"turns":2}],"seed_played":"7415555131893949797","potions_obtained":[{"floor":3,"key":"hexamod:SoulburnPotion"},{"floor":4,"key":"Swift Potion"},{"floor":10,"key":"Ancient Potion"},{"floor":19,"key":"FearPotion"},{"floor":25,"key":"LifebloodPotion"},{"floor":30,"key":"sneckomod:MuddlingPotion"}],"is_trial":false,"path_per_floor":["M","?","M","M","T","R","$","R","T","M","E","R","?","$","R","B",null,"M","?","?","?","M","R","$","M","T","$","?","R","M","M"],"character_chosen":"THE_CONSTRUCT_MOD","items_purchased":["construct:Autoturret","reliquary:Knoch","Orrery"],"campfire_rested":0,"item_purchase_floors":[7,24,24],"current_hp_per_floor":[85,85,85,85,85,85,85,85,85,77,43,43,64,64,64,64,85,77,43,43,43,33,33,33,18,18,18,18,18,14,0,0],"gold":81,"neow_bonus":"THREE_ENEMY_KILL","is_daily":false,"chose_seed":false,"campfire_upgraded":6,"win_rate":0.0,"timestamp":1611612842,"path_taken":["M","?","M","?","?","R","?","R","T","?","E","R","?","$","R","BOSS","M","?","?","?","?","R","$","M","T","?","?","R","M","M"],"items_purchased_type":["Card","Relic","Relic"],"build_version":"2020-12-22","purchased_purges":0,"victory":false,"max_hp_per_floor":[85,85,85,85,85,85,85,85,85,85,85,85,85,85,85,85,85,85,85,85,85,85,85,85,85,85,85,85,85,85,85,85],"card_choices":[{"not_picked":["construct:HeavyBolt","construct:Missile"],"picked":"construct:Enhance","floor":1},{"not_picked":["construct:VentSteam","construct:SaveState","construct:HeavyBolt"],"picked":"SKIP","floor":3},{"not_picked":["construct:Analyze","construct:ShiftStrike"],"picked":"construct:Synchronize","floor":4},{"not_picked":["construct:OmegaCannon","construct:Overcharge","construct:Failsafe"],"picked":"SKIP","floor":10},{"not_picked":["construct:Failsafe","construct:SaveState"],"picked":"construct:MetalShell","floor":11},{"not_picked":["construct:HastyRepair","construct:HyperBeam"],"picked":"construct:ClockworkEgg","floor":16},{"not_picked":["construct:SyphonStrike","construct:Accumulate","construct:Boost"],"picked":"SKIP","floor":18},{"not_picked":["construct:HastyRepair","construct:Versatility+1","construct:Dampening+1"],"picked":"SKIP","floor":22},{"not_picked":["construct:ChargeShot","construct:Accumulate","construct:Missile+1"],"picked":"SKIP","floor":25},{"not_picked":["construct:Analyze","construct:Boost+1","construct:ClusterMines"],"picked":"SKIP","floor":30}],"player_experience":155081,"relics_obtained":[{"floor":9,"key":"Replay:Mystery Machine"},{"floor":11,"key":"aspiration:DSix"},{"floor":19,"key":"CCEMRelics:GrindingGear"},{"floor":26,"key":"Golden Egg"}],"event_choices":[{"cards_removed":["construct:AttackMode"],"damage_healed":0,"gold_gain":0,"player_choice":"Purged","damage_taken":0,"max_hp_gain":0,"max_hp_loss":0,"event_name":"Purifier","floor":2,"gold_loss":0},{"damage_healed":21,"gold_gain":0,"player_choice":"Healed","damage_taken":0,"max_hp_gain":0,"max_hp_loss":0,"event_name":"The Cleric","floor":13,"gold_loss":35},{"damage_healed":0,"gold_gain":0,"player_choice":"Smashed Altar","damage_taken":0,"max_hp_gain":0,"max_hp_loss":0,"event_name":"Forgotten Altar","floor":20,"gold_loss":0,"cards_obtained":["Decay"]},{"damage_healed":0,"gold_gain":0,"cards_transformed":["Decay"],"player_choice":"Transformed","damage_taken":0,"max_hp_gain":0,"max_hp_loss":0,"event_name":"Transmorgrifier","floor":21,"gold_loss":0,"cards_obtained":["Doubt"]},{"damage_healed":0,"gold_gain":0,"player_choice":"Ignored","damage_taken":0,"max_hp_gain":0,"max_hp_loss":0,"event_name":"Ghosts","floor":28,"gold_loss":0}],"is_beta":false,"boss_relics":[{"not_picked":["Replay:Drink Me","aspiration:RunesmithSkillbook","bronze:MakeshiftBattery"]}],"items_purged_floors":[],"is_endless":false,"potions_floor_spawned":[3,4,10,25,30],"killed_by":"Shelled Parasite and Fungi","ascension_level":0}}