{"host":"p34rppyhk302xzzg","time":1611554590,"event":{"mods":["Act Like it!","Arknights The Spire","Ascension Reborn","BaseMod","Better Vampires","Gensokyo","Lobotomy","LobotomyExtend","Marisa£®ÏF”Í°°ƒß¿Ì…≥£©","Minty Spire (QoL Compilation)","Quick Restart","READ ME - Guardian Mod","Remilia£®¿Ÿ√◊¿Ú—«£©","SOS£®Àπ∞Õ¥Ô÷Æ◊”£©","StSLib","Td1madao Mod","Waifu the Spire","Youmu£®ªÍ∆«—˝√Œ£©","noobMod","°æ“≈ŒÔø®≈∆°øREMEMod"],"gold_per_floor":[112,131,131,131,142,169,186,186,186,16,16,26,26,43,43,139,139,124,138,151,426,2,15,15,32,67,91,135,135,162,97,116,116,220],"floor_reached":35,"language":"ZHS","playtime":1317,"items_purged":["Regret"],"score":489,"play_id":"4d88d589-ef21-43fe-898c-f11f9150383d","local_time":"20210125140310","is_ascension_mode":true,"campfire_choices":[{"data":"Fire Blade","floor":8.0,"key":"SMITH"},{"data":"Im Angry","floor":15.0,"key":"SMITH"},{"data":"Retrieval Recycling","floor":24.0,"key":"SMITH"},{"data":"REME_LeechingPoison","floor":33,"key":"SMITH"}],"circlet_count":0,"master_deck":["Strike_C","Strike_C","Strike_C","Strike_C","Defend_C","Defend_C","Defend_C","Knight Kick","Chip","REME_LeechingPoison+1","Scorched","Transfer Energy","QueenOfHatred","Fire Blade+1","Cooling Song","Im Angry+1","OldLady","Here Defend Chip","BeautyBeast","Money Cant Rescue","LongBird","Black Execution","CrumblingArmor","Retrieval Recycling+1","Mercenary","Black Shadow","UniverseFragment","Afterwards","Rupture","Freischutz","Black Hand","DespairKnight","White Contract","HeroicMonk","Judgment","FairyFestival","Lunge","BodiesMountain","New Defend Magic+1","SnowQueen","Cooling Song+1","NothingThere","Light Attack","SingingMachine","Chip Synthesis+1"],"relics":["Apod","REME_ComplimentaryCards","ice","CogitoBucket","Strawberry","Gensokyo:Justice","Juzu Bracelet","Mb Ring","SkinProphecy","Letter Opener","REME_PuzzleBoxRelic","Foreshadowing","FossilizedHelix","HonorFeather","MagicBullet_r","Gaze_r","ice","Blood Vial","Nunchaku","LetterFromLob","Bronze Scales","Sling","ChangeAnything","Dream Catcher","ScarletDevilRocket","Toy Ornithopter","CaptainsWheel","Toxic Egg 2","AtMidnight","TreeSap"],"acts_visited":["Exordium","Gensokyo:Gensokyo"],"potions_floor_usage":[31,31,31],"damage_taken":[{"damage":7.0,"enemies":"Gensokyo:Python","floor":1.0,"turns":5.0},{"damage":52.0,"enemies":"Gensokyo:3_Fairies","floor":2.0,"turns":7.0},{"damage":3.0,"enemies":"Gensokyo:2_Kodama","floor":5.0,"turns":3.0},{"damage":24.0,"enemies":"Gensokyo:Cirno","floor":6.0,"turns":6.0},{"damage":0.0,"enemies":"Gensokyo:CorruptedTreant","floor":7.0,"turns":1.0},{"damage":0.0,"enemies":"Gensokyo:CorruptedTreant","floor":7.0,"turns":1.0},{"damage":28.0,"enemies":"Gensokyo:Kitsune","floor":12.0,"turns":3.0},{"damage":0.0,"enemies":"Gensokyo:5_Fairies","floor":14.0,"turns":2.0},{"damage":44.0,"enemies":"Gensokyo:Yukari","floor":16.0,"turns":7.0},{"damage":55.0,"enemies":"Gensokyo:AngelMirror","floor":18.0,"turns":3.0},{"damage":0.0,"enemies":"Gensokyo:AngelMirror","floor":18.0,"turns":2.0},{"damage":0.0,"enemies":"2 Louse","floor":19.0,"turns":1.0},{"damage":0.0,"enemies":"Jaw Worm","floor":20.0,"turns":1.0},{"damage":6.0,"enemies":"Cultist","floor":23.0,"turns":3.0},{"damage":0.0,"enemies":"Red Slaver","floor":25.0,"turns":2.0},{"damage":8.0,"enemies":"3 Sentries","floor":26.0,"turns":4.0},{"damage":1,"enemies":"Gremlin Nob","floor":28,"turns":2},{"damage":8,"enemies":"3 Sentries","floor":30,"turns":3},{"damage":28,"enemies":"Large Slime","floor":31,"turns":5},{"damage":0,"enemies":"Exordium Wildlife","floor":32,"turns":2},{"damage":11,"enemies":"Slime Boss","floor":34,"turns":5}],"seed_played":"-8649382323933233244","potions_obtained":[{"floor":2.0,"key":"GamblersBrew"},{"floor":6.0,"key":"Ancient Potion"},{"floor":7.0,"key":"ColorlessPotion"},{"floor":12.0,"key":"SpeedPotion"},{"floor":20.0,"key":"ColorlessPotion"},{"floor":25.0,"key":"Fire Potion"},{"floor":26.0,"key":"DistilledChaos"},{"floor":30,"key":"LiquidBronze"}],"is_trial":false,"path_per_floor":["M","M","?","?","M","E","M","R","T","COS","$","M","T","M","R","B",null,"M","M","M","?","$","M","R","M","E","T","E","?","E","M","M","R","B",null],"character_chosen":"TD1MADAO_CLASS","items_purchased":["Bronze Scales","Sling","Rupture"],"campfire_rested":0,"item_purchase_floors":[22,22,22],"current_hp_per_floor":[63,12,9,9,78,60,26,26,26,26,26,85,85,81,81,47,104,109,107,105,105,105,101,117,119,121,121,118,93,91,78,112,131,125],"gold":220,"neow_bonus":"RANDOM_COMMON_RELIC","is_daily":false,"chose_seed":false,"campfire_upgraded":4,"win_rate":0.0,"timestamp":1611554590,"path_taken":["M","M","?","?","?","E","M","R","T","COS","?","M","?","M","R","BOSS","M","M","M","?","$","M","R","M","E","T","E","?","E","M","M","R","BOSS"],"items_purchased_type":["Relic","Relic","Card"],"build_version":"2020-12-22","purchased_purges":1,"victory":true,"max_hp_per_floor":[70,70,77,77,78,86,86,86,86,86,86,94,94,96,96,104,104,109,111,113,113,113,117,117,119,121,121,123,123,125,129,131,131,133],"card_choices":[{"not_picked":["Alriune","MHz","VoidDream"],"picked":"Singing Bowl","floor":1.0},{"not_picked":["Funeral","VoidDream"],"picked":"Scorched","floor":1.0},{"not_picked":["Lunge","Perfect Defend"],"picked":"Transfer Energy","floor":1.0},{"not_picked":["Bloodbath","OSAHOGD"],"picked":"QueenOfHatred","floor":2.0},{"not_picked":["Sudden Beat","White Contract"],"picked":"Fire Blade","floor":2.0},{"not_picked":["MHz","OSAHOGD","WallGazer"],"picked":"Singing Bowl","floor":5.0},{"not_picked":["CrumblingArmor","CherryBlossoms"],"picked":"Yin","floor":5.0},{"not_picked":["Weapon Shift","Resistance"],"picked":"Cooling Song","floor":5.0},{"not_picked":["Light Attack","Provocative"],"picked":"Im Angry","floor":6.0},{"not_picked":["BigBadWolf","Murderer","GalaxyChild"],"picked":"Singing Bowl","floor":7.0},{"not_picked":["MHz","GreedKing"],"picked":"OldLady","floor":7.0},{"not_picked":["Transfer Energy","Provocative"],"picked":"Here Defend Chip","floor":7.0},{"not_picked":["VoidDream","BigBadWolf"],"picked":"BeautyBeast","floor":12.0},{"not_picked":["Sudden Beat","Rupture"],"picked":"Money Cant Rescue","floor":12.0},{"not_picked":["VoidDream","OSAHOGD"],"picked":"LongBird","floor":14.0},{"not_picked":["Defend System","Optimization"],"picked":"Black Execution","floor":14.0},{"not_picked":["BigBird","BodiesMountain","MeatLantern"],"picked":"Singing Bowl","floor":16.0},{"not_picked":["MeatLantern","Murderer"],"picked":"CrumblingArmor","floor":16.0},{"not_picked":["Format All Data","Black Warm Hole"],"picked":"Retrieval Recycling","floor":16.0},{"not_picked":["Murderer","CherryBlossoms"],"picked":"Mercenary","floor":19.0},{"not_picked":["Machining","Cooling Song"],"picked":"Black Shadow","floor":19.0},{"not_picked":["HappyTeddy","PunishingBird"],"picked":"UniverseFragment","floor":20.0},{"not_picked":["Pod Fire","Oblique Hack"],"picked":"Afterwards","floor":20.0},{"not_picked":["ShyLook","RedShoes"],"picked":"Freischutz","floor":23.0},{"not_picked":["Revenge","Black Execution"],"picked":"Black Hand","floor":23.0},{"not_picked":["LittlePrince","MHz"],"picked":"DespairKnight","floor":25.0},{"not_picked":["Afterwards","Fixing"],"picked":"White Contract","floor":25.0},{"not_picked":["Wellcheers","Laetitia"],"picked":"HeroicMonk","floor":26.0},{"not_picked":["Fixing","Resistance"],"picked":"Judgment","floor":26.0},{"not_picked":["Woodsman","QueenBee"],"picked":"FairyFestival","floor":28},{"not_picked":["Machining","Black Shadow"],"picked":"Lunge","floor":28},{"not_picked":["Woodsman","Variant"],"picked":"BodiesMountain","floor":30},{"not_picked":["White Contract","Resistance"],"picked":"New Defend Magic+1","floor":30},{"not_picked":["Bloodbath","Variant"],"picked":"SnowQueen","floor":31},{"not_picked":["Black Execution","Three Hit"],"picked":"Cooling Song+1","floor":31},{"not_picked":["MeatLantern","LittlePrince"],"picked":"NothingThere","floor":32},{"not_picked":["Gravity Defend+1","Trader+1"],"picked":"Light Attack","floor":32},{"not_picked":["Variant","MeatLantern"],"picked":"SingingMachine","floor":34},{"not_picked":["Backup+1","Shockwave Tdmadao"],"picked":"Chip Synthesis+1","floor":34}],"player_experience":68219,"relics_obtained":[{"floor":1.0,"key":"LetterFromLob"},{"floor":6.0,"key":"Juzu Bracelet"},{"floor":9.0,"key":"Mb Ring"},{"floor":13.0,"key":"Letter Opener"},{"floor":19.0,"key":"LetterFromLob"},{"floor":26.0,"key":"Dream Catcher"},{"floor":27.0,"key":"ScarletDevilRocket"},{"floor":28,"key":"Toy Ornithopter"},{"floor":30,"key":"Toxic Egg 2"},{"floor":31,"key":"AtMidnight"}],"event_choices":[{"damage_healed":0.0,"max_hp_gain":0.0,"max_hp_loss":0.0,"gold_gain":275.0,"event_name":"Golden Shrine","player_choice":"Desecrate","floor":21.0,"gold_loss":0.0,"damage_taken":0.0,"cards_obtained":["Regret"]},{"damage_healed":0,"gold_gain":0,"player_choice":"Success","damage_taken":25,"relics_obtained":["CaptainsWheel"],"max_hp_gain":0,"max_hp_loss":0,"event_name":"Scrap Ooze","floor":29,"gold_loss":0}],"is_beta":false,"boss_relics":[{"not_picked":["Astrolabe","Runic Pyramid"],"picked":"Foreshadowing"}],"items_purged_floors":[22],"is_endless":false,"potions_floor_spawned":[2,6,7,12,18,20,25,26,30],"ascension_level":0}}