{"host":"zybdh2ue20qfjbiz","time":1611618391,"event":{"mods":["AchievementEnabler","BaseMod","Better Altar","Better Skull","BetterRewards","Friendly Minions","Kiyohime（清?）","Koishi","Lobotomy","LobotomyExtend","Marisa（霧雨　魔理沙）","Minty Spire (QoL Compilation)","Remilia（蕾米莉?）","StSLib"],"gold_per_floor":[114,189,189,212,227,227,258,78,101,126,51,67,102,121,121,221,221,236,236,236,252,269,299,299,329,329,356,368,403,422,451,451,556,606,623,533,544,559,383,383,245,264,264,289,289,289,166,196,196,196,196,196,196,28,61,61],"floor_reached":57,"language":"ENG","playtime":2695,"items_purged":["Koishi:BasicStrike","Koishi:BasicStrike","Koishi:BasicStrike","Koishi:BasicStrike","Koishi:HauntingSlash","Koishi:BasicDefend","Koishi:BasicDefend","Koishi:BasicDefend"],"score":1879,"play_id":"212eb8f1-e64b-419c-abf4-222e0f65c72f","local_time":"20210126024631","is_ascension_mode":true,"campfire_choices":[{"floor":6,"key":"REST"},{"data":"Koishi:HeartAttack","floor":15,"key":"SMITH"},{"data":"Koishi:Whimsy","floor":32,"key":"SMITH"},{"data":"Impatience","floor":40,"key":"SMITH"},{"floor":46,"key":"RECALL"},{"data":"Koishi:VengefulSpirit","floor":49,"key":"SMITH"},{"data":"Koishi:Whimsy","floor":53,"key":"SMITH"}],"circlet_count":0,"master_deck":["Koishi:Provoke+1","Violence+1","Koishi:ReflexRadar","Koishi:RorschachInDanmaku","Koishi:HeartAttack+1","Koishi:Whimsy+1","Koishi:Whimsy","Koishi:SubconsciousSweep","Koishi:SubterraneanRose+1","Impatience+1","Koishi:ReflexRadar","Koishi:VengefulSpirit+1","Koishi:Whimsy+1","Impatience"],"relics":["Koishi:ImaginaryFriend","Membership Card","LetterFromLob","Tiny Chest","Nunchaku","ClockworkSouvenir","Bag of Marbles","Vajra","Dream Catcher","SacredBark","Turnip","GremlinMask","Bottled Flame","Incense Burner","Letter Opener","MealTicket","Toy Ornithopter","Orichalcum","Tiny House","Darkstone Periapt","Smiling Mask","TheAbacus","Du-Vu Doll","Orrery","Sundial"],"acts_visited":["Exordium","TheCity","TheBeyond","TheEnding"],"potions_floor_usage":[25,25,31,31],"damage_taken":[{"damage":0,"enemies":"Small Slimes","floor":1,"turns":5},{"damage":0,"enemies":"Jaw Worm","floor":5,"turns":2},{"damage":2,"enemies":"Lagavulin","floor":7,"turns":4},{"damage":0,"enemies":"Gremlin Nob","floor":10,"turns":2},{"damage":0,"enemies":"Cultist","floor":12,"turns":1},{"damage":10,"enemies":"3 Sentries","floor":13,"turns":7},{"damage":0,"enemies":"Exordium Thugs","floor":14,"turns":1},{"damage":0,"enemies":"Hexaghost","floor":16,"turns":4},{"damage":0,"enemies":"Shell Parasite","floor":18,"turns":2},{"damage":10,"enemies":"Chosen","floor":21,"turns":2},{"damage":0,"enemies":"Centurion and Healer","floor":22,"turns":3},{"damage":3,"enemies":"Book of Stabbing","floor":23,"turns":5},{"damage":10,"enemies":"Gremlin Leader","floor":25,"turns":11},{"damage":11,"enemies":"Shelled Parasite and Fungi","floor":28,"turns":4},{"damage":7,"enemies":"Book of Stabbing","floor":29,"turns":4},{"damage":4,"enemies":"Snake Plant","floor":30,"turns":2},{"damage":27,"enemies":"Gremlin Leader","floor":31,"turns":4},{"damage":20,"enemies":"Automaton","floor":33,"turns":11},{"damage":0,"enemies":"3 Shapes","floor":35,"turns":4},{"damage":21,"enemies":"3 Darklings","floor":37,"turns":4},{"damage":0,"enemies":"Spire Growth","floor":38,"turns":3},{"damage":0,"enemies":"Sphere and 2 Shapes","floor":42,"turns":1},{"damage":0,"enemies":"Reptomancer","floor":44,"turns":3},{"damage":0,"enemies":"Nemesis","floor":48,"turns":1},{"damage":0,"enemies":"Donu and Deca","floor":50,"turns":3},{"damage":0,"enemies":"Shield and Spear","floor":55,"turns":1},{"damage":4,"enemies":"The Heart","floor":56,"turns":4}],"seed_played":"6465727484164843449","potions_obtained":[{"floor":1,"key":"Block Potion"},{"floor":12,"key":"DistilledChaos"},{"floor":14,"key":"DuplicationPotion"},{"floor":22,"key":"EntropicBrew"},{"floor":25,"key":"FearPotion"},{"floor":28,"key":"Regen Potion"},{"floor":30,"key":"DuplicationPotion"},{"floor":31,"key":"FairyPotion"},{"floor":34,"key":"Energy Potion"}],"is_trial":false,"path_per_floor":["M","?","?","T","M","R","E","$","T","E","$","M","E","M","R","B",null,"M","T","?","M","M","E","?","E","T","T","M","E","M","E","R","B",null,"M","?","M","M","$","R","$","M","T","E","T","R","$","E","R","B",null,null,"R","$","E","B",null],"character_chosen":"KOISHI","items_purchased":["Koishi:HeartAttack","Violence","Koishi:ReflexRadar","Membership Card","Koishi:RorschachInDanmaku","ClockworkSouvenir","Koishi:Whimsy","Impatience","Koishi:ReflexRadar","Koishi:VengefulSpirit","DistilledChaos","TheAbacus","Impatience","Orrery"],"campfire_rested":1,"item_purchase_floors":[0,0,0,0,0,8,8,39,39,39,41,47,54,54],"current_hp_per_floor":[39,28,28,28,28,46,45,45,45,46,46,46,38,39,39,40,60,60,60,60,51,52,49,60,52,52,52,41,35,31,43,43,24,65,65,65,44,44,59,59,65,65,65,65,65,65,65,65,65,65,65,65,65,65,65,61],"gold":61,"neow_bonus":"","is_daily":false,"chose_seed":false,"campfire_upgraded":5,"win_rate":0.0,"timestamp":1611618391,"path_taken":["M","?","?","?","?","R","E","?","T","E","$","M","E","?","R","BOSS","M","?","?","?","M","E","?","E","T","?","M","E","M","E","R","BOSS","M","?","M","M","$","R","?","M","T","E","?","R","$","E","R","BOSS","R","$","E","BOSS"],"items_purchased_type":["Card","Card","Card","Relic","Card","Relic","Card","Card","Card","Card","Potion","Relic","Card","Relic"],"build_version":"2020-12-22","purchased_purges":8,"victory":true,"max_hp_per_floor":[60,60,60,60,60,60,60,60,60,60,60,60,60,60,60,60,60,60,60,60,60,60,60,60,60,60,60,60,60,60,60,60,60,65,65,65,65,65,65,65,65,65,65,65,65,65,65,65,65,65,65,65,65,65,65,65],"card_choices":[{"not_picked":["Koishi:BloodcurdlingScream","Koishi:MindNumbingTerror","Koishi:Jaunt"],"picked":"SKIP","floor":1},{"not_picked":["Koishi:PhilosophyOfTheDespised","Koishi:HeartfeltFancy"],"picked":"Koishi:HeartAttack","floor":5},{"not_picked":["Koishi:JumpScare","Koishi:UnseenTerror","Koishi:CatchAndRose"],"picked":"SKIP","floor":7},{"not_picked":["Koishi:DreadfulBlow","Koishi:PredatoryInstincts","Koishi:SpiritedAway"],"picked":"SKIP","floor":10},{"not_picked":["Koishi:Untouchable","Koishi:SubconsciousSweep","Koishi:TremblingHands"],"picked":"SKIP","floor":12},{"not_picked":["Koishi:FreudianInstinct","Koishi:LastRemote","Koishi:FleetingPhantom"],"picked":"SKIP","floor":13},{"not_picked":["Koishi:ParalyzingFear","Koishi:Jaunt","Koishi:PhantomStrike"],"picked":"SKIP","floor":14},{"not_picked":["Koishi:StrangeCloudFist","Koishi:UnconsciousUprising","Koishi:CatchAndRose"],"picked":"SKIP","floor":18},{"not_picked":["Koishi:ParalyzingFear","Koishi:Untouchable+1","Koishi:GhostParty"],"picked":"SKIP","floor":21},{"not_picked":["Koishi:ParalyzingFear","Koishi:StingingMind+1","Koishi:CatchAndRose"],"picked":"SKIP","floor":22},{"not_picked":["Koishi:ParalyzingFear","Koishi:StingingMind+1","Koishi:CatchAndRose"],"picked":"SKIP","floor":22},{"not_picked":["Koishi:DNAsFlaw","Koishi:GhostParty"],"picked":"Koishi:Whimsy","floor":23},{"not_picked":["Koishi:UnconsciousUprising+1","Koishi:DNAsFlaw","Koishi:BramblyRoseGarden+1"],"picked":"SKIP","floor":25},{"not_picked":["Koishi:FleetingPhantom","Koishi:ReleaseOfTheId","Koishi:DreadfulBlow+1"],"picked":"SKIP","floor":28},{"not_picked":["Koishi:DreadfulBlow+1","Koishi:GeneticsOfTheUnconscious"],"picked":"Koishi:SubconsciousSweep","floor":29},{"not_picked":["Koishi:ParalyzingFear","Koishi:SubconsciousSweep","Koishi:UnconsciousUprising"],"picked":"SKIP","floor":30},{"not_picked":["Koishi:GhostParty","Koishi:TremblingHands"],"picked":"Koishi:SubterraneanRose+1","floor":31},{"not_picked":["Koishi:SpiritedAway","Koishi:PhantomBarrier+1","Koishi:HeartfeltFancy+1"],"picked":"SKIP","floor":35},{"not_picked":["Koishi:BloodcurdlingScream+1","Koishi:ImGoingToCallYouNow","Koishi:IdleWhim+1"],"picked":"SKIP","floor":37},{"not_picked":["Koishi:Jaunt+1","Koishi:Prune","Koishi:UnconsciousUrges+1"],"picked":"SKIP","floor":38},{"not_picked":["Koishi:ParalyzingFear+1","Koishi:StingingMind","Koishi:BloodcurdlingScream"],"picked":"SKIP","floor":42},{"not_picked":["Koishi:UnconsciousUprising","Koishi:JumpScare"],"picked":"Koishi:Whimsy","floor":44},{"not_picked":["Koishi:FourthEye","Koishi:DreadfulBlow+1","Koishi:HeartfeltFancy"],"picked":"SKIP","floor":48},{"not_picked":["Koishi:MindStellarRelief","Koishi:Vanish+1","Koishi:UnansweredLove+1"],"picked":"SKIP","floor":55}],"player_experience":411474,"relics_obtained":[{"floor":1,"key":"LetterFromLob"},{"floor":4,"key":"Tiny Chest"},{"floor":7,"key":"Nunchaku"},{"floor":9,"key":"Bag of Marbles"},{"floor":10,"key":"Vajra"},{"floor":13,"key":"Dream Catcher"},{"floor":19,"key":"Turnip"},{"floor":23,"key":"Bottled Flame"},{"floor":25,"key":"Incense Burner"},{"floor":26,"key":"Letter Opener"},{"floor":27,"key":"MealTicket"},{"floor":29,"key":"Toy Ornithopter"},{"floor":31,"key":"Orichalcum"},{"floor":44,"key":"Darkstone Periapt"},{"floor":45,"key":"Smiling Mask"},{"floor":48,"key":"Du-Vu Doll"},{"floor":55,"key":"Sundial"}],"event_choices":[{"damage_healed":0,"gold_gain":75,"player_choice":"Gather Gold","damage_taken":11,"max_hp_gain":0,"max_hp_loss":0,"event_name":"World of Goop","floor":2,"gold_loss":0},{"damage_healed":0,"gold_gain":0,"player_choice":"Ignored","damage_taken":0,"max_hp_gain":0,"max_hp_loss":0,"event_name":"Shining Light","floor":3,"gold_loss":0},{"damage_healed":0,"gold_gain":0,"player_choice":"Trade","damage_taken":0,"relics_obtained":["GremlinMask"],"max_hp_gain":0,"max_hp_loss":0,"event_name":"FaceTrader","floor":20,"gold_loss":0},{"cards_removed":["Koishi:BasicDefend"],"damage_healed":0,"gold_gain":0,"player_choice":"Upgrade and Remove","damage_taken":0,"max_hp_gain":0,"max_hp_loss":0,"event_name":"Designer","floor":36,"gold_loss":90,"cards_upgraded":["Koishi:Provoke"]}],"is_beta":false,"boss_relics":[{"not_picked":["Astrolabe","Busted Crown"],"picked":"SacredBark"},{"not_picked":["Runic Dome","Philosopher\u0027s Stone"],"picked":"Tiny House"}],"items_purged_floors":[0,0,8,11,39,41,47,54],"is_endless":false,"potions_floor_spawned":[1,12,14,22,25,28,30,31,44,48],"ascension_level":1}}