{"host":"dl909bjyolgrn2uw","time":1611601693,"event":{"mods":["2.2 Compatiblity","AlwaysNeverKeys","BaseMod","Bestiary","Better Altar","Better Note","Better Sensory Stone","Better Skull","Better Vampires","Better-Laid Plans","BetterRewards","Colored Powertips","Curses Come First","Disable Question Mark Monsters","Displayed Cursed Tome","Emptier Cage","Evolution","Minty Spire (QoL Compilation)","Permanent Neow","Quick Restart","Rare Cards Sparkle","Relic Stats","Shop Mod","Spicy Shops","StSLib","SuperFastMode","Transform Curses"],"gold_per_floor":[118,138,153,153,169,169,201,201,255,268,147,164,177,207,207,310,310,330,330,340,340,352,37,53,53,53,70,81,81,30,63,63,158,158,168,187,207,207,207,207,237,237,260,276,292,305,355,383,383,383],"floor_reached":51,"language":"ENG","playtime":2773,"items_purged":["Strike_R"],"score":973,"play_id":"fd34760c-8e63-480a-b12d-d63c9a76fb3d","local_time":"20210125130813","is_ascension_mode":true,"campfire_choices":[{"data":"Power Through","floor":6,"key":"SMITH"},{"data":"Bash","floor":8,"key":"SMITH"},{"data":"Whirlwind","floor":15,"key":"SMITH"},{"data":"Feed","floor":25,"key":"SMITH"},{"floor":29,"key":"REST"},{"data":"Inflame","floor":32,"key":"SMITH"},{"data":"Entrench","floor":40,"key":"SMITH"},{"data":"Demon Form","floor":42,"key":"SMITH"},{"data":"Evolve","floor":49,"key":"SMITH"}],"circlet_count":0,"master_deck":["Cleave","Cleave","Strike_R","Defend_R","Defend_R","Defend_R","Defend_R","Bash+1","Dropkick","Thunderclap","Power Through+1","Power Through","Fiend Fire","Shrug It Off","Whirlwind+1","Barricade","Havoc+1","Battle Trance+1","Inflame+1","Feed+1","Writhe","True Grit+1","Reaper","Entrench+1","True Grit+1","Demon Form+1","Clumsy","Evolve+1","Shrug It Off","True Grit+1","Offering"],"relics":["EVO:Axolotl","Velvet Choker","CultistMask","Mercury Hourglass","Lantern","Pen Nib","Cursed Key","Blood Vial","Art of War","Orichalcum","SlaversCollar","Smiling Mask","Strawberry","Champion Belt","Oddly Smooth Stone"],"acts_visited":["Exordium","TheCity","TheBeyond"],"potions_floor_usage":[7,14,14,13022,22,27,30,31,33,33,37,41,47,48,50,50],"damage_taken":[{"damage":0,"enemies":"Cultist","floor":1,"turns":3},{"damage":2,"enemies":"Jaw Worm","floor":2,"turns":3},{"damage":0,"enemies":"Small Slimes","floor":3,"turns":2},{"damage":15,"enemies":"Gremlin Gang","floor":5,"turns":3},{"damage":10,"enemies":"Lagavulin","floor":7,"turns":6},{"damage":0,"enemies":"Exordium Thugs","floor":10,"turns":3},{"damage":7,"enemies":"3 Louse","floor":12,"turns":2},{"damage":3,"enemies":"Large Slime","floor":13,"turns":4},{"damage":0,"enemies":"Gremlin Nob","floor":14,"turns":2},{"damage":20,"enemies":"The Guardian","floor":16,"turns":12},{"damage":0,"enemies":"2 Thieves","floor":18,"turns":1},{"damage":0,"enemies":"3 Byrds","floor":20,"turns":2},{"damage":19,"enemies":"Snake Plant","floor":22,"turns":3},{"damage":0,"enemies":"3 Cultists","floor":24,"turns":2},{"damage":2,"enemies":"Shelled Parasite and Fungi","floor":27,"turns":2},{"damage":7,"enemies":"Sentry and Sphere","floor":28,"turns":4},{"damage":29,"enemies":"Slavers","floor":31,"turns":6},{"damage":17,"enemies":"Champ","floor":33,"turns":8},{"damage":3,"enemies":"3 Darklings","floor":35,"turns":4},{"damage":0,"enemies":"3 Shapes","floor":36,"turns":2},{"damage":26,"enemies":"Writhing Mass","floor":37,"turns":6},{"damage":20,"enemies":"Nemesis","floor":41,"turns":9},{"damage":6,"enemies":"Sphere and 2 Shapes","floor":44,"turns":4},{"damage":43,"enemies":"Maw","floor":45,"turns":6},{"damage":44,"enemies":"3 Darklings","floor":46,"turns":4},{"damage":18,"enemies":"Mind Bloom Boss Battle","floor":47,"turns":7},{"damage":52,"enemies":"Reptomancer","floor":48,"turns":4},{"damage":23,"enemies":"Donu and Deca","floor":50,"turns":10}],"seed_played":"1119610909227110741","potions_obtained":[{"floor":2,"key":"DuplicationPotion"},{"floor":3,"key":"FearPotion"},{"floor":5,"key":"Dexterity Potion"},{"floor":12,"key":"SkillPotion"},{"floor":13,"key":"AttackPotion"},{"floor":16,"key":"SneckoOil"},{"floor":24,"key":"Fruit Juice"},{"floor":28,"key":"Explosive Potion"},{"floor":31,"key":"DistilledChaos"},{"floor":35,"key":"SteroidPotion"},{"floor":37,"key":"Block Potion"},{"floor":46,"key":"Weak Potion"},{"floor":47,"key":"PowerPotion"},{"floor":48,"key":"SkillPotion"}],"is_trial":false,"path_per_floor":["M","M","M","?","M","R","E","R","T","M","$","M","M","E","R","B",null,"M","?","M","?","M","$","M","R","T","M","M","R","$","E","R","B",null,"M","M","M","?","?","R","E","R","T","M","M","M","?","E","R","B",null],"character_chosen":"IRONCLAD","items_purchased":["Shrug It Off","Inflame","Feed","Weak Potion"],"campfire_rested":1,"item_purchase_floors":[11,23,23,30],"current_hp_per_floor":[80,78,78,78,63,63,53,53,53,53,53,46,43,43,43,23,66,66,26,28,28,32,32,34,34,34,38,37,63,68,41,41,26,76,90,96,71,52,52,52,70,70,77,77,99,100,107,55,55,104],"gold":383,"neow_bonus":"BOSS_RELIC","is_daily":false,"chose_seed":false,"campfire_upgraded":8,"win_rate":0.0,"timestamp":1611601693,"path_taken":["M","M","?","?","M","R","E","R","T","M","?","M","M","E","R","BOSS","M","?","M","?","M","$","M","R","T","M","?","R","?","E","R","BOSS","M","M","M","?","?","R","E","R","T","M","M","M","?","E","R","BOSS"],"items_purchased_type":["Card","Card","Card","Potion"],"build_version":"2020-12-22","purchased_purges":1,"victory":true,"max_hp_per_floor":[80,80,80,80,80,80,80,80,80,80,80,80,80,80,80,80,80,80,80,80,80,80,80,80,80,80,84,88,88,93,93,93,93,93,93,97,97,97,92,92,92,92,99,103,103,103,107,107,107,111],"relic_stats":{"Blood Vial":31,"counters":[28,121],"Pen Nib":[13],"Art of War":[16],"Champion Belt":[8],"Orichalcum":[18],"Cursed Key":2,"Smiling Mask":0,"obtain_stats":[{"Lantern":9,"Velvet Choker":0,"Oddly Smooth Stone":48,"Pen Nib":14,"EVO:Axolotl":0,"Orichalcum":31,"Cursed Key":17,"Smiling Mask":41,"Burning Blood":0,"Mercury Hourglass":7,"Blood Vial":19,"SlaversCollar":34,"Strawberry":43,"CultistMask":4,"Art of War":26,"Champion Belt":47},{"Lantern":5,"Velvet Choker":0,"Oddly Smooth Stone":27,"Pen Nib":9,"EVO:Axolotl":0,"Orichalcum":17,"Cursed Key":10,"Smiling Mask":22,"Burning Blood":0,"Mercury Hourglass":5,"Blood Vial":11,"SlaversCollar":18,"Strawberry":22,"CultistMask":3,"Art of War":14,"Champion Belt":26},{"Lantern":17,"Velvet Choker":0,"Oddly Smooth Stone":111,"Pen Nib":27,"EVO:Axolotl":0,"Orichalcum":57,"Cursed Key":38,"Smiling Mask":86,"Burning Blood":0,"Mercury Hourglass":17,"Blood Vial":39,"SlaversCollar":65,"Strawberry":86,"CultistMask":8,"Art of War":45,"Champion Belt":107}],"Mercury Hourglass":[398]},"card_choices":[{"not_picked":["Heavy Blade","Anger","Perfected Strike"],"picked":"SKIP","floor":1},{"not_picked":["Clash","Second Wind"],"picked":"Dropkick","floor":2},{"not_picked":["Cleave","Headbutt"],"picked":"Thunderclap","floor":3},{"not_picked":["Anger","Headbutt"],"picked":"Power Through","floor":5},{"not_picked":["Pummel","Sword Boomerang"],"picked":"Power Through","floor":7},{"not_picked":["Sentinel","Flex"],"picked":"Fiend Fire","floor":10},{"not_picked":["Havoc","Bloodletting","Thunderclap"],"picked":"SKIP","floor":12},{"not_picked":["Hemokinesis","Rage","Havoc"],"picked":"SKIP","floor":13},{"not_picked":["True Grit","Havoc"],"picked":"Whirlwind","floor":14},{"not_picked":["Berserk","Juggernaut"],"picked":"Barricade","floor":16},{"not_picked":["Heavy Blade","Clothesline","Dark Embrace"],"picked":"SKIP","floor":18},{"not_picked":["Body Slam+1","Wild Strike"],"picked":"Havoc+1","floor":20},{"not_picked":["Cleave","Warcry+1"],"picked":"Battle Trance+1","floor":22},{"not_picked":["Perfected Strike","Spot Weakness","Bloodletting"],"picked":"SKIP","floor":24},{"not_picked":["Cleave","Iron Wave","Sword Boomerang"],"picked":"SKIP","floor":27},{"not_picked":["Sword Boomerang+1","Flex","Anger"],"picked":"SKIP","floor":28},{"not_picked":["Rampage","Exhume"],"picked":"True Grit+1","floor":31},{"not_picked":["Feed","Immolate"],"picked":"Reaper","floor":33},{"not_picked":["Rage","Sword Boomerang+1"],"picked":"Entrench","floor":35},{"not_picked":["Clash","Body Slam","Warcry"],"picked":"SKIP","floor":36},{"not_picked":["Anger+1","Immolate"],"picked":"True Grit+1","floor":37},{"not_picked":["Reaper","Havoc","Cleave+1"],"picked":"SKIP","floor":41},{"not_picked":["Reckless Charge","Wild Strike"],"picked":"Evolve","floor":44},{"not_picked":["Anger","Thunderclap"],"picked":"Shrug It Off","floor":45},{"not_picked":["Havoc","Heavy Blade","Dropkick+1"],"picked":"SKIP","floor":46},{"not_picked":["Searing Blow+1","Cleave"],"picked":"True Grit+1","floor":47},{"not_picked":["True Grit","Iron Wave"],"picked":"Offering","floor":48}],"player_experience":308683,"relics_obtained":[{"floor":7,"key":"Mercury Hourglass"},{"floor":9,"key":"Lantern"},{"floor":14,"key":"Pen Nib"},{"floor":26,"key":"Art of War"},{"floor":31,"key":"Orichalcum"},{"floor":41,"key":"Smiling Mask"},{"floor":43,"key":"Strawberry"},{"floor":47,"key":"Champion Belt"},{"floor":48,"key":"Oddly Smooth Stone"}],"event_choices":[{"damage_healed":0,"gold_gain":0,"player_choice":"Trade","damage_taken":0,"relics_obtained":["CultistMask"],"max_hp_gain":0,"max_hp_loss":0,"event_name":"FaceTrader","floor":4,"gold_loss":0},{"damage_healed":0,"gold_gain":0,"player_choice":" Vial Potion ","damage_taken":40,"relics_obtained":["Blood Vial"],"max_hp_gain":66,"max_hp_loss":26,"event_name":"betterAltar:BetterAltar","floor":19,"potions_obtained":["betterAltar:AltarPotion"],"relics_lost":[],"gold_loss":0},{"cards_removed":["Strike_R"],"damage_healed":0,"gold_gain":0,"player_choice":"Purged","damage_taken":0,"max_hp_gain":0,"max_hp_loss":0,"event_name":"Purifier","floor":21,"gold_loss":0},{"damage_healed":0,"gold_gain":3,"player_choice":"2","damage_taken":0,"max_hp_gain":0,"max_hp_loss":19,"event_name":"betterStone:BetterStone","floor":38,"gold_loss":0},{"damage_healed":0,"gold_gain":0,"player_choice":"Max HP","damage_taken":0,"max_hp_gain":0,"max_hp_loss":5,"event_name":"Winding Halls","floor":39,"gold_loss":0},{"damage_healed":0,"gold_gain":0,"player_choice":"Fight","damage_taken":0,"max_hp_gain":0,"max_hp_loss":0,"event_name":"MindBloom","floor":47,"gold_loss":0}],"is_beta":false,"boss_relics":[{"not_picked":["Mark of Pain","SacredBark"],"picked":"Cursed Key"},{"not_picked":["Philosopher\u0027s Stone","Runic Dome"],"picked":"SlaversCollar"}],"items_purged_floors":[11],"is_endless":false,"potions_floor_spawned":[2,3,5,12,13,16,24,28,31,35,37,46,47,48],"ascension_level":5}}