{"host":"yqa5il53nhlo2jdd","time":1611565380,"event":{"mods":["AchievementEnabler","Arknights The Spire","BaseMod","BetterRewards","Minty Spire (QoL Compilation)","StSLib","[IsaacMod]ÒÔÈö¼âËþ"],"gold_per_floor":[109,109,119,131,81,81,100,100,173,73,105,105,121,137,137,232,232,246,156,256,270,270,270,285,160,231,231,258,258,277,308,308,407,407,418,418,518,537,552,581,581,600,674,692,742,818,868,879,879,213],"floor_reached":51,"language":"ZHS","playtime":2099,"items_purged":["ats:Strike V","ats:Strike S","ats:Defend"],"score":1888,"play_id":"de979915-c735-45a7-a113-da1c3d9c0ef7","local_time":"20210125170300","is_ascension_mode":true,"campfire_choices":[{"data":"ats:Emotion Absorption","floor":6.0,"key":"SMITH"},{"data":"ats:Burning Ground","floor":8.0,"key":"SMITH"},{"data":"ats:Soul Absorption","floor":15.0,"key":"SMITH"},{"floor":23.0,"key":"REST"},{"data":"ats:Very Hot Blade","floor":27.0,"key":"SMITH"},{"floor":32.0,"key":"REST"},{"floor":41.0,"key":"RECALL"},{"data":"ats:Defend","floor":49,"key":"SMITH"}],"circlet_count":0,"master_deck":["AscendersBane","ats:Defend+1","ats:Emotion Absorption+1","ats:Burning Ground+1","ats:Very Hot Blade+1","ats:Mental Burst+1","ats:Soul Absorption+1"],"relics":["ats:Sanity","HushsDoor","GuppysTail","GuppysPaw","BookofShadows","ClockworkSouvenir","Molten Egg 2","ats:Originium","Bag of Marbles","Empty Cage","MutagenicStrength","DeadEye","YumHeart","Darkstone Periapt","Coffee Dripper","GuppysHairball","ats:Berate","InkBottle","TuHaoJin","Du-Vu Doll"],"acts_visited":["Exordium","TheCity","TheBeyond"],"potions_floor_usage":[50,50],"damage_taken":[{"damage":0.0,"enemies":"2 Louse","floor":1.0,"turns":3.0},{"damage":0.0,"enemies":"Cultist","floor":3.0,"turns":2.0},{"damage":2.0,"enemies":"Jaw Worm","floor":4.0,"turns":3.0},{"damage":0.0,"enemies":"Looter","floor":7.0,"turns":3.0},{"damage":0.0,"enemies":"Lagavulin","floor":11.0,"turns":4.0},{"damage":0.0,"enemies":"Exordium Thugs","floor":13.0,"turns":2.0},{"damage":8.0,"enemies":"Blue Slaver","floor":14.0,"turns":3.0},{"damage":13.0,"enemies":"The Guardian","floor":16.0,"turns":8.0},{"damage":11.0,"enemies":"2 Thieves","floor":18.0,"turns":2.0},{"damage":0.0,"enemies":"Chosen","floor":21.0,"turns":2.0},{"damage":0.0,"enemies":"Snake Plant","floor":24.0,"turns":2.0},{"damage":0.0,"enemies":"Slavers","floor":28.0,"turns":2.0},{"damage":0.0,"enemies":"Cultist and Chosen","floor":30.0,"turns":2.0},{"damage":0.0,"enemies":"Gremlin Leader","floor":31.0,"turns":3.0},{"damage":0.0,"enemies":"Champ","floor":33.0,"turns":4.0},{"damage":0.0,"enemies":"Orb Walker","floor":35.0,"turns":1.0},{"damage":0.0,"enemies":"3 Shapes","floor":38.0,"turns":2.0},{"damage":0.0,"enemies":"Sphere and 2 Shapes","floor":39.0,"turns":2.0},{"damage":0.0,"enemies":"Giant Head","floor":40.0,"turns":3.0},{"damage":0.0,"enemies":"4 Shapes","floor":42.0,"turns":2.0},{"damage":0.0,"enemies":"Transient","floor":44.0,"turns":4.0},{"damage":0.0,"enemies":"2 Orb Walkers","floor":45.0,"turns":2.0},{"damage":0,"enemies":"Mind Bloom Boss Battle","floor":47,"turns":1},{"damage":0,"enemies":"Writhing Mass","floor":48,"turns":2},{"damage":0,"enemies":"Donu and Deca","floor":50,"turns":2}],"seed_played":"-4636874975319078667","potions_obtained":[{"floor":7.0,"key":"ats:Top Emergency Sanity Potion"},{"floor":11.0,"key":"ColorlessPotion"},{"floor":13.0,"key":"Swift Potion"},{"floor":16.0,"key":"Fire Potion"},{"floor":24.0,"key":"FairyPotion"},{"floor":28.0,"key":"ColorlessPotion"},{"floor":31.0,"key":"BlessingOfTheForge"},{"floor":33.0,"key":"ats:Emergency Sanity Potion"},{"floor":35.0,"key":"ats:Top Emergency Sanity Potion"},{"floor":44.0,"key":"EntropicBrew"}],"is_trial":false,"path_per_floor":["M","?","M","M","?","R","M","R","T","$","E","?","M","M","R","B",null,"M","?","?","M","?","R","M","$","T","R","E","?","M","E","R","B",null,"M","?","?","M","M","E","R","M","T","M","?","T","?","M","R","B",null],"character_chosen":"DOCTOR_CLASS","items_purchased":["BookofShadows","ats:Burning Ground","ats:Very Hot Blade","ats:Mental Burst","ClockworkSouvenir","GuppysHairball"],"campfire_rested":2,"item_purchase_floors":[0,0,0,0,0,34],"current_hp_per_floor":[65,65,65,63,63,63,63,63,63,63,63,56,56,48,48,35,63,52,52,37,37,37,58,58,58,58,58,58,58,58,58,72,72,62,62,62,62,62,62,62,62,62,62,62,62,62,62,62,62,62],"gold":213,"neow_bonus":"","is_daily":false,"chose_seed":false,"campfire_upgraded":5,"win_rate":0.0,"timestamp":1611565380,"path_taken":["M","?","M","M","?","R","M","R","T","$","E","?","?","M","R","BOSS","M","?","?","M","?","R","?","$","T","R","E","?","M","E","R","BOSS","M","?","?","M","?","E","R","M","T","?","?","?","?","M","R","BOSS"],"items_purchased_type":["Relic","Card","Card","Card","Relic","Relic"],"build_version":"2020-12-22","purchased_purges":3,"victory":true,"max_hp_per_floor":[72,72,72,72,72,72,72,72,72,72,72,72,72,72,72,72,72,72,72,72,72,72,72,72,72,72,72,72,72,72,72,72,72,62,62,62,62,62,62,62,62,62,62,62,62,62,62,62,62,62],"card_choices":[{"not_picked":["ats:Explosion Area Strengthen","ats:Shadow Raid","ats:Sashimi Platter"],"picked":"SKIP","floor":1.0},{"not_picked":["ats:Poison Spread","ats:Burning Ground","Bomb"],"picked":"SKIP","floor":3.0},{"not_picked":["ats:Explosion Area Strengthen","ats:Ignite","ats:Very Hot Blade"],"picked":"SKIP","floor":4.0},{"not_picked":["ats:Hammer On","ats:Leaping Hammer","ats:Ignite"],"picked":"SKIP","floor":7.0},{"not_picked":["ats:Shadow Raid","ats:Dogmatic Field","ats:Defend Order"],"picked":"SKIP","floor":11.0},{"not_picked":["ats:Assault Order","ats:Composite Medical Shells","ats:Closed Bolt Burst Fire+1"],"picked":"SKIP","floor":13.0},{"not_picked":["ats:Revitalization","ats:Thorns"],"picked":"ats:Soul Absorption","floor":14.0},{"not_picked":["ats:Absolute Focus","ats:Poison Spread+1","ats:Cat Scratch+1"],"picked":"SKIP","floor":18.0},{"not_picked":["ats:Absolute Focus","ats:Phantom","ats:Closed Bolt Burst Fire+1"],"picked":"SKIP","floor":21.0},{"not_picked":["ats:Absolute Focus","ats:Phantom","ats:Closed Bolt Burst Fire+1"],"picked":"SKIP","floor":21.0},{"not_picked":["ats:Rapid Magazine","ats:Blood Oath+1","ats:Poison Spread+1"],"picked":"SKIP","floor":24.0},{"not_picked":["ats:Rapid Magazine","ats:Blood Oath+1","ats:Poison Spread+1"],"picked":"SKIP","floor":24.0},{"not_picked":["ats:Apocalypse","ats:Hook Shot","ats:Sashimi Platter+1"],"picked":"SKIP","floor":28.0},{"not_picked":["ats:Apocalypse","ats:Hook Shot","ats:Sashimi Platter+1"],"picked":"SKIP","floor":28.0},{"not_picked":["ats:Cat Scratch+1","ats:Shell Defense+1","ats:Blood Oath+1"],"picked":"SKIP","floor":30.0},{"not_picked":["ats:Rat Pack","ats:Closed Bolt Burst Fire+1","ats:Cat Scratch+1"],"picked":"SKIP","floor":31.0},{"not_picked":["ats:Very Hot Blade+1","ats:Hammer On+1","ats:Absolute Focus"],"picked":"SKIP","floor":35.0},{"not_picked":["ats:Chain Hook+1","ats:Curse Doll+1","ats:Consecutive Shot Auto+1"],"picked":"SKIP","floor":38.0},{"not_picked":["ats:Absolute Focus+1","ats:Consecutive Shot Auto+1","ats:Thorns"],"picked":"SKIP","floor":39.0},{"not_picked":["ats:Apocalypse+1","ats:LN2 Cannon+1","ats:Assault Order+1"],"picked":"SKIP","floor":40.0},{"not_picked":["ats:Soul Rend","ats:Hammer On+1","ats:Apocalypse+1"],"picked":"SKIP","floor":42.0},{"not_picked":["ats:Steam Pump+1","ats:Blood Oath+1","ats:Explosion Area Strengthen+1"],"picked":"SKIP","floor":44.0},{"not_picked":["ats:Closed Bolt Burst Fire+1","ats:Chain Hook+1","ats:Flame Of Heaven+1"],"picked":"SKIP","floor":48}],"player_experience":694215,"relics_obtained":[{"floor":9.0,"key":"Molten Egg 2"},{"floor":11.0,"key":"ats:Originium"},{"floor":11.0,"key":"Bag of Marbles"},{"floor":26.0,"key":"DeadEye"},{"floor":28.0,"key":"ats:Originium"},{"floor":28.0,"key":"YumHeart"},{"floor":31.0,"key":"ats:Originium"},{"floor":31.0,"key":"Darkstone Periapt"},{"floor":40.0,"key":"ats:Originium"},{"floor":40.0,"key":"ats:Berate"},{"floor":43.0,"key":"InkBottle"},{"floor":46,"key":"TuHaoJin"},{"floor":47,"key":"Du-Vu Doll"}],"event_choices":[{"damage_healed":0.0,"max_hp_gain":0.0,"max_hp_loss":0.0,"gold_gain":0.0,"event_name":"The Woman in Blue","player_choice":"Bought 0 Potions","floor":2.0,"gold_loss":0.0,"damage_taken":0.0},{"cards_removed":["ats:Strike G"],"damage_healed":0.0,"max_hp_gain":0.0,"max_hp_loss":0.0,"gold_gain":0.0,"event_name":"The Cleric","player_choice":"Card Removal","floor":5.0,"gold_loss":50.0,"damage_taken":0.0},{"cards_removed":["ats:Defend"],"damage_healed":0.0,"max_hp_gain":0.0,"max_hp_loss":0.0,"gold_gain":0.0,"event_name":"Golden Wing","player_choice":"Card Removal","floor":12.0,"gold_loss":0.0,"damage_taken":7.0},{"cards_removed":["ats:Armor Crushing Shot"],"damage_healed":0.0,"max_hp_gain":0.0,"max_hp_loss":0.0,"gold_gain":0.0,"event_name":"Designer","player_choice":"Upgrade and Remove","floor":19.0,"gold_loss":90.0,"damage_taken":0.0,"cards_upgraded":["ats:Mental Burst"]},{"damage_healed":0.0,"max_hp_gain":0.0,"max_hp_loss":0.0,"gold_gain":0.0,"event_name":"Drug Dealer","player_choice":"Inject Mutagens","floor":22.0,"gold_loss":0.0,"damage_taken":0.0,"relics_obtained":["MutagenicStrength"]},{"damage_healed":0.0,"max_hp_gain":0.0,"max_hp_loss":0.0,"gold_gain":0.0,"event_name":"Tomb of Lord Red Mask","player_choice":"Ignored","floor":36.0,"gold_loss":0.0,"damage_taken":0.0},{"damage_healed":0.0,"max_hp_gain":0.0,"max_hp_loss":0.0,"gold_gain":100.0,"event_name":"Golden Shrine","player_choice":"Pray","floor":37.0,"gold_loss":0.0,"damage_taken":0.0},{"damage_healed":0.0,"max_hp_gain":0.0,"max_hp_loss":0.0,"gold_gain":0.0,"event_name":"Mysterious Sphere","player_choice":"Fight","floor":45.0,"gold_loss":0.0,"damage_taken":0.0},{"damage_healed":0,"gold_gain":0,"player_choice":"Fight","damage_taken":0,"max_hp_gain":0,"max_hp_loss":0,"event_name":"MindBloom","floor":47,"gold_loss":0}],"is_beta":false,"boss_relics":[{"not_picked":["Fusion Hammer","Astrolabe"],"picked":"Empty Cage"},{"not_picked":[]},{"not_picked":["ats:Omniscience","Sozu"],"picked":"Coffee Dripper"},{"not_picked":[]}],"items_purged_floors":[0,10,25],"is_endless":false,"potions_floor_spawned":[7,11,13,16,24,28,31,33,35,39,44,48],"ascension_level":10}}