{"host":"m7hmf0kk5ackmwlk","time":1611547917,"event":{"mods":["AchievementEnabler","BaseMod","Downfall","Minty Spire (QoL Compilation)","Shop Mod","StSLib"],"gold_per_floor":[99,116,116,127,139,204,230,255,55,55,65,65,65,65],"floor_reached":12,"language":"ENG","playtime":1810,"items_purged":[],"score":105,"play_id":"52776891-d185-4225-a8ed-59365825cdbe","local_time":"20210125094157","is_ascension_mode":false,"campfire_choices":[{"floor":1,"key":"RECALL"},{"floor":9,"key":"REST"}],"circlet_count":0,"master_deck":["hexamod:Strike","hexamod:Strike","hexamod:Strike","hexamod:Strike","hexamod:Defend","hexamod:Defend","hexamod:Defend","hexamod:Defend","hexamod:Sear","hexamod:Float","hexamod:ThermalTransfer","hexamod:FastForward","hexamod:AdvancingGuard","hexamod:FirstSeal","hexamod:ThirdSeal","hexamod:AdvancingGuard","hexamod:Firestarter"],"relics":["hexamod:SpiritBrand","Pen Nib","PreservedInsect","downfall:HeartBlessingRed","downfall:HeartBlessingBlue"],"acts_visited":["Exordium"],"potions_floor_usage":[],"damage_taken":[{"damage":0,"enemies":"Jaw Worm","floor":2,"turns":3},{"damage":0,"enemies":"Small Slimes","floor":3,"turns":3},{"damage":1,"enemies":"2 Louse","floor":4,"turns":2},{"damage":3,"enemies":"Red Slaver","floor":5,"turns":3},{"damage":35,"enemies":"Lagavulin Event","floor":6,"turns":9},{"damage":30,"enemies":"3 Sentries","floor":8,"turns":9},{"damage":1,"enemies":"3 Louse","floor":11,"turns":4},{"damage":51,"enemies":"Gremlin Nob","floor":12,"turns":5}],"seed_played":"-198307988940476051","potions_obtained":[{"floor":4,"key":"LiquidMemories"},{"floor":5,"key":"SpeedPotion"},{"floor":6,"key":"bronze:BurnAndBuffPotion"}],"is_trial":false,"path_per_floor":["R","M","M","M","M","?","T","E","R","?","M","E"],"character_chosen":"THE_SPIRIT","items_purchased":[],"campfire_rested":1,"item_purchase_floors":[],"current_hp_per_floor":[77,77,77,76,73,38,38,15,51,51,50,0,0,0],"gold":65,"neow_bonus":"TEN_PERCENT_HP_BONUS","is_daily":false,"chose_seed":false,"campfire_upgraded":0,"win_rate":0.0,"timestamp":1611547917,"path_taken":["R","M","M","M","M","?","T","E","R","?","M","E"],"items_purchased_type":[],"build_version":"2020-12-22","purchased_purges":0,"victory":false,"max_hp_per_floor":[77,77,77,77,77,77,77,77,87,87,87,87,87,87],"card_choices":[{"not_picked":["hexamod:BacktrackSmack","hexamod:Rewind"],"picked":"hexamod:ThermalTransfer","floor":2},{"not_picked":["hexamod:RecurringNightmare","hexamod:Hexaguard"],"picked":"hexamod:FastForward","floor":3},{"not_picked":["hexamod:CatchUp","hexamod:BacktrackSmack","hexamod:SwordOfDarkness"],"picked":"SKIP","floor":4},{"not_picked":["hexamod:RainOfEmbers","hexamod:HeatMetal"],"picked":"hexamod:AdvancingGuard","floor":5},{"not_picked":["hexamod:SwordOfDarkness","hexamod:BacktrackSmack"],"picked":"hexamod:FirstSeal","floor":6},{"not_picked":["hexamod:AdvancingGuard","hexamod:GhostflameInferno"],"picked":"hexamod:ThirdSeal","floor":8},{"not_picked":["hexamod:HauntingEcho","hexamod:HeatShield"],"picked":"hexamod:AdvancingGuard","floor":11},{"not_picked":["hexamod:HauntingEcho","hexamod:InspiringFlames"],"picked":"hexamod:Firestarter","floor":11}],"player_experience":39383,"relics_obtained":[{"floor":6,"key":"Pen Nib"},{"floor":8,"key":"PreservedInsect"}],"event_choices":[],"is_beta":false,"boss_relics":[],"items_purged_floors":[],"is_endless":false,"potions_floor_spawned":[3,4,5,6],"killed_by":"Gremlin Nob","ascension_level":0}}