{"host":"2pffx5rqbod9ds0c","time":1611555875,"event":{"mods":["BaseMod","Better Altar","Better Match","Better Note","Better Sensory Stone","Better Skull","Better Third Choice","Custom Start","Hubris","Minty Spire (QoL Compilation)","Quick Restart","Relic Stats","Spicy Shops","StSLib","The Marked"],"gold_per_floor":[114,114,114,1389,1403,1430,1458,1470,1482,1510,1522,1559,1571,1617,1629,1743,1755,1777,1769,1796,1068,1068,1068,1098,615,641,671,685,701,733,746,746,849,849,859,879,879,898,321,321,334,360,360,410,424,74,74,100,100,100],"floor_reached":51,"language":"ENG","playtime":4209,"items_purged":["theMarked:Strike","theMarked:Strike","theMarked:Strike","theMarked:Strike","theMarked:Defend"],"score":943,"play_id":"8a47bacb-b0a0-4162-9ec3-e9b5f48d948a","local_time":"20210124222435","is_ascension_mode":true,"campfire_choices":[{"data":"theMarked:Vacuum","floor":8.0,"key":"SMITH"},{"data":"theMarked:SoldierOfQuellstein","floor":11.0,"key":"SMITH"},{"data":"theMarked:SuspiciousRaven","floor":13.0,"key":"SMITH"},{"data":"theMarked:EternalStudent","floor":15.0,"key":"SMITH"},{"floor":23.0,"key":"REST"},{"floor":32.0,"key":"REST"},{"data":"theMarked:EmpowerWeapon","floor":40.0,"key":"SMITH"},{"data":"theMarked:Polarize","floor":47.0,"key":"SMITH"},{"data":"theMarked:Defend","floor":49.0,"key":"SMITH"}],"circlet_count":0,"master_deck":["theMarked:Defend","theMarked:Defend+1","theMarked:Defend+1","theMarked:SoldierOfQuellstein+1","theMarked:SuspiciousRaven+1","theMarked:Vacuum+1","theMarked:EternalStudent+1","theMarked:EmpowerWeapon+1","theMarked:EternalStudent+1","theMarked:Static+1","theMarked:Polarize+1"],"relics":["theMarked:ArtifactOfAir","NeowsBlessing","Singing Bowl","Membership Card","Orrery","Bag of Preparation","hubris:GlazedTorus","Strawberry","Regal Pillow","MawBank","theMarked:Gun","Orichalcum","hubris:Potato","Black Star","hubris:Zylophone","Art of War","OrangePellets","theMarked:KettuFlask","Bird Faced Urn","TheAbacus","hubris:SlimyHat","Potion Belt","MealTicket","Chemical X","Pear","hubris:Metronome","hubris:TenFootPole","theMarked:DemonDagger","Smiling Mask","Mango","Thread and Needle","Vajra","hubris:Backtick","DollysMirror","StrikeDummy","Bag of Marbles","War Paint","HandDrill","hubris:CrystalStatue","Lee\u0027s Waffle","CaptainsWheel","Pen Nib","Gremlin Horn","hubris:CuriousFeather","Prayer Wheel","Kunai","ClockworkSouvenir","theMarked:Winder","Whetstone"],"acts_visited":["Exordium","TheCity","TheBeyond"],"potions_floor_usage":[50,50],"damage_taken":[{"damage":0.0,"enemies":"Small Slimes","floor":1.0,"turns":1.0},{"damage":0.0,"enemies":"Jaw Worm","floor":5.0,"turns":1.0},{"damage":0.0,"enemies":"Lagavulin","floor":6.0,"turns":3.0},{"damage":1.0,"enemies":"Cultist","floor":7.0,"turns":3.0},{"damage":1.0,"enemies":"2 Fungi Beasts","floor":10.0,"turns":3.0},{"damage":21.0,"enemies":"Gremlin Nob","floor":12.0,"turns":4.0},{"damage":11.0,"enemies":"Lagavulin","floor":14.0,"turns":6.0},{"damage":42.0,"enemies":"Slime Boss","floor":16.0,"turns":11.0},{"damage":0.0,"enemies":"Chosen","floor":18.0,"turns":4.0},{"damage":4.0,"enemies":"Spheric Guardian","floor":20.0,"turns":3.0},{"damage":51.0,"enemies":"Slavers","floor":24.0,"turns":6.0},{"damage":29.0,"enemies":"Gremlin Leader","floor":27.0,"turns":6.0},{"damage":12.0,"enemies":"Shelled Parasite and Fungi","floor":28.0,"turns":4.0},{"damage":0.0,"enemies":"Chosen and Byrds","floor":29.0,"turns":3.0},{"damage":27.0,"enemies":"Slavers","floor":30.0,"turns":2.0},{"damage":2.0,"enemies":"Snake Plant","floor":31.0,"turns":2.0},{"damage":18.0,"enemies":"hubris:MusketHawk","floor":33.0,"turns":6.0},{"damage":16.0,"enemies":"3 Darklings","floor":35.0,"turns":4.0},{"damage":0.0,"enemies":"3 Shapes","floor":36.0,"turns":3.0},{"damage":6.0,"enemies":"Jaw Worm Horde","floor":38.0,"turns":3.0},{"damage":3.0,"enemies":"Maw","floor":41.0,"turns":4.0},{"damage":7.0,"enemies":"Giant Head","floor":42.0,"turns":6.0},{"damage":0.0,"enemies":"Mind Bloom Boss Battle","floor":44.0,"turns":3.0},{"damage":0.0,"enemies":"3 Darklings","floor":45.0,"turns":1.0},{"damage":25,"enemies":"hubris:GrandSnecko","floor":50,"turns":8}],"seed_played":"-574680185778054587","potions_obtained":[{"floor":5.0,"key":"PowerPotion"},{"floor":6.0,"key":"Strength Potion"},{"floor":19.0,"key":"LiquidMemories"},{"floor":29.0,"key":"Swift Potion"},{"floor":31.0,"key":"Regen Potion"},{"floor":33.0,"key":"theMarked:SummonPotion"},{"floor":38.0,"key":"CultistPotion"}],"is_trial":false,"path_per_floor":["M","?","?","$","M","E","M","R","T","M","R","E","R","E","R","B",null,"M","?","M","$","?","R","E","$","T","E","M","M","E","M","R","B",null,"M","M","?","M","$","R","M","E","T","?","M","$","R","T","R","B",null],"character_chosen":"THE_DEFAULT","items_purchased":["Membership Card","Orrery","Bag of Preparation","hubris:GlazedTorus","Strawberry","Regal Pillow","theMarked:SuspiciousRaven","hubris:Zylophone","Art of War","OrangePellets","theMarked:KettuFlask","Bird Faced Urn","TheAbacus","Chemical X","Pear","hubris:Metronome","hubris:TenFootPole","StrikeDummy","Bag of Marbles","theMarked:Polarize","War Paint","HandDrill","hubris:CrystalStatue","Lee\u0027s Waffle","Prayer Wheel","Kunai","ClockworkSouvenir","theMarked:Winder"],"campfire_rested":2,"item_purchase_floors":[4,4,4,4,4,4,4,21,21,21,21,21,21,25,25,25,25,39,39,39,39,39,39,39,46,46,46,46],"current_hp_per_floor":[70,63,63,80,82,82,83,83,83,84,84,65,65,54,54,14,97,99,99,97,97,74,101,52,77,77,64,54,56,31,29,84,68,137,123,125,125,121,150,150,149,144,144,146,148,158,158,158,158,133],"gold":100,"neow_bonus":"THREE_ENEMY_KILL","is_daily":false,"chose_seed":false,"campfire_upgraded":7,"win_rate":0.0,"timestamp":1611555875,"path_taken":["M","?","?","$","M","E","M","R","T","?","R","E","R","E","R","BOSS","M","?","M","$","?","R","E","$","T","E","M","M","E","?","R","BOSS","M","M","?","M","$","R","M","E","T","?","M","$","R","?","R","BOSS"],"items_purchased_type":["Relic","Relic","Relic","Relic","Relic","Relic","Card","Relic","Relic","Relic","Relic","Relic","Relic","Relic","Relic","Relic","Relic","Relic","Relic","Card","Relic","Relic","Relic","Relic","Relic","Relic","Relic","Relic"],"build_version":"2020-12-22","purchased_purges":5,"victory":true,"max_hp_per_floor":[70,70,70,87,89,89,91,91,91,93,93,95,95,95,95,97,97,99,99,101,101,101,101,103,113,113,129,131,133,135,135,135,137,137,139,141,141,143,150,150,152,154,154,156,158,158,158,158,158,158],"relic_stats":{"Regal Pillow":15,"Lee\u0027s Waffle":14,"Singing Bowl":50,"Gremlin Horn":[4,4],"counters":[25,100],"Pen Nib":[1],"Bag of Preparation":[48],"Whetstone":[],"Orichalcum":[84],"War Paint":["theMarked:Static","theMarked:Defend"],"MawBank":180,"Smiling Mask":38,"OrangePellets":[0],"TheAbacus":[222],"Bird Faced Urn":[0],"MealTicket":40,"Prayer Wheel":0,"Black Star":4,"Art of War":[11],"HandDrill":[8],"Chemical X":[30],"Kunai":[1],"obtain_stats":[{"hubris:CrystalStatue":39,"Gremlin Horn":43,"Vajra":30,"Whetstone":48,"DollysMirror":34,"Strawberry":4,"MealTicket":24,"Prayer Wheel":46,"HandDrill":39,"Kunai":46,"theMarked:DemonDagger":26,"Pear":25,"Pen Nib":42,"War Paint":39,"hubris:Zylophone":21,"OrangePellets":21,"Bird Faced Urn":21,"Black Star":17,"hubris:TenFootPole":25,"StrikeDummy":39,"Regal Pillow":4,"hubris:Metronome":25,"Singing Bowl":3,"Mango":27,"Bag of Preparation":4,"hubris:SlimyHat":22,"Smiling Mask":27,"theMarked:KettuFlask":21,"ClockworkSouvenir":46,"TheAbacus":21,"hubris:Backtick":34,"hubris:CuriousFeather":44,"Chemical X":25,"hubris:GlazedTorus":4,"Potion Belt":24,"Lee\u0027s Waffle":39,"theMarked:Gun":9,"NeowsBlessing":0,"Thread and Needle":30,"Orichalcum":12,"MawBank":6,"theMarked:ArtifactOfAir":0,"CaptainsWheel":42,"Orrery":4,"Art of War":21,"Bag of Marbles":39,"Membership Card":4,"theMarked:Winder":46,"hubris:Potato":14},{"hubris:CrystalStatue":20,"Gremlin Horn":22,"Vajra":15,"Whetstone":24,"DollysMirror":17,"Strawberry":1,"MealTicket":11,"Prayer Wheel":24,"HandDrill":20,"Kunai":24,"theMarked:DemonDagger":11,"Pear":11,"Pen Nib":22,"War Paint":20,"hubris:Zylophone":10,"OrangePellets":10,"Bird Faced Urn":10,"Black Star":8,"hubris:TenFootPole":11,"StrikeDummy":20,"Regal Pillow":1,"hubris:Metronome":11,"Singing Bowl":1,"Mango":12,"Bag of Preparation":1,"hubris:SlimyHat":10,"Smiling Mask":12,"theMarked:KettuFlask":10,"ClockworkSouvenir":24,"TheAbacus":10,"hubris:Backtick":17,"hubris:CuriousFeather":23,"Chemical X":11,"hubris:GlazedTorus":1,"Potion Belt":11,"Lee\u0027s Waffle":20,"theMarked:Gun":4,"NeowsBlessing":0,"Thread and Needle":15,"Orichalcum":6,"MawBank":3,"theMarked:ArtifactOfAir":0,"CaptainsWheel":22,"Orrery":1,"Art of War":10,"Bag of Marbles":20,"Membership Card":1,"theMarked:Winder":24,"hubris:Potato":7},{"hubris:CrystalStatue":78,"Gremlin Horn":88,"Vajra":60,"Whetstone":92,"DollysMirror":68,"Strawberry":1,"MealTicket":45,"Prayer Wheel":92,"HandDrill":78,"Kunai":92,"theMarked:DemonDagger":45,"Pear":45,"Pen Nib":88,"War Paint":78,"hubris:Zylophone":39,"OrangePellets":39,"Bird Faced Urn":39,"Black Star":32,"hubris:TenFootPole":45,"StrikeDummy":78,"Regal Pillow":1,"hubris:Metronome":45,"Singing Bowl":1,"Mango":51,"Bag of Preparation":1,"hubris:SlimyHat":39,"Smiling Mask":51,"theMarked:KettuFlask":39,"ClockworkSouvenir":92,"TheAbacus":39,"hubris:Backtick":68,"hubris:CuriousFeather":91,"Chemical X":45,"hubris:GlazedTorus":1,"Potion Belt":45,"Lee\u0027s Waffle":78,"theMarked:Gun":8,"NeowsBlessing":0,"Thread and Needle":60,"Orichalcum":15,"MawBank":5,"theMarked:ArtifactOfAir":0,"CaptainsWheel":88,"Orrery":1,"Art of War":39,"Bag of Marbles":78,"Membership Card":1,"theMarked:Winder":92,"hubris:Potato":21}]},"card_choices":[{"not_picked":["theMarked:ChainLightning","theMarked:WardOff"],"picked":"theMarked:BanishingStrike","floor":1.0},{"not_picked":["theMarked:TheMission","theMarked:HeightenedSenses","theMarked:Parkour"],"picked":"Singing Bowl","floor":4.0},{"not_picked":["theMarked:Maelstrom","theMarked:MysticalArsenal","theMarked:Aftermath"],"picked":"Singing Bowl","floor":4.0},{"not_picked":["theMarked:Static","theMarked:WardOff","theMarked:SwordAndMagic"],"picked":"Singing Bowl","floor":4.0},{"not_picked":["theMarked:KeepCalmAndFight","theMarked:Improvise","theMarked:ElectricStrings"],"picked":"Singing Bowl","floor":4.0},{"not_picked":["theMarked:WardOff","theMarked:Memento","theMarked:LightningStrikesTwice"],"picked":"Singing Bowl","floor":4.0},{"not_picked":["theMarked:SelfDefenseTraining","theMarked:Frustration","theMarked:Electrify"],"picked":"Singing Bowl","floor":5.0},{"not_picked":["theMarked:Improvise","theMarked:ChainLightning"],"picked":"theMarked:Vacuum","floor":6.0},{"not_picked":["theMarked:Polarize","theMarked:Static","theMarked:Parkour"],"picked":"Singing Bowl","floor":7.0},{"not_picked":["theMarked:ElectricStrings","theMarked:SwordAndMagic","theMarked:TwofoldDefense"],"picked":"Singing Bowl","floor":10.0},{"not_picked":["theMarked:Standoff","theMarked:Parry","theMarked:LightningStrikesTwice"],"picked":"Singing Bowl","floor":12.0},{"not_picked":["theMarked:WardOff","theMarked:Aftermath"],"picked":"theMarked:EternalStudent","floor":14.0},{"not_picked":["theMarked:ThrowWeapon","theMarked:Levitate","theMarked:Snap"],"picked":"Singing Bowl","floor":16.0},{"not_picked":["theMarked:ShockingTouch","theMarked:RogueSparks+1","theMarked:ComboAttacks"],"picked":"Singing Bowl","floor":18.0},{"not_picked":["theMarked:Overthink","theMarked:ParalyzingBlade","theMarked:Electrocute+1"],"picked":"Singing Bowl","floor":20.0},{"not_picked":["theMarked:Memento","theMarked:FavorableWinds","theMarked:ChainLightning"],"picked":"Singing Bowl","floor":24.0},{"not_picked":["theMarked:SwordAndMagic","theMarked:BanishingWave","theMarked:ChainLightning"],"picked":"Singing Bowl","floor":27.0},{"not_picked":["theMarked:Overthink","theMarked:TheMission","theMarked:Frustration+1"],"picked":"Singing Bowl","floor":28.0},{"not_picked":["theMarked:ChainLightning+1","theMarked:ComboAttacks","theMarked:Seal"],"picked":"Singing Bowl","floor":29.0},{"not_picked":["theMarked:RogueSparks","theMarked:StartUp","theMarked:SelfDefenseTraining"],"picked":"Singing Bowl","floor":30.0},{"not_picked":["theMarked:ChainLightning+1","theMarked:GodGivenPower"],"picked":"theMarked:EmpowerWeapon","floor":31.0},{"not_picked":["theMarked:Levitate","theMarked:TurnInvisible","theMarked:BindingBlade"],"picked":"Singing Bowl","floor":33.0},{"not_picked":["theMarked:ShockingTouch+1","theMarked:RepellingDischarge","theMarked:MysticalArsenal+1"],"picked":"Singing Bowl","floor":35.0},{"not_picked":["theMarked:KeepCalmAndFight","theMarked:TwofoldDefense+1","theMarked:MysticalArsenal"],"picked":"Singing Bowl","floor":36.0},{"not_picked":["theMarked:WastefulAttack+1","theMarked:Parkour","theMarked:Convert"],"picked":"Singing Bowl","floor":38.0},{"not_picked":["theMarked:HeightenedSenses","theMarked:TakeCover","theMarked:WastefulAttack+1"],"picked":"Singing Bowl","floor":41.0},{"not_picked":["theMarked:Frustration+1","theMarked:OneWithTheBlade","theMarked:ResourceFulStrike"],"picked":"Singing Bowl","floor":42.0},{"not_picked":["theMarked:ContemptForTheProud","theMarked:PowerFlow","theMarked:Maelstrom"],"picked":"Singing Bowl","floor":44.0},{"not_picked":["theMarked:Standoff+1","theMarked:TakeCover+1","theMarked:ElectricStrings"],"picked":"Singing Bowl","floor":45.0}],"player_experience":741764,"relics_obtained":[{"floor":6.0,"key":"MawBank"},{"floor":9.0,"key":"theMarked:Gun"},{"floor":12.0,"key":"Orichalcum"},{"floor":14.0,"key":"hubris:Potato"},{"floor":24.0,"key":"Potion Belt"},{"floor":24.0,"key":"MealTicket"},{"floor":26.0,"key":"theMarked:DemonDagger"},{"floor":27.0,"key":"Smiling Mask"},{"floor":27.0,"key":"Mango"},{"floor":30.0,"key":"Thread and Needle"},{"floor":30.0,"key":"Vajra"},{"floor":42.0,"key":"CaptainsWheel"},{"floor":42.0,"key":"Pen Nib"},{"floor":43.0,"key":"Gremlin Horn"},{"floor":44.0,"key":"hubris:CuriousFeather"},{"floor":48.0,"key":"Whetstone"}],"event_choices":[{"cards_removed":["theMarked:Strike"],"damage_healed":0.0,"max_hp_gain":0.0,"max_hp_loss":0.0,"gold_gain":0.0,"event_name":"Golden Wing","player_choice":"Card Removal","floor":2.0,"gold_loss":0.0,"damage_taken":7.0},{"cards_removed":["theMarked:BanishingStrike"],"damage_healed":0.0,"max_hp_gain":0.0,"max_hp_loss":0.0,"gold_gain":0.0,"event_name":"WeMeetAgain","player_choice":"Gave Card","floor":3.0,"gold_loss":0.0,"damage_taken":0.0,"relics_obtained":["Singing Bowl"]},{"damage_healed":0.0,"max_hp_gain":0.0,"max_hp_loss":0.0,"gold_gain":0.0,"event_name":"The Woman in Blue","player_choice":"Bought 1 Potion","floor":19.0,"gold_loss":0.0,"damage_taken":0.0},{"damage_healed":0.0,"max_hp_gain":0.0,"max_hp_loss":0.0,"gold_gain":0.0,"event_name":"betterSkull:BetterSkull","player_choice":"RE ","floor":22.0,"gold_loss":0.0,"damage_taken":25.0,"cards_upgraded":[],"relics_obtained":["hubris:SlimyHat"]},{"damage_healed":0.0,"max_hp_gain":0.0,"max_hp_loss":0.0,"gold_gain":0.0,"event_name":"MindBloom","player_choice":"Fight","floor":44.0,"gold_loss":0.0,"damage_taken":0.0}],"is_beta":false,"boss_relics":[{"not_picked":["Cursed Key","Pandora\u0027s Box"],"picked":"Black Star"},{"not_picked":["hubris:BlackHole","hubris:VirtuousBlindfold"],"picked":"hubris:Backtick"}],"items_purged_floors":[4,4,21,25,39],"is_endless":false,"potions_floor_spawned":[5,6,7,10,20,29,31,33,36,38],"ascension_level":1}}