{"host":"lrlw254gqe5layub","time":1611582483,"event":{"mods":["AchievementEnabler","BaseMod","Colored Map","Colored Powertips","Minty Spire (QoL Compilation)","Rare Cards Sparkle","SuperFastMode"],"gold_per_floor":[117,133,148,166,181,181,207,207,207,226,258,278,47,73,73,176,176,194,146,162,19,19,19,19],"floor_reached":23,"language":"KOR","playtime":1277,"items_purged":["Strike_B"],"score":298,"play_id":"1eb4edbe-5ecb-4ca1-add8-e1e6c6505410","local_time":"20210125224803","is_ascension_mode":true,"campfire_choices":[{"floor":6.0,"key":"REST"},{"floor":8.0,"key":"REST"},{"floor":15.0,"key":"REST"}],"circlet_count":0,"master_deck":["Strike_B","Strike_B","Strike_B","Defend_B","Defend_B","Defend_B","Defend_B","Zap","Dualcast","Glacier","Aggregate","Conserve Battery","Conserve Battery","Go for the Eyes","Go for the Eyes","Consume","Heatsinks","Hello World","Loop","Rip and Tear","White Noise","Echo Form","Barrage+1","Gash+1"],"relics":["Cracked Core","Oddly Smooth Stone","Unceasing Top","Symbiotic Virus","Pear","Molten Egg 2","Inserter","ClockworkSouvenir"],"acts_visited":["TheCity"],"potions_floor_usage":[],"damage_taken":[{"damage":0.0,"enemies":"Cultist","floor":1.0,"turns":3.0},{"damage":6.0,"enemies":"Jaw Worm","floor":2.0,"turns":4.0},{"damage":0.0,"enemies":"Small Slimes","floor":3.0,"turns":5.0},{"damage":21.0,"enemies":"Exordium Thugs","floor":4.0,"turns":7.0},{"damage":10.0,"enemies":"2 Fungi Beasts","floor":5.0,"turns":4.0},{"damage":28.0,"enemies":"Lagavulin","floor":7.0,"turns":10.0},{"damage":14.0,"enemies":"Lots of Slimes","floor":10.0,"turns":6.0},{"damage":25.0,"enemies":"Gremlin Nob","floor":11.0,"turns":6.0},{"damage":0.0,"enemies":"Looter","floor":12.0,"turns":4.0},{"damage":13.0,"enemies":"3 Sentries","floor":14.0,"turns":11.0},{"damage":23.0,"enemies":"Slime Boss","floor":16.0,"turns":11.0},{"damage":17.0,"enemies":"Shell Parasite","floor":18.0,"turns":9.0},{"damage":1.0,"enemies":"Spheric Guardian","floor":20.0,"turns":3.0},{"damage":57,"enemies":"Gremlin Leader","floor":23,"turns":5}],"seed_played":"-8504569591342204097","potions_obtained":[{"floor":1.0,"key":"SteroidPotion"},{"floor":7.0,"key":"PotionOfCapacity"},{"floor":10.0,"key":"DuplicationPotion"},{"floor":14.0,"key":"Explosive Potion"},{"floor":18.0,"key":"CultistPotion"}],"is_trial":false,"path_per_floor":["M","M","M","M","M","R","E","R","T","M","E","M","$","E","R","B",null,"M","$","M","$","$","E"],"character_chosen":"DEFECT","items_purchased":["Loop","Rip and Tear","Dexterity Potion","Dexterity Potion","ClockworkSouvenir"],"campfire_rested":3,"item_purchase_floors":[13,13,13,19,21],"current_hp_per_floor":[68,62,62,41,31,53,25,47,47,33,18,18,18,5,30,7,66,49,49,48,48,48,0,0],"gold":19,"neow_bonus":"RANDOM_COMMON_RELIC","is_daily":false,"chose_seed":false,"campfire_upgraded":0,"win_rate":0.0,"timestamp":1611582483,"path_taken":["M","M","M","M","M","R","E","R","T","M","E","M","$","E","R","BOSS","M","$","M","?","$","E"],"items_purchased_type":["Card","Card","Potion","Potion","Relic"],"build_version":"2020-12-22","purchased_purges":1,"victory":false,"max_hp_per_floor":[75,75,75,75,75,75,75,75,75,75,85,85,85,85,85,85,85,85,85,85,85,85,85,85],"card_choices":[{"not_picked":["FTL","Gash"],"picked":"Glacier","floor":1.0},{"not_picked":["Compile Driver","Stack"],"picked":"Aggregate","floor":2.0},{"not_picked":["Redo","Steam"],"picked":"Conserve Battery","floor":3.0},{"not_picked":["Stack","Cold Snap"],"picked":"Conserve Battery","floor":4.0},{"not_picked":["Turbo","Sweeping Beam"],"picked":"Go for the Eyes","floor":5.0},{"not_picked":["Coolheaded","Thunder Strike"],"picked":"Go for the Eyes","floor":7.0},{"not_picked":["Beam Cell","Glacier"],"picked":"Consume","floor":10.0},{"not_picked":["Go for the Eyes","Chill"],"picked":"Heatsinks","floor":11.0},{"not_picked":["Cold Snap","Rebound"],"picked":"Hello World","floor":12.0},{"not_picked":["Multi-Cast","Conserve Battery"],"picked":"White Noise","floor":14.0},{"not_picked":["Biased Cognition","Seek"],"picked":"Echo Form","floor":16.0},{"not_picked":["Redo","Go for the Eyes+1"],"picked":"Barrage+1","floor":18.0},{"not_picked":["Sweeping Beam+1","Skim"],"picked":"Gash+1","floor":20.0}],"player_experience":448817,"relics_obtained":[{"floor":7.0,"key":"Unceasing Top"},{"floor":9.0,"key":"Symbiotic Virus"},{"floor":11.0,"key":"Pear"},{"floor":14.0,"key":"Molten Egg 2"}],"event_choices":[],"is_beta":false,"boss_relics":[{"not_picked":["Runic Dome","Coffee Dripper"],"picked":"Inserter"}],"items_purged_floors":[13],"is_endless":false,"potions_floor_spawned":[1,7,10,11,14,18],"killed_by":"Gremlin Leader","ascension_level":8}}