{"host":"d73an99q9oevilk5","time":1611579323,"event":{"mods":["2.2 Compatiblity","AchievementEnabler","Act Like it!","Aspiration","BaseMod","Beaked The Cultist","Better Third Choice","BetterRewards","Colored Map","Colored Powertips","Conspire","GifTheSpireLib","Halation","Hubris","Infinite Spire","Mimic Mod","Minty Spire (QoL Compilation)","Quick Restart","Relic Sorter","Replay The Spire","Shop Mod","Spikes Relics","StSLib","Stuff the Spire","The Cursed","The Necromancer","The Saiyan","Waifu the Spire","egg","slay the spire mod where everything is the same but ironclad has a cowboy hat"],"gold_per_floor":[112,112,112,37,47,47,47,47,121,141,141,216,64,64,64,187,187,211,211,230,81,97,97,132,132,156,281,281,281,281,305,305,424,424,448,463,24,24,24,55,55,55,55,96,145,145,145,160,181,181,181,181],"floor_reached":53,"language":"ENG","playtime":1656,"items_purged":["StuffTheSpire:CuriosityCurse"],"score":992,"play_id":"1b3d1876-04aa-4af7-bb5a-9b2ade5e82e1","local_time":"20210125055523","is_ascension_mode":false,"campfire_choices":[{"data":"beaked:Ceremony","floor":6.0,"key":"SMITH"},{"data":"beaked:Ceremony","floor":8.0,"key":"SMITH"},{"data":"beaked:CrazyRituals","floor":15.0,"key":"SMITH"},{"floor":23.0,"key":"REST"},{"data":"beaked:KnowThyFoe","floor":25.0,"key":"SMITH"},{"data":"beaked:Foresight","floor":29.0,"key":"SMITH"},{"data":"beaked:Evade","floor":32.0,"key":"SMITH"}],"circlet_count":0,"master_deck":["beaked:Strike_Y","beaked:Strike_Y","beaked:Strike_Y","beaked:Strike_Y","beaked:Strike_Y","beaked:Defend_Y","beaked:Defend_Y","beaked:Defend_Y","beaked:Defend_Y","beaked:Ceremony+1","beaked:Ceremony+1","beaked:Ceremony+1","beaked:Evade","beaked:CrazyRituals+1","beaked:KnowThyFoe+1","beaked:Evade+1","beaked:Foresight+1","beaked:CursingBlood+1","beaked:AwakenedForm+1","beaked:Pecker+1","beaked:Flinch","Panacea","beaked:Insight+1"],"relics":["beaked:MendingPlumage","Gremlin Horn","Centennial Puzzle","aspiration:SeaSaltIceCream","aspiration:Nostalgia","Cracked Core","Juzu Bracelet","Golden Idol","hubris:ScarierMask","hubris:Towel","StuffTheSpire:BottledEssence","Mummified Hand","Toy Ornithopter","Gambling Chip","Replay:Bottled Flurry","hubris:DeckOfHolding","beaked:FlawlessSticks","Turnip","conspire:TreasureMap","StuffTheSpire:Mouthbags","SpikesRelics:DaevaFist","Unceasing Top","Counterbalance","halation:PapillonHeart","infinitespire:EvilPickle"],"acts_visited":["Exordium","TheCity","TheBeyond"],"potions_floor_usage":[44,52,52],"damage_taken":[{"damage":13.0,"enemies":"Small Slimes","floor":1.0,"turns":4.0},{"damage":9.0,"enemies":"Jaw Worm","floor":5.0,"turns":5.0},{"damage":16.0,"enemies":"infinitespire:Voidling","floor":10.0,"turns":4.0},{"damage":28.0,"enemies":"Hexaghost","floor":16.0,"turns":10.0},{"damage":32.0,"enemies":"Chosen","floor":18.0,"turns":5.0},{"damage":15.0,"enemies":"Shell Parasite","floor":20.0,"turns":7.0},{"damage":41.0,"enemies":"Centurion and Healer","floor":22.0,"turns":6.0},{"damage":50.0,"enemies":"Book of Stabbing","floor":24.0,"turns":11.0},{"damage":17.0,"enemies":"Colosseum Slavers","floor":27.0,"turns":4.0},{"damage":24.0,"enemies":"Colosseum Nobs","floor":27.0,"turns":4.0},{"damage":0.0,"enemies":"Cultist and Chosen","floor":31.0,"turns":6.0},{"damage":48.0,"enemies":"Pondfish","floor":33.0,"turns":7.0},{"damage":15.0,"enemies":"3 Darklings","floor":35.0,"turns":5.0},{"damage":26.0,"enemies":"Orb Walker","floor":36.0,"turns":4.0},{"damage":34.0,"enemies":"R_Hoarder","floor":40.0,"turns":6.0},{"damage":34,"enemies":"Reptomancer","floor":44,"turns":6},{"damage":3,"enemies":"Spire Growth","floor":45,"turns":6},{"damage":20,"enemies":"Spire Growth","floor":48,"turns":4},{"damage":9,"enemies":"3 Darklings","floor":49,"turns":7},{"damage":47,"enemies":"hubris:GrandSnecko","floor":52,"turns":6}],"seed_played":"565604604075944595","potions_obtained":[{"floor":16.0,"key":"Explosive Potion"},{"floor":24.0,"key":"PowerPotion"},{"floor":27.0,"key":"Death Potion"},{"floor":33.0,"key":"SkillPotion"},{"floor":36.0,"key":"Fire Potion"},{"floor":48,"key":"Elixir"}],"is_trial":false,"path_per_floor":["M","?","?","$","M","R","?","R","T","M","$","?","$","?","R","B",null,"M","?","M","$","M","R","E","R","T","?","?","R","T","M","R","B",null,"M","M","$","?","?","E","?","PTL","PTL","E","MIM","R","?","M","M","?","R_BF","B",null],"character_chosen":"BEAKED_THE_CULTIST","items_purchased":["Gremlin Horn","Juzu Bracelet","StuffTheSpire:BottledEssence","Turnip","conspire:TreasureMap"],"campfire_rested":1,"item_purchase_floors":[0,13,21,37,37],"current_hp_per_floor":[43,43,43,43,45,45,45,45,45,49,49,38,38,26,26,36,50,26,26,42,42,22,37,24,24,24,21,21,21,21,40,40,43,50,50,36,36,36,36,31,31,31,31,20,47,47,47,40,50,47,47,43],"gold":181,"neow_bonus":"","is_daily":false,"chose_seed":false,"campfire_upgraded":6,"win_rate":0.0,"timestamp":1611579323,"path_taken":["M","?","?","$","?","R","?","R","T","M","$","?","?","?","R","BOSS","M","?","M","$","M","R","E","R","T","?","?","R","?","M","R","BOSS","M","M","$","?","?","E","?","PTL","PTL","E","MIM","R","?","M","M","?","R_BF","BOSS"],"items_purchased_type":["Relic","Relic","Relic","Relic","Relic"],"build_version":"2020-12-22","purchased_purges":1,"victory":true,"max_hp_per_floor":[50,50,50,50,50,50,50,50,50,50,50,50,50,50,50,50,50,50,50,50,50,50,50,50,50,50,50,50,50,50,50,50,50,50,50,50,50,50,50,50,50,50,50,50,50,50,50,50,50,47,47,47],"card_choices":[{"not_picked":["beaked:Overexert","beaked:Devastation","beaked:VigorBurst"],"picked":"SKIP","floor":1.0},{"not_picked":["beaked:Flinch","beaked:Hexing"],"picked":"beaked:Evade","floor":5.0},{"not_picked":["beaked:MimicWarrior","beaked:VigorBurst"],"picked":"beaked:CrazyRituals","floor":10.0},{"not_picked":["beaked:WildInstinct","beaked:ShadowFade"],"picked":"beaked:KnowThyFoe","floor":16.0},{"not_picked":["beaked:BounceBack","beaked:Pecker"],"picked":"beaked:Evade","floor":18.0},{"not_picked":["beaked:TuckingFeathers","beaked:Tradeoff+1"],"picked":"beaked:Foresight","floor":20.0},{"not_picked":["beaked:Brace","beaked:SurvivalInstinct"],"picked":"beaked:CursingBlood+1","floor":22.0},{"not_picked":["beaked:Tweet","beaked:RuinSticks+1","beaked:Flinch+1"],"picked":"SKIP","floor":24.0},{"not_picked":["beaked:BraceForImpact","beaked:Cower","ReplayTheSpireMod:Wings of Steel"],"picked":"SKIP","floor":31.0},{"not_picked":["beaked:WildInstinct","beaked:MachineEssence"],"picked":"beaked:AwakenedForm","floor":33.0},{"not_picked":["beaked:Overexert","beaked:SacrificialAttack+1"],"picked":"beaked:Pecker+1","floor":35.0},{"not_picked":["beaked:Flinch","beaked:SurvivalInstinct","beaked:Poke+1"],"picked":"SKIP","floor":36.0},{"not_picked":["beaked:FeelMyPain","beaked:BloodForTheGods","beaked:FakeOut"],"picked":"SKIP","floor":40.0},{"not_picked":["beaked:SacrificialAttack","beaked:Tweet"],"picked":"beaked:Flinch","floor":44},{"not_picked":["StuffTheSpire:FreeRealEstate","Replay:Dark Deal"],"picked":"Panacea","floor":47},{"not_picked":["beaked:Hexing","beaked:Windmill+1","beaked:Sacrifice"],"picked":"SKIP","floor":48},{"not_picked":["beaked:VigorBurst","beaked:Replenish+1"],"picked":"beaked:Insight+1","floor":49}],"player_experience":1780244,"relics_obtained":[{"floor":9.0,"key":"aspiration:SeaSaltIceCream"},{"floor":24.0,"key":"Mummified Hand"},{"floor":26.0,"key":"Toy Ornithopter"},{"floor":27.0,"key":"Gambling Chip"},{"floor":27.0,"key":"Replay:Bottled Flurry"},{"floor":30.0,"key":"hubris:DeckOfHolding"},{"floor":40.0,"key":"StuffTheSpire:Mouthbags"},{"floor":44,"key":"SpikesRelics:DaevaFist"},{"floor":45,"key":"Unceasing Top"},{"floor":45,"key":"Counterbalance"}],"event_choices":[{"damage_healed":0.0,"max_hp_gain":0.0,"max_hp_loss":0.0,"gold_gain":0.0,"event_name":"Accursed Blacksmith","player_choice":"Forge","floor":3.0,"gold_loss":0.0,"damage_taken":0.0,"cards_upgraded":["beaked:Ceremony"]},{"damage_healed":0.0,"max_hp_gain":0.0,"max_hp_loss":0.0,"gold_gain":0.0,"event_name":"The Cleric","player_choice":"Leave","floor":7.0,"gold_loss":0.0,"damage_taken":0.0},{"damage_healed":0.0,"max_hp_gain":0.0,"max_hp_loss":0.0,"gold_gain":75.0,"event_name":"betterThird:BetterGoop","player_choice":"Gold","floor":12.0,"gold_loss":0.0,"damage_taken":11.0},{"damage_healed":0.0,"max_hp_gain":0.0,"max_hp_loss":0.0,"gold_gain":0.0,"event_name":"Golden Idol","player_choice":"Take Damage","floor":14.0,"gold_loss":0.0,"damage_taken":12.0,"relics_obtained":["Golden Idol"]},{"damage_healed":0.0,"max_hp_gain":0.0,"max_hp_loss":0.0,"gold_gain":0.0,"event_name":"Colosseum","player_choice":"Fight","floor":27.0,"gold_loss":0.0,"damage_taken":0.0},{"damage_healed":0.0,"max_hp_gain":0.0,"max_hp_loss":0.0,"gold_gain":0.0,"event_name":"Colosseum","player_choice":"Fought Nobs","floor":27.0,"gold_loss":0.0,"damage_taken":0.0},{"damage_healed":0.0,"max_hp_gain":0.0,"max_hp_loss":0.0,"gold_gain":0.0,"event_name":"conspire:Investor","player_choice":"Leave","floor":28.0,"gold_loss":0.0,"damage_taken":0.0},{"cards_removed":["beaked:Strike_Y"],"damage_healed":0.0,"max_hp_gain":0.0,"max_hp_loss":0.0,"gold_gain":0.0,"event_name":"Falling","player_choice":"Removed Attack","floor":38.0,"gold_loss":0.0,"damage_taken":0.0},{"damage_healed":0.0,"max_hp_gain":0.0,"max_hp_loss":0.0,"gold_gain":0.0,"event_name":"Upgrade Shrine","player_choice":"Upgraded","floor":41.0,"gold_loss":0.0,"damage_taken":0.0,"cards_upgraded":["beaked:AwakenedForm"]},{"damage_healed":0,"gold_gain":0,"player_choice":"Memory 1","damage_taken":0,"max_hp_gain":0,"max_hp_loss":0,"event_name":"SensoryStone","floor":47,"gold_loss":0}],"is_beta":false,"boss_relics":[{"not_picked":["hubris:Stopwatch","aspiration:WatcherSkillbook"],"picked":"hubris:ScarierMask"},{"not_picked":["Abe\u0027s Treasure","halation:MonkeysPaw"],"picked":"beaked:FlawlessSticks"}],"items_purged_floors":[4],"is_endless":false,"potions_floor_spawned":[16,24,27,27,33,36,48,49],"ascension_level":0}}