{"host":"jpcy2bclvs7juczu","time":1611590015,"event":{"mods":["Alarm Clock","BaseMod","Bestiary","Block Reminder","Colored Map","Colored Powertips","Curses Come First","Dark Map","Minty Spire (QoL Compilation)","Quick Restart","RNG Fix","Relic Stats","Slay the Relics Exporter","SpireBot","StSLib","ojb\u0027s Better Paths Mod","ojb\u0027s Info Mod","slay the spire mod where everything is the same but ironclad has a cowboy hat"],"gold_per_floor":[111,111,111,122,47,75,95,130,183,194,204,233,247,265,265,342,342,362,362,362,381,404,435,448,482,482,3,20,32,66,81,81,155,155,167,167,178,197,36,70,70,103,103,137,155,171,184,184,184,184,184,184],"floor_reached":51,"language":"ENG","playtime":4177,"items_purged":["Pain"],"score":2096,"play_id":"91d60f2b-ecaf-478f-ac06-625a5315ae21","local_time":"20210125105335","is_ascension_mode":true,"campfire_choices":[{"data":"CrushJoints","floor":15.0,"key":"SMITH"},{"data":"Omniscience","floor":32,"key":"SMITH"},{"data":"TalkToTheHand","floor":41,"key":"SMITH"},{"floor":49,"key":"RECALL"}],"circlet_count":0,"master_deck":["AscendersBane","Strike_P+1","Defend_P+1","Defend_P+1","Defend_P+1","Defend_P+1","Eruption+1","Vigilance+1","Consecrate+1","CutThroughFate+1","CrushJoints+1","Protect+1","FearNoEvil+1","SignatureMove+1","SandsOfTime+1","EmptyFist+1","Adaptation+1","Vault+1","Wallop+1","Wallop+1","Protect+1","TalkToTheHand+1","FlurryOfBlows+1","CutThroughFate+1","MentalFortress+1","Swivel+1","EmptyBody+1","CutThroughFate+1","CrushJoints+1","BowlingBash+1","WheelKick+1","Omniscience+1","FlurryOfBlows+1","CutThroughFate+1","Vault+1","EmptyMind+1","Pray+1","Scrawl+1","ThirdEye+1","LessonLearned+1","SandsOfTime+1","Prostrate+1","MentalFortress+1","EmptyBody+1","DeceiveReality+1","TalkToTheHand+1","Adaptation+1","BowlingBash+1","MentalFortress+1"],"relics":["PureWater","NeowsBlessing","Meat on the Bone","WarpedTongs","Anchor","FossilizedHelix","Potion Belt","Bag of Marbles","Philosopher\u0027s Stone","Bottled Tornado","Happy Flower","InkBottle","Vajra","Prayer Wheel","Orrery","Incense Burner","Mercury Hourglass","Astrolabe","Frozen Eye","Shovel","PreservedInsect","Smiling Mask","Mark of the Bloom"],"acts_visited":["Exordium","TheCity","TheBeyond"],"potions_floor_usage":[30,33,37,40,42,50,50,50],"damage_taken":[{"damage":0.0,"enemies":"Jaw Worm","floor":1.0,"turns":1.0},{"damage":0.0,"enemies":"Small Slimes","floor":4.0,"turns":2.0},{"damage":0.0,"enemies":"Lagavulin","floor":6.0,"turns":1.0},{"damage":1.0,"enemies":"Cultist","floor":7.0,"turns":3.0},{"damage":23.0,"enemies":"Gremlin Nob","floor":8.0,"turns":3.0},{"damage":0.0,"enemies":"Blue Slaver","floor":10.0,"turns":3.0},{"damage":20.0,"enemies":"Gremlin Gang","floor":11.0,"turns":3.0},{"damage":0.0,"enemies":"Lagavulin","floor":12.0,"turns":4.0},{"damage":0.0,"enemies":"Exordium Wildlife","floor":13.0,"turns":4.0},{"damage":0.0,"enemies":"2 Fungi Beasts","floor":14.0,"turns":3.0},{"damage":20.0,"enemies":"Slime Boss","floor":16.0,"turns":8.0},{"damage":0,"enemies":"Spheric Guardian","floor":18,"turns":1},{"damage":0,"enemies":"Shell Parasite","floor":21,"turns":2},{"damage":1,"enemies":"Slavers","floor":23,"turns":7},{"damage":0,"enemies":"Snake Plant","floor":24,"turns":2},{"damage":0,"enemies":"Book of Stabbing","floor":25,"turns":5},{"damage":0,"enemies":"Chosen and Byrds","floor":28,"turns":5},{"damage":0,"enemies":"Snecko","floor":29,"turns":5},{"damage":0,"enemies":"Slavers","floor":30,"turns":7},{"damage":0,"enemies":"Centurion and Healer","floor":31,"turns":7},{"damage":0,"enemies":"Automaton","floor":33,"turns":8},{"damage":0,"enemies":"3 Shapes","floor":35,"turns":8},{"damage":0,"enemies":"Orb Walker","floor":37,"turns":5},{"damage":1,"enemies":"Maw","floor":38,"turns":9},{"damage":31,"enemies":"Nemesis","floor":40,"turns":8},{"damage":0,"enemies":"Reptomancer","floor":42,"turns":6},{"damage":0,"enemies":"Nemesis","floor":44,"turns":8},{"damage":0,"enemies":"Transient","floor":45,"turns":6},{"damage":12,"enemies":"Sphere and 2 Shapes","floor":46,"turns":6},{"damage":0,"enemies":"Jaw Worm Horde","floor":47,"turns":6},{"damage":0,"enemies":"Donu and Deca","floor":50,"turns":10},{"damage":49,"enemies":"Awakened One","floor":51,"turns":5}],"seed_played":"-4125250209067702325","potions_obtained":[{"floor":4.0,"key":"ColorlessPotion"},{"floor":6.0,"key":"FairyPotion"},{"floor":7.0,"key":"Strength Potion"},{"floor":13.0,"key":"Weak Potion"},{"floor":21,"key":"Fruit Juice"},{"floor":23,"key":"Weak Potion"},{"floor":28,"key":"AttackPotion"},{"floor":31,"key":"Fire Potion"},{"floor":33,"key":"BlessingOfTheForge"},{"floor":37,"key":"FearPotion"},{"floor":38,"key":"SteroidPotion"},{"floor":40,"key":"Ambrosia"},{"floor":44,"key":"Swift Potion"}],"is_trial":false,"path_per_floor":["M","?","?","M","$","E","M","E","T","M","M","E","M","M","R","B",null,"M","T","?","M","T","E","M","E","T","$","M","M","E","M","R","B",null,"M","?","M","M","$","E","R","E","T","E","M","M","M","?","R","B","B"],"character_chosen":"WATCHER","items_purchased":["Orrery","Incense Burner","Frozen Eye"],"campfire_rested":0,"item_purchase_floors":[27,27,39],"current_hp_per_floor":[61,50,50,50,50,50,49,38,38,38,30,42,42,42,42,34,60,60,60,60,60,60,59,59,59,59,59,59,59,59,59,59,59,66,66,62,67,66,66,47,47,47,47,47,47,47,47,47,47,47,0,0],"gold":184,"neow_bonus":"THREE_ENEMY_KILL","is_daily":false,"chose_seed":false,"campfire_upgraded":3,"win_rate":0.0,"timestamp":1611590015,"path_taken":["M","?","?","M","$","E","M","E","T","M","M","E","M","M","R","BOSS","M","?","?","M","?","E","M","E","T","$","M","M","E","M","R","BOSS","M","?","M","M","$","E","R","E","T","E","M","M","M","?","R","BOSS","BOSS"],"items_purchased_type":["Relic","Relic","Relic"],"build_version":"2020-12-22","purchased_purges":1,"victory":false,"max_hp_per_floor":[68,68,68,68,68,68,68,68,68,68,68,68,68,68,68,68,68,68,68,68,68,68,68,68,68,68,68,68,68,68,68,68,68,68,68,68,73,73,73,73,73,73,73,73,73,73,73,73,73,73,73,73],"relic_stats":{"Mark of the Bloom":0,"Happy Flower":[41],"counters":[32,159],"Astrolabe":["EmptyMind","Pray","Scrawl"],"PreservedInsect":50,"Smiling Mask":0,"WarpedTongs":[145],"Mercury Hourglass":[337],"Shovel":0,"Prayer Wheel":9,"obtain_stats":[{"Potion Belt":9,"Mark of the Bloom":48,"NeowsBlessing":0,"Happy Flower":22,"Astrolabe":34,"Vajra":25,"PreservedInsect":42,"Incense Burner":27,"Bottled Tornado":19,"Smiling Mask":44,"WarpedTongs":3,"Mercury Hourglass":30,"Frozen Eye":39,"Anchor":6,"Shovel":40,"Orrery":27,"Philosopher\u0027s Stone":17,"Prayer Wheel":26,"Bag of Marbles":12,"PureWater":0,"FossilizedHelix":8,"InkBottle":23,"Meat on the Bone":2},{"Potion Belt":5,"Mark of the Bloom":30,"NeowsBlessing":0,"Happy Flower":13,"Astrolabe":21,"Vajra":16,"PreservedInsect":26,"Incense Burner":16,"Bottled Tornado":12,"Smiling Mask":27,"WarpedTongs":1,"Mercury Hourglass":19,"Frozen Eye":24,"Anchor":3,"Shovel":25,"Orrery":16,"Philosopher\u0027s Stone":11,"Prayer Wheel":16,"Bag of Marbles":8,"PureWater":0,"FossilizedHelix":5,"InkBottle":14,"Meat on the Bone":1},{"Potion Belt":10,"Mark of the Bloom":144,"NeowsBlessing":0,"Happy Flower":38,"Astrolabe":84,"Vajra":52,"PreservedInsect":119,"Incense Burner":52,"Bottled Tornado":36,"Smiling Mask":126,"WarpedTongs":1,"Mercury Hourglass":69,"Frozen Eye":105,"Anchor":4,"Shovel":113,"Orrery":52,"Philosopher\u0027s Stone":35,"Prayer Wheel":52,"Bag of Marbles":20,"PureWater":0,"FossilizedHelix":10,"InkBottle":45,"Meat on the Bone":1}],"InkBottle":[45],"Meat on the Bone":72},"card_choices":[{"not_picked":["Pray","JustLucky"],"picked":"Consecrate","floor":1.0},{"not_picked":["Crescendo","Evaluate"],"picked":"CutThroughFate","floor":4.0},{"not_picked":["Consecrate","WindmillStrike"],"picked":"CrushJoints","floor":6.0},{"not_picked":["Collect","WreathOfFlame","JustLucky"],"picked":"SKIP","floor":7.0},{"not_picked":["Halt","SashWhip"],"picked":"Protect","floor":8.0},{"not_picked":["FollowUp","JustLucky"],"picked":"FearNoEvil","floor":10.0},{"not_picked":["CrushJoints","Wireheading"],"picked":"SignatureMove","floor":11.0},{"not_picked":["FearNoEvil","DeusExMachina"],"picked":"SandsOfTime","floor":12.0},{"not_picked":["CutThroughFate","FollowUp"],"picked":"EmptyFist","floor":13.0},{"not_picked":["Swivel","Prostrate"],"picked":"Adaptation","floor":14.0},{"not_picked":["LessonLearned","DevaForm"],"picked":"Vault","floor":16.0},{"not_picked":["Protect","FollowUp"],"picked":"Wallop","floor":18},{"not_picked":["FlurryOfBlows","ForeignInfluence"],"picked":"Protect+1","floor":21},{"not_picked":["InnerPeace","Sanctity"],"picked":"TalkToTheHand","floor":23},{"not_picked":["EmptyBody","SandsOfTime"],"picked":"FlurryOfBlows","floor":24},{"not_picked":["Establishment","Crescendo+1"],"picked":"CutThroughFate","floor":25},{"not_picked":["Nirvana","Conclude"],"picked":"MentalFortress","floor":27},{"not_picked":["Evaluate","ThirdEye"],"picked":"Swivel+1","floor":27},{"not_picked":["Evaluate","Vengeance"],"picked":"EmptyBody","floor":27},{"not_picked":["Prostrate","EmptyFist"],"picked":"CutThroughFate+1","floor":27},{"not_picked":["WindmillStrike+1","ThirdEye+1"],"picked":"CrushJoints+1","floor":28},{"not_picked":["Protect","Halt","ConjureBlade"],"picked":"SKIP","floor":28},{"not_picked":["Halt","PathToVictory"],"picked":"BowlingBash","floor":29},{"not_picked":["BowlingBash","PathToVictory"],"picked":"WheelKick","floor":29},{"not_picked":["Sanctity","Pray"],"picked":"Omniscience","floor":30},{"not_picked":["Consecrate","Prostrate"],"picked":"FlurryOfBlows","floor":31},{"not_picked":["FollowUp","Pray"],"picked":"CutThroughFate","floor":31},{"not_picked":["Judgement","Alpha"],"picked":"Vault","floor":33},{"not_picked":["Halt","Protect"],"picked":"ThirdEye","floor":35},{"not_picked":["Crescendo","SashWhip","ClearTheMind"],"picked":"SKIP","floor":35},{"not_picked":["CrushJoints+1","ClearTheMind"],"picked":"LessonLearned","floor":37},{"not_picked":["Indignation","SashWhip"],"picked":"SandsOfTime","floor":37},{"not_picked":["Halt","CrushJoints"],"picked":"Prostrate","floor":38},{"not_picked":["Prostrate","FollowUp"],"picked":"MentalFortress","floor":38},{"not_picked":["FlurryOfBlows","ConjureBlade"],"picked":"EmptyBody+1","floor":40},{"not_picked":["Swivel","SashWhip","Vengeance"],"picked":"SKIP","floor":42},{"not_picked":["Nirvana+1","SignatureMove+1"],"picked":"DeceiveReality","floor":44},{"not_picked":["CutThroughFate","BowlingBash"],"picked":"TalkToTheHand","floor":45},{"not_picked":["Weave+1","SashWhip","CrushJoints"],"picked":"SKIP","floor":45},{"not_picked":["Consecrate","PathToVictory"],"picked":"Adaptation+1","floor":46},{"not_picked":["Weave","ClearTheMind"],"picked":"BowlingBash","floor":46},{"not_picked":["EmptyFist","FlyingSleeves"],"picked":"MentalFortress+1","floor":47},{"not_picked":["FlyingSleeves","Conclude","FollowUp+1"],"picked":"SKIP","floor":47}],"player_experience":1496285,"relics_obtained":[{"floor":6.0,"key":"Anchor"},{"floor":8.0,"key":"FossilizedHelix"},{"floor":9.0,"key":"Potion Belt"},{"floor":12.0,"key":"Bag of Marbles"},{"floor":19,"key":"Bottled Tornado"},{"floor":22,"key":"Happy Flower"},{"floor":23,"key":"InkBottle"},{"floor":25,"key":"Vajra"},{"floor":26,"key":"Prayer Wheel"},{"floor":30,"key":"Mercury Hourglass"},{"floor":40,"key":"Shovel"},{"floor":42,"key":"PreservedInsect"},{"floor":44,"key":"Smiling Mask"}],"event_choices":[{"damage_healed":0.0,"max_hp_gain":0.0,"max_hp_loss":0.0,"gold_gain":0.0,"event_name":"Scrap Ooze","player_choice":"Success","floor":2.0,"gold_loss":0.0,"damage_taken":11.0,"relics_obtained":["Meat on the Bone"]},{"damage_healed":0.0,"max_hp_gain":0.0,"max_hp_loss":0.0,"gold_gain":0.0,"event_name":"Accursed Blacksmith","player_choice":"Rummage","floor":3.0,"gold_loss":0.0,"damage_taken":0.0,"relics_obtained":["WarpedTongs"],"cards_obtained":["Pain"]},{"damage_healed":0,"gold_gain":0,"player_choice":"Read","damage_taken":0,"max_hp_gain":0,"max_hp_loss":0,"event_name":"The Library","floor":20,"gold_loss":0,"cards_obtained":["Wallop"]},{"damage_healed":0,"gold_gain":0,"player_choice":"Bought 0 Potions","damage_taken":0,"max_hp_gain":0,"max_hp_loss":0,"event_name":"The Woman in Blue","floor":36,"gold_loss":0},{"damage_healed":0,"gold_gain":0,"player_choice":"Upgrade","damage_taken":0,"relics_obtained":["Mark of the Bloom"],"max_hp_gain":0,"max_hp_loss":0,"event_name":"MindBloom","floor":48,"gold_loss":0,"cards_upgraded":["Strike_P","Defend_P","Defend_P","Defend_P","Defend_P","Eruption","Vigilance","Consecrate","CutThroughFate","Protect","FearNoEvil","SignatureMove","SandsOfTime","EmptyFist","Adaptation","Vault","Wallop","FlurryOfBlows","CutThroughFate","MentalFortress","EmptyBody","BowlingBash","WheelKick","FlurryOfBlows","CutThroughFate","Vault","LessonLearned","SandsOfTime","Prostrate","MentalFortress","DeceiveReality","BowlingBash"]}],"is_beta":false,"boss_relics":[{"not_picked":["SlaversCollar","Runic Dome"],"picked":"Philosopher\u0027s Stone"},{"not_picked":["Empty Cage","HolyWater"],"picked":"Astrolabe"}],"items_purged_floors":[5],"is_endless":false,"potions_floor_spawned":[4,6,7,13,21,23,28,31,33,37,38,40,44,46],"killed_by":"Awakened One","ascension_level":20}}