{"host":"agbyy69nq62afhwx","time":1611610267,"event":{"mods":["BaseMod","Colored Map","DeckTracker","Highlight Path","Keyboard Shortcuts","Minty Spire (QoL Compilation)","Quick Restart","StSLib","SuperFastMode","everything is the same but u backflip on backflip"],"gold_per_floor":[119,137,148,55,55,55,70,96,123,123,182,182,207,132,132,237,237,248,34,83,97,128,160,160,160],"floor_reached":24,"language":"KOR","playtime":718,"items_purged":["Strike_P","Defend_P"],"score":440,"play_id":"ede30e51-b9d8-4d96-974e-a481c82d10d4","local_time":"20210126063107","is_ascension_mode":true,"campfire_choices":[{"data":"Eruption","floor":6.0,"key":"SMITH"},{"data":"Pray","floor":10.0,"key":"SMITH"},{"data":"Wish","floor":12.0,"key":"SMITH"},{"data":"WheelKick","floor":15.0,"key":"SMITH"}],"circlet_count":0,"master_deck":["AscendersBane","Strike_P","Strike_P","Strike_P","Defend_P","Defend_P","Defend_P","Eruption+1","Vigilance","Worship","Pray+1","Flash of Steel","WheelKick+1","Wish+1","ClearTheMind","SpiritShield","FearNoEvil","WindmillStrike","Halt","Prostrate+1"],"relics":["PureWater","MealTicket","FaceOfCleric","Art of War","Regal Pillow","Toy Ornithopter","Akabeko","Philosopher\u0027s Stone","Red Mask","Nunchaku"],"acts_visited":["Exordium","TheCity"],"potions_floor_usage":[],"damage_taken":[{"damage":7.0,"enemies":"Small Slimes","floor":1.0,"turns":3.0},{"damage":0.0,"enemies":"Cultist","floor":2.0,"turns":3.0},{"damage":4.0,"enemies":"Jaw Worm","floor":3.0,"turns":3.0},{"damage":15.0,"enemies":"Gremlin Gang","floor":7.0,"turns":5.0},{"damage":10.0,"enemies":"Gremlin Nob","floor":8.0,"turns":3.0},{"damage":0.0,"enemies":"Lagavulin","floor":11.0,"turns":4.0},{"damage":10.0,"enemies":"Gremlin Nob","floor":13.0,"turns":3.0},{"damage":38.0,"enemies":"Slime Boss","floor":16.0,"turns":12.0},{"damage":21.0,"enemies":"2 Thieves","floor":18.0,"turns":5.0},{"damage":21.0,"enemies":"Shell Parasite","floor":20.0,"turns":4.0},{"damage":21.0,"enemies":"Sentry and Sphere","floor":21.0,"turns":6.0},{"damage":0.0,"enemies":"Masked Bandits","floor":22.0,"turns":2.0},{"damage":24.0,"enemies":"Slavers","floor":23.0,"turns":5.0},{"damage":0,"enemies":"Snecko","floor":24,"turns":2}],"seed_played":"-5608679212882288469","potions_obtained":[{"floor":2.0,"key":"SneckoOil"},{"floor":3.0,"key":"FearPotion"},{"floor":8.0,"key":"SkillPotion"},{"floor":18.0,"key":"PowerPotion"},{"floor":21.0,"key":"SteroidPotion"}],"is_trial":false,"path_per_floor":["M","M","M","$","?","R","M","E","T","R","E","R","E","$","R","B",null,"M","$","M","M","?","E","M"],"character_chosen":"WATCHER","items_purchased":["Flash of Steel","FearNoEvil","WindmillStrike"],"campfire_rested":0,"item_purchase_floors":[4,19,19],"current_hp_per_floor":[54,54,50,65,65,65,51,42,42,42,43,43,34,49,49,17,59,39,54,34,19,25,7,7,7],"gold":160,"neow_bonus":"RANDOM_COMMON_RELIC","is_daily":false,"chose_seed":false,"campfire_upgraded":4,"win_rate":0.0,"timestamp":1611610267,"path_taken":["M","M","M","$","?","R","M","E","T","R","E","R","E","$","R","BOSS","M","$","M","?","?","E","M"],"items_purchased_type":["Card","Card","Card"],"build_version":"2020-12-22","purchased_purges":2,"victory":false,"max_hp_per_floor":[68,68,68,68,68,68,69,70,70,70,71,71,72,72,72,73,73,74,74,75,76,77,78,78,78],"card_choices":[{"not_picked":["ThirdEye","ClearTheMind"],"picked":"Worship","floor":1.0},{"not_picked":["FlyingSleeves","ClearTheMind"],"picked":"Pray","floor":2.0},{"not_picked":["ClearTheMind","Wireheading","SashWhip"],"picked":"SKIP","floor":3.0},{"not_picked":["Evaluate","Protect"],"picked":"WheelKick","floor":7.0},{"not_picked":["Weave","Conclude"],"picked":"Wish","floor":8.0},{"not_picked":["FlyingSleeves","Protect"],"picked":"ClearTheMind","floor":11.0},{"not_picked":["Worship","EmptyFist","SignatureMove"],"picked":"SKIP","floor":13.0},{"not_picked":["Establishment","Wish"],"picked":"SpiritShield","floor":16.0},{"not_picked":["SashWhip","ThirdEye","WreathOfFlame"],"picked":"SKIP","floor":18.0},{"not_picked":["LikeWater","Evaluate"],"picked":"Halt","floor":20.0},{"not_picked":["Consecrate","Protect"],"picked":"Prostrate+1","floor":21.0},{"not_picked":["Establishment","WheelKick","InnerPeace"],"picked":"SKIP","floor":23.0}],"player_experience":475302,"relics_obtained":[{"floor":8.0,"key":"Art of War"},{"floor":9.0,"key":"Regal Pillow"},{"floor":11.0,"key":"Toy Ornithopter"},{"floor":13.0,"key":"Akabeko"},{"floor":22.0,"key":"Red Mask"},{"floor":23.0,"key":"Nunchaku"}],"event_choices":[{"damage_healed":0.0,"max_hp_gain":0.0,"max_hp_loss":0.0,"gold_gain":0.0,"event_name":"FaceTrader","player_choice":"Trade","floor":5.0,"gold_loss":0.0,"damage_taken":0.0,"relics_obtained":["FaceOfCleric"]},{"damage_healed":0.0,"max_hp_gain":0.0,"max_hp_loss":0.0,"gold_gain":0.0,"event_name":"Masked Bandits","player_choice":"Fought Bandits","floor":22.0,"gold_loss":0.0,"damage_taken":0.0}],"is_beta":false,"boss_relics":[{"not_picked":["Pandora\u0027s Box","Calling Bell"],"picked":"Philosopher\u0027s Stone"}],"items_purged_floors":[14,19],"is_endless":false,"potions_floor_spawned":[2,3,8,18,21],"killed_by":"Snecko","ascension_level":14}}