{"host":"1tl36azeqm6yhdgj","time":1611602973,"event":{"mods":["AchievementEnabler","BaseMod","Minty Spire (QoL Compilation)","StSLib","The IronCluck","everything is the same but u backflip on backflip"],"gold_per_floor":[112,112,37,54,73,73,102,102,102,122,148,210,243,264,264,336,336,353,353,368,368,383,383,383],"floor_reached":23,"language":"ENG","playtime":698,"items_purged":[],"score":418,"play_id":"a52f9251-ce2d-46f0-b7f5-3c75ba673905","local_time":"20210125142933","is_ascension_mode":true,"campfire_choices":[{"floor":6.0,"key":"REST"},{"floor":8.0,"key":"REST"},{"floor":15.0,"key":"REST"}],"circlet_count":0,"master_deck":["AscendersBane","Strike_R","Strike_R+1","Defend_R","Defend_R+1","Defend_R","Defend_R","Bash","Cleave","Inflame","Shrug It Off","Infernal Blade","Rampage","Intimidate","Feel No Pain","Rage","Juggernaut","Whirlwind","Perfected Strike","Burning Pact","Body Slam"],"relics":["Burning Blood","Smiling Mask","Paper Frog","StoneCalendar","Meat on the Bone","Juzu Bracelet","Odd Mushroom","Runic Cube"],"acts_visited":["Exordium","TheCity"],"potions_floor_usage":[22],"damage_taken":[{"damage":5.0,"enemies":"Small Slimes","floor":1.0,"turns":3.0},{"damage":16.0,"enemies":"2 Louse","floor":4.0,"turns":2.0},{"damage":12.0,"enemies":"Jaw Worm","floor":5.0,"turns":3.0},{"damage":28.0,"enemies":"Gremlin Nob","floor":7.0,"turns":4.0},{"damage":13.0,"enemies":"Blue Slaver","floor":10.0,"turns":4.0},{"damage":25.0,"enemies":"3 Sentries","floor":11.0,"turns":7.0},{"damage":19.0,"enemies":"3 Sentries","floor":12.0,"turns":7.0},{"damage":8.0,"enemies":"Gremlin Nob","floor":13.0,"turns":3.0},{"damage":2.0,"enemies":"The Mushroom Lair","floor":14.0,"turns":4.0},{"damage":53.0,"enemies":"The Guardian","floor":16.0,"turns":13.0},{"damage":8.0,"enemies":"Chosen","floor":18.0,"turns":5.0},{"damage":23.0,"enemies":"Spheric Guardian","floor":20.0,"turns":6.0},{"damage":36,"enemies":"Centurion and Healer","floor":22,"turns":7},{"damage":41,"enemies":"Slavers","floor":23,"turns":2}],"seed_played":"-7684779767652161362","potions_obtained":[{"floor":4.0,"key":"LiquidBronze"},{"floor":7.0,"key":"CultistPotion"},{"floor":11.0,"key":"Weak Potion"},{"floor":20.0,"key":"SkillPotion"}],"is_trial":false,"path_per_floor":["M","?","?","M","M","R","E","R","T","M","E","?","E","?","R","B",null,"M","?","M","?","M","E"],"character_chosen":"IRONCLAD","items_purchased":[],"campfire_rested":3,"item_purchase_floors":[],"current_hp_per_floor":[69,46,46,36,30,52,30,52,52,45,26,13,23,39,61,26,63,61,61,44,59,41,0,0],"gold":383,"neow_bonus":"RANDOM_COMMON_RELIC","is_daily":false,"chose_seed":false,"campfire_upgraded":0,"win_rate":0.0,"timestamp":1611602973,"path_taken":["M","?","?","?","M","R","E","R","T","M","E","?","E","?","R","BOSS","M","?","M","?","M","E"],"items_purchased_type":[],"build_version":"2020-12-22","purchased_purges":0,"victory":false,"max_hp_per_floor":[75,75,75,75,75,75,75,75,75,75,75,75,75,75,75,75,75,75,75,75,75,75,75,75],"card_choices":[{"not_picked":["Armaments","Headbutt"],"picked":"Cleave","floor":1.0},{"not_picked":["Body Slam","Perfected Strike","Armaments"],"picked":"SKIP","floor":4.0},{"not_picked":["Clothesline","Hemokinesis"],"picked":"Inflame","floor":5.0},{"not_picked":["Pummel","Heavy Blade"],"picked":"Shrug It Off","floor":7.0},{"not_picked":["Hemokinesis","Body Slam"],"picked":"Infernal Blade","floor":10.0},{"not_picked":["Wild Strike","Perfected Strike"],"picked":"Rampage","floor":11.0},{"not_picked":["Sentinel","Blood for Blood"],"picked":"Intimidate","floor":12.0},{"not_picked":["True Grit","Body Slam"],"picked":"Feel No Pain","floor":13.0},{"not_picked":["Whirlwind","Heavy Blade"],"picked":"Rage","floor":14.0},{"not_picked":["Feed","Double Tap"],"picked":"Juggernaut","floor":16.0},{"not_picked":["Thunderclap","Inflame","Body Slam"],"picked":"SKIP","floor":18.0},{"not_picked":["Sword Boomerang+1","Entrench"],"picked":"Burning Pact","floor":20.0},{"not_picked":["Rage","Battle Trance"],"picked":"Body Slam","floor":22}],"player_experience":2054555,"relics_obtained":[{"floor":7.0,"key":"Paper Frog"},{"floor":11.0,"key":"StoneCalendar"},{"floor":12.0,"key":"Meat on the Bone"},{"floor":13.0,"key":"Juzu Bracelet"},{"floor":14.0,"key":"Odd Mushroom"}],"event_choices":[{"damage_healed":0.0,"max_hp_gain":0.0,"max_hp_loss":0.0,"gold_gain":0.0,"event_name":"Shining Light","player_choice":"Entered Light","floor":2.0,"gold_loss":0.0,"damage_taken":23.0,"cards_upgraded":["Defend_R","Strike_R"]},{"cards_removed":["Strike_R"],"damage_healed":0.0,"max_hp_gain":0.0,"max_hp_loss":0.0,"gold_gain":0.0,"event_name":"The Cleric","player_choice":"Card Removal","floor":3.0,"gold_loss":75.0,"damage_taken":0.0},{"damage_healed":0.0,"max_hp_gain":0.0,"max_hp_loss":0.0,"gold_gain":0.0,"event_name":"Dead Adventurer","player_choice":"Searched \u00271\u0027 times","floor":12.0,"gold_loss":0.0,"damage_taken":0.0},{"damage_healed":0.0,"max_hp_gain":0.0,"max_hp_loss":0.0,"gold_gain":0.0,"event_name":"Mushrooms","player_choice":"Fought Mushrooms","floor":14.0,"gold_loss":0.0,"damage_taken":0.0},{"damage_healed":0.0,"max_hp_gain":0.0,"max_hp_loss":0.0,"gold_gain":0.0,"cards_transformed":["Strike_R","Strike_R"],"event_name":"Drug Dealer","player_choice":"Became Test Subject","floor":19.0,"gold_loss":0.0,"damage_taken":0.0,"cards_obtained":["Whirlwind","Perfected Strike"]},{"damage_healed":15.0,"max_hp_gain":0.0,"max_hp_loss":0.0,"gold_gain":0.0,"event_name":"The Library","player_choice":"Heal","floor":21.0,"gold_loss":0.0,"damage_taken":0.0}],"is_beta":false,"boss_relics":[{"not_picked":["Coffee Dripper","Runic Dome"],"picked":"Runic Cube"}],"items_purged_floors":[],"is_endless":false,"potions_floor_spawned":[4,7,10,11,20],"killed_by":"Slavers","ascension_level":20}}