{"host":"mydft8i2zzydgggw","time":1611534966,"event":{"mods":["AchievementEnabler","BaseMod","BetterRewards","Colored Map","Colored Powertips","DeckTracker","Keyboard Shortcuts","Minty Spire (QoL Compilation)","Rare Cards Sparkle","StSLib","SuperFastMode","everything is the same but u backflip on backflip"],"gold_per_floor":[119,129,148,168,179,179,198,198,198,232,232,258,270,286,286,358,358,343,50,50,50,50,50,79,79,79,106,121,131,131,149,149,220,220,234,234,259,311,329,361,361,376,430,141,159,192,242,242,242,242],"floor_reached":51,"language":"KOR","playtime":1531,"items_purged":["Strike_B","Parasite"],"score":1419,"play_id":"94bc8d1e-2ee8-457e-b308-b02009ab63b6","local_time":"20210125093606","is_ascension_mode":true,"campfire_choices":[{"data":"Coolheaded","floor":6.0,"key":"SMITH"},{"data":"Zap","floor":8.0,"key":"SMITH"},{"data":"Loop","floor":15.0,"key":"SMITH"},{"floor":23.0,"key":"REST"},{"floor":25.0,"key":"REST"},{"floor":30.0,"key":"RECALL"},{"floor":32.0,"key":"REST"},{"floor":41,"key":"REST"},{"floor":49,"key":"REST"}],"circlet_count":0,"master_deck":["AscendersBane","Defend_B","Defend_B","Zap+1","Dualcast+1","Storm","Chill+1","FTL","Cold Snap","Coolheaded+1","FTL","Loop+1","Self Repair","Go for the Eyes","Machine Learning","Defragment","Self Repair","Seek","Heatsinks+1","Genetic Algorithm+1","Reboot+1","Heatsinks","Storm","Amplify","Static Discharge","Heatsinks+1"],"relics":["Cracked Core","NeowsBlessing","Singing Bowl","Bottled Tornado","Meat on the Bone","Fusion Hammer","Juzu Bracelet","Enchiridion","Toy Ornithopter","Mummified Hand","Pantograph","Astrolabe","Torii","Du-Vu Doll","War Paint","Lantern","Regal Pillow"],"acts_visited":["Exordium","TheCity","TheBeyond"],"potions_floor_usage":[40,40,50],"damage_taken":[{"damage":0.0,"enemies":"Cultist","floor":1.0,"turns":1.0},{"damage":0.0,"enemies":"Small Slimes","floor":2.0,"turns":1.0},{"damage":0.0,"enemies":"Jaw Worm","floor":3.0,"turns":1.0},{"damage":0.0,"enemies":"Lots of Slimes","floor":4.0,"turns":6.0},{"damage":8.0,"enemies":"Looter","floor":5.0,"turns":3.0},{"damage":11.0,"enemies":"Large Slime","floor":7.0,"turns":7.0},{"damage":12.0,"enemies":"Lagavulin","floor":10.0,"turns":6.0},{"damage":25.0,"enemies":"Gremlin Nob","floor":12.0,"turns":4.0},{"damage":4.0,"enemies":"Blue Slaver","floor":13.0,"turns":4.0},{"damage":4.0,"enemies":"2 Fungi Beasts","floor":14.0,"turns":3.0},{"damage":2.0,"enemies":"The Guardian","floor":16.0,"turns":11.0},{"damage":38.0,"enemies":"2 Thieves","floor":18.0,"turns":4.0},{"damage":50.0,"enemies":"Slavers","floor":24.0,"turns":7.0},{"damage":16.0,"enemies":"Book of Stabbing","floor":27.0,"turns":4.0},{"damage":10.0,"enemies":"Shell Parasite","floor":28.0,"turns":4.0},{"damage":24.0,"enemies":"Centurion and Healer","floor":29.0,"turns":7.0},{"damage":5.0,"enemies":"Snecko","floor":31.0,"turns":3.0},{"damage":51,"enemies":"Automaton","floor":33,"turns":13},{"damage":25,"enemies":"3 Shapes","floor":35,"turns":5},{"damage":0,"enemies":"Mind Bloom Boss Battle","floor":37,"turns":5},{"damage":1,"enemies":"2 Orb Walkers","floor":38,"turns":3},{"damage":12,"enemies":"3 Darklings","floor":39,"turns":2},{"damage":0,"enemies":"Reptomancer","floor":40,"turns":4},{"damage":0,"enemies":"Writhing Mass","floor":42,"turns":5},{"damage":0,"enemies":"4 Shapes","floor":45,"turns":1},{"damage":0,"enemies":"Nemesis","floor":46,"turns":5},{"damage":22,"enemies":"Donu and Deca","floor":50,"turns":7}],"seed_played":"4043765455218878964","potions_obtained":[{"floor":1.0,"key":"Ancient Potion"},{"floor":3.0,"key":"Strength Potion"},{"floor":5.0,"key":"Explosive Potion"},{"floor":14.0,"key":"FocusPotion"},{"floor":16.0,"key":"Regen Potion"},{"floor":18.0,"key":"Strength Potion"},{"floor":33,"key":"DistilledChaos"},{"floor":38,"key":"PotionOfCapacity"},{"floor":39,"key":"FocusPotion"},{"floor":40,"key":"Dexterity Potion"},{"floor":45,"key":"FearPotion"}],"is_trial":false,"path_per_floor":["M","M","M","M","M","R","M","R","T","E","?","E","M","M","R","B",null,"M","$","?","?","?","R","E","R","T","E","M","M","R","M","R","B",null,"M","?","?","?","M","E","R","M","T","$","M","E","?","?","R","B",null],"character_chosen":"DEFECT","items_purchased":["Juzu Bracelet","Defragment","Amplify","Static Discharge"],"campfire_rested":5,"item_purchase_floors":[19,19,44,44],"current_hp_per_floor":[64,64,64,64,56,56,45,45,45,33,33,8,23,40,40,45,66,51,51,51,51,30,52,21,43,43,55,61,63,63,74,81,56,75,64,64,77,79,81,83,83,85,85,82,84,84,84,84,84,81],"gold":242,"neow_bonus":"THREE_ENEMY_KILL","is_daily":false,"chose_seed":false,"campfire_upgraded":3,"win_rate":0.0,"timestamp":1611534966,"path_taken":["M","?","M","M","M","R","M","R","T","E","?","E","M","M","R","BOSS","M","$","?","?","?","R","E","R","T","E","M","M","R","M","R","BOSS","M","?","?","?","M","E","R","M","T","$","M","E","?","?","R","BOSS"],"items_purchased_type":["Relic","Card","Card","Card"],"build_version":"2020-12-22","purchased_purges":2,"victory":true,"max_hp_per_floor":[71,71,71,71,71,71,71,71,71,71,71,71,71,73,73,73,73,75,75,75,75,75,75,75,75,75,77,79,79,79,81,81,81,81,81,77,77,79,81,83,83,85,85,82,84,84,84,84,84,84],"card_choices":[{"not_picked":["Sweeping Beam","Redo"],"picked":"Storm","floor":1.0},{"not_picked":["Leap","Turbo"],"picked":"Chill","floor":2.0},{"not_picked":["Turbo","White Noise"],"picked":"FTL","floor":3.0},{"not_picked":["Conserve Battery","Steam"],"picked":"Cold Snap","floor":4.0},{"not_picked":["White Noise","Reinforced Body"],"picked":"Coolheaded","floor":5.0},{"not_picked":["Sweeping Beam","Barrage"],"picked":"FTL","floor":7.0},{"not_picked":["Steam Power","Hello World"],"picked":"Loop","floor":10.0},{"not_picked":["Double Energy","Beam Cell"],"picked":"Self Repair","floor":12.0},{"not_picked":["Thunder Strike","Sweeping Beam"],"picked":"Go for the Eyes","floor":13.0},{"not_picked":["Compile Driver","Gash","Conserve Battery"],"picked":"Singing Bowl","floor":14.0},{"not_picked":["Fission","All For One"],"picked":"Machine Learning","floor":16.0},{"not_picked":["Turbo","Cold Snap","Barrage"],"picked":"Singing Bowl","floor":18.0},{"not_picked":["Redo","Rebound"],"picked":"Self Repair","floor":24.0},{"not_picked":["Beam Cell","Scrape+1","FTL"],"picked":"Singing Bowl","floor":27.0},{"not_picked":["Chaos","Rebound+1","Auto Shields"],"picked":"Singing Bowl","floor":28.0},{"not_picked":["Genetic Algorithm+1","Leap"],"picked":"Streamline","floor":29.0},{"not_picked":["Gash","Rebound","Sweeping Beam"],"picked":"Singing Bowl","floor":31.0},{"not_picked":["Fission","Meteor Strike"],"picked":"Seek","floor":33},{"not_picked":["Cold Snap","BootSequence"],"picked":"Heatsinks","floor":35},{"not_picked":["Recycle","FTL"],"picked":"Storm","floor":37},{"not_picked":["Go for the Eyes+1","Ball Lightning+1","Turbo"],"picked":"Singing Bowl","floor":38},{"not_picked":["Cold Snap","Go for the Eyes","Hologram"],"picked":"Singing Bowl","floor":39},{"not_picked":["Beam Cell","Fusion","Hyperbeam"],"picked":"Singing Bowl","floor":40},{"not_picked":["Go for the Eyes","Blizzard","Sweeping Beam"],"picked":"Singing Bowl","floor":42},{"not_picked":["Streamline","Melter","Gash"],"picked":"Singing Bowl","floor":45},{"not_picked":["Lockon","Redo"],"picked":"Heatsinks+1","floor":46}],"player_experience":212531,"relics_obtained":[{"floor":9.0,"key":"Singing Bowl"},{"floor":10.0,"key":"Bottled Tornado"},{"floor":12.0,"key":"Meat on the Bone"},{"floor":22.0,"key":"Enchiridion"},{"floor":24.0,"key":"Toy Ornithopter"},{"floor":26.0,"key":"Mummified Hand"},{"floor":27.0,"key":"Pantograph"},{"floor":37,"key":"Torii"},{"floor":38,"key":"Du-Vu Doll"},{"floor":40,"key":"War Paint"},{"floor":43,"key":"Lantern"},{"floor":46,"key":"Regal Pillow"}],"event_choices":[{"damage_healed":0.0,"max_hp_gain":0.0,"max_hp_loss":0.0,"gold_gain":0.0,"event_name":"Shining Light","player_choice":"Ignored","floor":11.0,"gold_loss":0.0,"damage_taken":0.0},{"cards_removed":["Strike_B"],"damage_healed":0.0,"max_hp_gain":0.0,"max_hp_loss":0.0,"gold_gain":0.0,"event_name":"Back to Basics","player_choice":"Elegance","floor":20.0,"gold_loss":0.0,"damage_taken":0.0},{"cards_removed":["Strike_B"],"damage_healed":0.0,"max_hp_gain":0.0,"max_hp_loss":0.0,"gold_gain":0.0,"event_name":"Purifier","player_choice":"Purged","floor":21.0,"gold_loss":0.0,"damage_taken":0.0},{"damage_healed":0.0,"max_hp_gain":0.0,"max_hp_loss":0.0,"gold_gain":0.0,"event_name":"Cursed Tome","player_choice":"Obtained Book","floor":22.0,"gold_loss":0.0,"damage_taken":21.0},{"damage_healed":0,"gold_gain":0,"player_choice":"Max HP","damage_taken":0,"max_hp_gain":0,"max_hp_loss":4,"event_name":"Winding Halls","floor":36,"gold_loss":0},{"damage_healed":0,"gold_gain":0,"player_choice":"Fight","damage_taken":0,"max_hp_gain":0,"max_hp_loss":0,"event_name":"MindBloom","floor":37,"gold_loss":0},{"damage_healed":0,"gold_gain":0,"player_choice":"Fight","damage_taken":0,"max_hp_gain":0,"max_hp_loss":0,"event_name":"Mysterious Sphere","floor":38,"gold_loss":0},{"damage_healed":0,"gold_gain":50,"player_choice":"Pray","damage_taken":0,"max_hp_gain":0,"max_hp_loss":0,"event_name":"Golden Shrine","floor":47,"gold_loss":0},{"cards_removed":["Streamline"],"damage_healed":0,"gold_gain":0,"player_choice":"Removed Attack","damage_taken":0,"max_hp_gain":0,"max_hp_loss":0,"event_name":"Falling","floor":48,"gold_loss":0}],"is_beta":false,"boss_relics":[{"not_picked":["Runic Pyramid","Black Star"],"picked":"Fusion Hammer"},{"not_picked":["Calling Bell","Coffee Dripper"],"picked":"Astrolabe"}],"items_purged_floors":[19,44],"is_endless":false,"potions_floor_spawned":[1,3,5,14,16,18,33,38,39,40,45],"ascension_level":15}}