{"host":"tmk46lqetm74e6y6","time":1611600846,"event":{"mods":["100% Spire Juice","2.2 Compatiblity","Abigail Mod","AchievementEnabler","Act Like it!","BaseMod","Beaked The Cultist","Better Match","BetterRewards","CapriCore","ChefMod","Chen","Decade(â§è¨ñæ)","Friendly Minions","GifTheSpireLib","HololiveMod","KinomotoSakuraMod(ñÿîVñ{?)","KiyohimeÅiê¥?Åj","Koishi","KomeijiMod","Magitek Elite","MarisaÅiñ∂âJÅ@ñÇóùçπÅj","Minty Spire (QoL Compilation)","Onozuka Komachi Mod","Permanent Neow","Prisma Mod","Railgun Mod","Random Character Button","Remilia_Scarlet MoedÅiÂQïƒ‰ª?ÅEéz?óãì¡Åj3.3.5","SOSÅiézîb?îVéqÅj","Small Relic Pack","StSLib","SuperFastMode","The Administrix","The Alterego","The Animator","The Bladedancer","The Immortal","The Servant 0.9.4","The Wild Card","TheSwordswoman","Trackpad","Yakumo Yukari mod","YoumuÅiç∞ÈÆódöÎÅj","Yuri Mod"],"gold_per_floor":[76,92,111,111,130,130,48,66,66,12,12,12,30,30,30,133,133,153,26,26,26,43,43,43,43,43,61,61,61,77,87,87,184,184,195,295,313,333,67,67,81,81,107,107,107,158,178,21,21,21],"floor_reached":51,"language":"ENG","playtime":2910,"items_purged":[],"score":862,"play_id":"e72f52b4-396a-498f-90f7-933d2a8714fe","local_time":"20210126025406","is_ascension_mode":false,"campfire_choices":[{"data":"Hololive_CallAmaneKanata","floor":6,"key":"SMITH"},{"data":"Hololive_SummonFox","floor":12,"key":"SMITH"},{"data":"Hololive_Rebound","floor":15,"key":"SMITH"},{"data":"Hololive_Rebirth","floor":23,"key":"SMITH"},{"data":"Hololive_LuckPotion","floor":25,"key":"SMITH"},{"data":"Hololive_CallInugamiKorone","floor":28,"key":"SMITH"},{"data":"Hololive_CallTsunomakiWatame","floor":32,"key":"SMITH"},{"data":"Apotheosis","floor":40,"key":"SMITH"},{"data":"Hololive_WolfAndLamb","floor":42,"key":"SMITH"},{"data":"Hololive_CallArtia","floor":44,"key":"SMITH"},{"data":"Hololive_Spy","floor":49,"key":"SMITH"}],"circlet_count":0,"master_deck":["Hololive_Strike","Hololive_Strike","Hololive_Defend","Hololive_Defend","Hololive_FlyingPonyTail","Hololive_CallYozoraMel","Hololive_CallNekomataOkayu","Hololive_CallTsunomakiWatame+1","Hololive_CallShiranuiFlare","Hololive_CallAmaneKanata+1","Hololive_CallInugamiKorone+1","Hololive_StrengthChampion","Hololive_Psychosis","Hololive_ILoveYou","Hololive_Rebound+1","Hololive_SummonFox+1","Hololive_Breathe","Hololive_CallOkamiMio","Hololive_Rebirth+1","Hololive_CallArtia+1","Hololive_LuckPotion+1","Hololive_CocoNews","Hololive_Sequa","Hololive_CallManoAloe+1","Hololive_CallAkiRosenthal","PerfectMaid+1","Hololive_Breathe","Hololive_CallKiryuuCoco","Hololive_WolfAndLamb+1","Hololive_CallHimemoriLuna+1","Hololive_CallMinatoAqua+1","Hololive_SoulCatcher+1","Apotheosis+1","Hololive_CallMurasakiShion","Hololive_CallMurasakiShion","Hololive_CallShiroganeNoel+1","Hololive_CallHoshimachiSuisei+1","Hololive_Spy+1","Hololive_Breathe","Hololive_ManjiGathering"],"relics":["Hololive_TheStar","trackpad:PetRock","Lantern","trackpad:Trackpad","Sundial","Centennial Puzzle","Hololive_Finger","Omamori","relicPack:OneForAll","Ginger"],"acts_visited":["Exordium","TheCity","TheBeyond"],"potions_floor_usage":[16,33],"damage_taken":[{"damage":0,"enemies":"2 Louse","floor":1,"turns":2},{"damage":0,"enemies":"Cultist","floor":2,"turns":3},{"damage":0,"enemies":"Jaw Worm","floor":3,"turns":3},{"damage":0,"enemies":"Lots of Slimes","floor":5,"turns":3},{"damage":0,"enemies":"2 Fungi Beasts","floor":8,"turns":4},{"damage":0,"enemies":"3 Louse","floor":13,"turns":2},{"damage":0,"enemies":"Hexaghost","floor":16,"turns":6},{"damage":0,"enemies":"Chosen","floor":18,"turns":3},{"damage":0,"enemies":"3 Byrds","floor":22,"turns":4},{"damage":0,"enemies":"Snake Plant","floor":27,"turns":2},{"damage":0,"enemies":"Snecko","floor":30,"turns":4},{"damage":0,"enemies":"Shelled Parasite and Fungi","floor":31,"turns":5},{"damage":0,"enemies":"Champ","floor":33,"turns":8},{"damage":0,"enemies":"Orb Walker","floor":35,"turns":2},{"damage":0,"enemies":"3 Shapes","floor":37,"turns":3},{"damage":0,"enemies":"Sphere and 2 Shapes","floor":38,"turns":4},{"damage":0,"enemies":"Spire Growth","floor":41,"turns":4},{"damage":0,"enemies":"2 Orb Walkers","floor":46,"turns":3},{"damage":0,"enemies":"Writhing Mass","floor":47,"turns":4},{"damage":0,"enemies":"Time Eater","floor":50,"turns":9}],"seed_played":"-525410605815241063","potions_obtained":[{"floor":0,"key":"UndeadPotion"},{"floor":0,"key":"SteroidPotion"},{"floor":0,"key":"RedTea"},{"floor":1,"key":"BlessingOfTheForge"},{"floor":18,"key":"FairyPotion"},{"floor":22,"key":"GamblersBrew"},{"floor":35,"key":"Ancient Potion"}],"is_trial":false,"path_per_floor":["M","M","M","?","M","R","$","M","T","$","?","R","M","$","R","B",null,"M","$","?","?","M","R","T","R","T","M","R","?","M","M","R","B",null,"M","?","M","M","$","R","M","R","T","R","?","?","M","$","R","B",null],"character_chosen":"Hololive_HololiveCharacter","items_purchased":["Hololive_ILoveYou","Hololive_Rebound","Hololive_Breathe","Hololive_LuckPotion","Hololive_CocoNews","Hololive_Sequa","Apotheosis","Hololive_CallMurasakiShion","Hololive_Spy","Hololive_Breathe","Hololive_ManjiGathering"],"campfire_rested":0,"item_purchase_floors":[7,7,10,19,19,19,39,39,48,48,48],"current_hp_per_floor":[35,35,35,35,35,35,35,35,35,35,35,35,35,35,35,35,35,35,35,35,32,32,32,32,32,32,32,32,32,32,32,32,32,35,35,35,35,35,35,35,35,35,35,35,35,35,35,35,35,35],"gold":21,"neow_bonus":"THREE_SMALL_POTIONS","is_daily":false,"chose_seed":false,"campfire_upgraded":11,"win_rate":0.0,"timestamp":1611600846,"path_taken":["M","M","M","?","M","R","$","?","T","?","?","R","?","$","R","BOSS","M","?","?","?","?","R","?","R","T","M","R","?","M","M","R","BOSS","M","?","M","M","$","R","?","R","T","R","?","?","?","$","R","BOSS"],"items_purchased_type":["Card","Card","Card","Card","Card","Card","Card","Card","Card","Card","Card"],"build_version":"2020-12-22","purchased_purges":0,"victory":true,"max_hp_per_floor":[35,35,35,35,35,35,35,35,35,35,35,35,35,35,35,35,35,35,35,35,35,35,35,35,35,35,35,35,35,35,35,35,35,35,35,35,35,35,35,35,35,35,35,35,35,35,35,35,35,35],"card_choices":[{"not_picked":["Hololive_CallOmaruPolka","Hololive_Trident","Hololive_StrengthChampion"],"picked":"Hololive_CallAmaneKanata","floor":1},{"not_picked":["Hololive_Breathe","Hololive_OvertimeWork","Hololive_CallDoris"],"picked":"Hololive_CallInugamiKorone","floor":2},{"not_picked":["Hololive_RevenueBasedLive","Hololive_FlyingPonyTail","Hololive_Drill"],"picked":"Hololive_StrengthChampion","floor":3},{"not_picked":["Hololive_OvertimeWork","Hololive_Sequa","Hololive_HighAtkLowDef"],"picked":"Hololive_Psychosis","floor":5},{"not_picked":["Hololive_SoulCatcher","Hololive_FlyingPonyTail","Hololive_OvertimeWork"],"picked":"Hololive_SummonFox","floor":8},{"not_picked":["Hololive_RevenueBasedLive","Hololive_Watashimo","Hololive_CallAZKi"],"picked":"Hololive_CallOkamiMio","floor":13},{"not_picked":["Hololive_OpenUp","Hololive_DurableLive","Hololive_AWSL"],"picked":"Hololive_Rebirth","floor":16},{"not_picked":["Hololive_Trident","Hololive_Teleport","Hololive_Rebound+1"],"picked":"Hololive_CallArtia","floor":18},{"not_picked":["Hololive_Rebound+1","Hololive_Psychosis","Hololive_CallHimemoriLuna"],"picked":"Hololive_CallManoAloe+1","floor":22},{"not_picked":["Hololive_CallSakuraMiko","Hololive_FlyingPonyTail","Hololive_BringToTrial"],"picked":"Hololive_CallAkiRosenthal","floor":27},{"not_picked":["Hololive_CocoNews","Hololive_CallSpadeEcho","Hololive_Sequa+1"],"picked":"Hololive_Breathe","floor":30},{"not_picked":["Hololive_Psychosis","Hololive_StarCraft","Hololive_CallAiraniIofifteen"],"picked":"Hololive_CallKiryuuCoco","floor":31},{"not_picked":["Hololive_DurableLive","Hololive_HighAtkLowDef","Hololive_AWSL"],"picked":"Hololive_WolfAndLamb","floor":33},{"not_picked":["Hololive_Drill+1","Hololive_Sequa+1","Hololive_OvertimeWork+1"],"picked":"Hololive_CallHimemoriLuna+1","floor":35},{"not_picked":["Hololive_CallTokoyamiTowa","Hololive_StrengthChampion","Hololive_FlyingPonyTail"],"picked":"Hololive_CallMinatoAqua+1","floor":37},{"not_picked":["Hololive_Rebound","Hololive_StrengthChampion+1","Hololive_CallNakiriAyame"],"picked":"Hololive_SoulCatcher+1","floor":38},{"not_picked":["Hololive_ILoveYou","Hololive_BringToTrial+1","Hololive_CallAyundaRisu+1"],"picked":"Hololive_CallMurasakiShion","floor":41},{"not_picked":["Hololive_OvertimeWork","Hololive_Sequa","Hololive_CallTokoyamiTowa"],"picked":"Hololive_CallShiroganeNoel+1","floor":46},{"not_picked":["Hololive_ManjiGathering+1","Hololive_Rebirth","Hololive_Trident"],"picked":"Hololive_CallHoshimachiSuisei+1","floor":47}],"player_experience":73788,"relics_obtained":[{"floor":9,"key":"trackpad:PetRock"},{"floor":24,"key":"Sundial"},{"floor":26,"key":"Centennial Puzzle"},{"floor":43,"key":"Omamori"},{"floor":46,"key":"Ginger"}],"event_choices":[{"cards_removed":["Hololive_CallFriendA"],"damage_healed":0,"gold_gain":0,"player_choice":"Card Removal","damage_taken":0,"max_hp_gain":0,"max_hp_loss":0,"event_name":"Wheel of Change","floor":4,"gold_loss":0},{"damage_healed":0,"gold_gain":0,"player_choice":"Gave Potion","damage_taken":0,"relics_obtained":["Lantern"],"max_hp_gain":0,"max_hp_loss":0,"event_name":"WeMeetAgain","floor":11,"gold_loss":0},{"damage_healed":0,"gold_gain":0,"player_choice":"Damaged","damage_taken":3,"max_hp_gain":0,"max_hp_loss":0,"event_name":"Wheel of Change","floor":21,"gold_loss":0},{"damage_healed":0,"gold_gain":100,"player_choice":"Pray","damage_taken":0,"max_hp_gain":0,"max_hp_loss":0,"event_name":"Golden Shrine","floor":36,"gold_loss":0},{"damage_healed":0,"gold_gain":0,"player_choice":"Fight","damage_taken":0,"max_hp_gain":0,"max_hp_loss":0,"event_name":"Mysterious Sphere","floor":46,"gold_loss":0}],"is_beta":false,"boss_relics":[{"not_picked":["Philosopher\u0027s Stone","Astrolabe"],"picked":"trackpad:Trackpad"},{"not_picked":["Sozu","Runic Dome"],"picked":"Hololive_Finger"}],"items_purged_floors":[],"is_endless":false,"potions_floor_spawned":[1,3,18,22,35,38],"ascension_level":0}}