{"host":"vyjryxuuuxkt43k4","time":1611587456,"event":{"mods":["AchievementEnabler","BaseMod","Colored Map","DeckTracker","Keyboard Shortcuts","Minty Spire (QoL Compilation)","Permanent Neow","Quick Restart","Rare Cards Sparkle","StSLib","SuperFastMode","everything is the same but u backflip on backflip"],"gold_per_floor":[364,76,76,86,99,133,133,165,165,190,212,227,238,267,267,340,340,354,42,58,74,91,117,134,134,134,134,134,234,159,184,184,264,264,285,303,303,303],"floor_reached":37,"language":"KOR","playtime":1430,"items_purged":["Regret","Strike_R"],"score":874,"play_id":"cbee2a1f-76a5-4357-be30-39fa11e9c1cd","local_time":"20210126001056","is_ascension_mode":true,"campfire_choices":[{"data":"Inflame","floor":7.0,"key":"SMITH"},{"floor":15.0,"key":"REST"},{"data":"Fire Breathing","floor":25.0,"key":"SMITH"},{"data":"Shrug It Off","floor":28.0,"key":"SMITH"},{"floor":32.0,"key":"REST"}],"circlet_count":0,"master_deck":["AscendersBane","Strike_R","Strike_R","Strike_R","Strike_R","Defend_R","Defend_R","Defend_R","Defend_R","Pommel Strike","Inflame+1","Fire Breathing+1","Iron Wave+1","Cleave+1","Anger+1","Heavy Blade+1","Blood for Blood+1","Impervious","Perfected Strike+1","Second Wind","Fiend Fire+1","Pommel Strike+1","Shrug It Off+1","Blood for Blood+1","Wild Strike+1","Uppercut+1","Offering","Rupture","Madness","Madness"],"relics":["Burning Blood","Bag of Preparation","Molten Egg 2","Regal Pillow","Self Forming Clay","Oddly Smooth Stone","Odd Mushroom","Paper Frog","Snecko Eye","PreservedInsect","Potion Belt","Matryoshka","Bird Faced Urn","The Courier","CeramicFish","Runic Pyramid"],"acts_visited":["Exordium","TheCity","TheBeyond"],"potions_floor_usage":[],"damage_taken":[{"damage":10.0,"enemies":"Small Slimes","floor":1.0,"turns":4.0},{"damage":4.0,"enemies":"Jaw Worm","floor":4.0,"turns":4.0},{"damage":8.0,"enemies":"2 Louse","floor":5.0,"turns":4.0},{"damage":20.0,"enemies":"3 Sentries","floor":6.0,"turns":5.0},{"damage":29.0,"enemies":"Gremlin Nob","floor":8.0,"turns":4.0},{"damage":17.0,"enemies":"3 Sentries","floor":10.0,"turns":5.0},{"damage":8.0,"enemies":"The Mushroom Lair","floor":11.0,"turns":4.0},{"damage":5.0,"enemies":"Looter","floor":12.0,"turns":3.0},{"damage":0.0,"enemies":"2 Fungi Beasts","floor":13.0,"turns":3.0},{"damage":23.0,"enemies":"Lagavulin","floor":14.0,"turns":5.0},{"damage":36.0,"enemies":"Slime Boss","floor":16.0,"turns":7.0},{"damage":0.0,"enemies":"Chosen","floor":18.0,"turns":2.0},{"damage":32.0,"enemies":"Shell Parasite","floor":20.0,"turns":5.0},{"damage":0.0,"enemies":"Snake Plant","floor":21.0,"turns":1.0},{"damage":18.0,"enemies":"Centurion and Healer","floor":22.0,"turns":4.0},{"damage":5.0,"enemies":"Gremlin Leader","floor":23.0,"turns":2.0},{"damage":6.0,"enemies":"3 Cultists","floor":24.0,"turns":3.0},{"damage":8.0,"enemies":"Colosseum Slavers","floor":29.0,"turns":3.0},{"damage":0.0,"enemies":"Colosseum Nobs","floor":29.0,"turns":3.0},{"damage":13.0,"enemies":"Slavers","floor":31.0,"turns":4.0},{"damage":69.0,"enemies":"Collector","floor":33.0,"turns":8.0},{"damage":44,"enemies":"3 Darklings","floor":35,"turns":3},{"damage":27,"enemies":"3 Shapes","floor":37,"turns":3}],"seed_played":"-5911056657352928092","potions_obtained":[{"floor":1.0,"key":"PowerPotion"},{"floor":10.0,"key":"Block Potion"},{"floor":12.0,"key":"Fruit Juice"},{"floor":13.0,"key":"Fire Potion"},{"floor":16.0,"key":"Strength Potion"},{"floor":21.0,"key":"BlessingOfTheForge"},{"floor":22.0,"key":"Ancient Potion"},{"floor":29.0,"key":"Swift Potion"},{"floor":33.0,"key":"BlessingOfTheForge"}],"is_trial":false,"path_per_floor":["M","$","?","M","M","E","R","E","T","E","?","M","M","E","R","B",null,"M","$","M","M","M","E","M","R","T","?","R","?","?","E","R","B",null,"M","?","M"],"character_chosen":"IRONCLAD","items_purchased":["Bag of Preparation","Inflame","PreservedInsect","Second Wind"],"campfire_rested":2,"item_purchase_floors":[2,2,19,19],"current_hp_per_floor":[64,64,64,66,64,50,50,27,27,16,14,20,26,9,48,18,65,71,71,45,51,39,40,40,40,40,40,40,44,44,39,78,19,65,29,15,0,0],"gold":303,"neow_bonus":"TWO_FIFTY_GOLD","is_daily":false,"chose_seed":false,"campfire_upgraded":3,"win_rate":0.0,"timestamp":1611587456,"path_taken":["M","$","?","M","M","E","R","E","T","E","?","M","M","E","R","BOSS","M","$","M","M","M","E","M","R","T","?","R","?","?","E","R","BOSS","M","?","M"],"items_purchased_type":["Relic","Card","Relic","Card"],"build_version":"2020-12-22","purchased_purges":2,"victory":false,"max_hp_per_floor":[75,75,75,75,75,75,75,75,75,75,75,80,80,80,80,80,80,80,80,80,80,80,80,80,80,80,80,80,80,80,80,80,80,80,80,80,80,80],"card_choices":[{"not_picked":["Rampage","Cleave"],"picked":"Pommel Strike","floor":1.0},{"not_picked":["Blood for Blood","Rage"],"picked":"Fire Breathing","floor":4.0},{"not_picked":["Clash","Rage","Inflame"],"picked":"SKIP","floor":5.0},{"not_picked":["Burning Pact","True Grit"],"picked":"Iron Wave+1","floor":6.0},{"not_picked":["Sever Soul+1","Warcry"],"picked":"Cleave+1","floor":8.0},{"not_picked":["Rage","True Grit","Fire Breathing"],"picked":"SKIP","floor":10.0},{"not_picked":["True Grit","Thunderclap+1"],"picked":"Anger+1","floor":11.0},{"not_picked":["Havoc","Warcry"],"picked":"Heavy Blade+1","floor":12.0},{"not_picked":["Searing Blow+1","Heavy Blade+1"],"picked":"Blood for Blood+1","floor":13.0},{"not_picked":["Berserk","Entrench","Heavy Blade+1"],"picked":"SKIP","floor":14.0},{"not_picked":["Limit Break","Berserk"],"picked":"Impervious","floor":16.0},{"not_picked":["Clothesline+1","Wild Strike+1"],"picked":"Perfected Strike+1","floor":18.0},{"not_picked":["Cleave+1","Havoc"],"picked":"Fiend Fire+1","floor":20.0},{"not_picked":["Iron Wave+1","Sword Boomerang+1"],"picked":"Pommel Strike+1","floor":21.0},{"not_picked":["Warcry","Searing Blow+1"],"picked":"Shrug It Off","floor":22.0},{"not_picked":["Shockwave","Sword Boomerang+1"],"picked":"Blood for Blood+1","floor":23.0},{"not_picked":["Pommel Strike+1","Sentinel"],"picked":"Wild Strike+1","floor":24.0},{"not_picked":["Dropkick+1","Sever Soul+1","Shrug It Off"],"picked":"SKIP","floor":31.0},{"not_picked":["Exhume","Bludgeon+1"],"picked":"Offering","floor":33.0},{"not_picked":["True Grit","Anger+1"],"picked":"Rupture","floor":35}],"player_experience":341876,"relics_obtained":[{"floor":6.0,"key":"Molten Egg 2"},{"floor":8.0,"key":"Regal Pillow"},{"floor":9.0,"key":"Self Forming Clay"},{"floor":10.0,"key":"Oddly Smooth Stone"},{"floor":11.0,"key":"Odd Mushroom"},{"floor":14.0,"key":"Paper Frog"},{"floor":23.0,"key":"Potion Belt"},{"floor":26.0,"key":"Matryoshka"},{"floor":29.0,"key":"Bird Faced Urn"},{"floor":29.0,"key":"The Courier"},{"floor":31.0,"key":"CeramicFish"}],"event_choices":[{"damage_healed":0.0,"max_hp_gain":0.0,"max_hp_loss":0.0,"gold_gain":0.0,"event_name":"Liars Game","player_choice":"Ignored","floor":3.0,"gold_loss":0.0,"damage_taken":0.0},{"damage_healed":0.0,"max_hp_gain":0.0,"max_hp_loss":0.0,"gold_gain":0.0,"event_name":"Mushrooms","player_choice":"Fought Mushrooms","floor":11.0,"gold_loss":0.0,"damage_taken":0.0},{"damage_healed":0.0,"max_hp_gain":0.0,"max_hp_loss":0.0,"gold_gain":0.0,"event_name":"The Library","player_choice":"Read","floor":27.0,"gold_loss":0.0,"damage_taken":0.0,"cards_obtained":["Uppercut"]},{"damage_healed":0.0,"max_hp_gain":0.0,"max_hp_loss":0.0,"gold_gain":0.0,"event_name":"Colosseum","player_choice":"Fight","floor":29.0,"gold_loss":0.0,"damage_taken":0.0},{"damage_healed":0.0,"max_hp_gain":0.0,"max_hp_loss":0.0,"gold_gain":0.0,"event_name":"Colosseum","player_choice":"Fought Nobs","floor":29.0,"gold_loss":0.0,"damage_taken":0.0},{"cards_removed":["Bash"],"damage_healed":0.0,"max_hp_gain":0.0,"max_hp_loss":0.0,"gold_gain":0.0,"event_name":"Beggar","player_choice":"Gave Gold","floor":30.0,"gold_loss":75.0,"damage_taken":0.0},{"damage_healed":0,"gold_gain":0,"player_choice":"Embrace Madness","damage_taken":14,"max_hp_gain":0,"max_hp_loss":0,"event_name":"Winding Halls","floor":36,"gold_loss":0,"cards_obtained":["Madness","Madness"]}],"is_beta":false,"boss_relics":[{"not_picked":["Sozu","Busted Crown"],"picked":"Snecko Eye"},{"not_picked":["Black Star","Tiny House"],"picked":"Runic Pyramid"}],"items_purged_floors":[2,19],"is_endless":false,"potions_floor_spawned":[1,10,12,13,16,21,22,29,29,33],"killed_by":"3 Shapes","ascension_level":20}}