{"host":"vqgrg90fv56geajp","time":1611600691,"event":{"mods":["BaseMod","Colored Map","Colored Powertips","Minty Spire (QoL Compilation)","Quick Restart","Rare Cards Sparkle","Relic Stats"],"gold_per_floor":[114,134,151,131,151,183,183,213,213,213,213,363,288,72,72,143,143,154,171,188,188,188],"floor_reached":21,"language":"ENG","playtime":1432,"items_purged":["Strike_G"],"score":378,"play_id":"1a976408-55e9-4431-a2d9-937103f508bb","local_time":"20210125205131","is_ascension_mode":true,"campfire_choices":[{"floor":7.0,"key":"REST"},{"floor":11,"key":"REST"},{"data":"Footwork","floor":15,"key":"SMITH"}],"circlet_count":0,"master_deck":["AscendersBane","Strike_G","Strike_G","Strike_G","Strike_G","Defend_G","Defend_G","Defend_G","Defend_G","Defend_G","Survivor","Neutralize","Blade Dance","Choke","Infinite Blades+1","PiercingWail","Blade Dance","Adrenaline","Footwork+1","Venomology","Dodge and Roll","Calculated Gamble","Dodge and Roll"],"relics":["Ring of the Snake","TungstenRod","Orichalcum","Pen Nib","SlaversCollar"],"acts_visited":["Exordium","TheCity"],"potions_floor_usage":[16,18,18,18,19,20,21],"damage_taken":[{"damage":0.0,"enemies":"Small Slimes","floor":1.0,"turns":5.0},{"damage":0.0,"enemies":"Cultist","floor":2.0,"turns":3.0},{"damage":0.0,"enemies":"2 Louse","floor":3.0,"turns":2.0},{"damage":0.0,"enemies":"Looter","floor":5.0,"turns":1.0},{"damage":38.0,"enemies":"Gremlin Nob","floor":6.0,"turns":4.0},{"damage":16.0,"enemies":"3 Sentries","floor":8.0,"turns":10.0},{"damage":43,"enemies":"Hexaghost","floor":16,"turns":12},{"damage":27,"enemies":"2 Thieves","floor":18,"turns":4},{"damage":7,"enemies":"Chosen","floor":19,"turns":6},{"damage":17,"enemies":"Centurion and Healer","floor":20,"turns":9},{"damage":7,"enemies":"Sentry and Sphere","floor":21,"turns":3}],"seed_played":"-6308280069494849977","potions_obtained":[{"floor":3.0,"key":"Fire Potion"},{"floor":4.0,"key":"Energy Potion"},{"floor":5.0,"key":"EssenceOfSteel"},{"floor":6.0,"key":"PowerPotion"},{"floor":16,"key":"Strength Potion"}],"is_trial":false,"path_per_floor":["M","M","M","?","M","E","R","E","T","?","R","?","?","$","R","B",null,"M","M","M","M"],"character_chosen":"THE_SILENT","items_purchased":["Footwork","PowerPotion"],"campfire_rested":2,"item_purchase_floors":[14,14],"current_hp_per_floor":[65,65,65,65,65,27,48,32,32,32,53,53,53,53,53,10,57,30,23,6,0,0],"gold":188,"neow_bonus":"TEN_PERCENT_HP_BONUS","is_daily":false,"chose_seed":false,"campfire_upgraded":1,"win_rate":0.0,"timestamp":1611600691,"path_taken":["M","M","M","?","?","E","R","E","T","?","R","?","?","?","R","BOSS","M","M","M","M"],"items_purchased_type":["Card","Potion"],"build_version":"2020-12-22","purchased_purges":1,"victory":false,"max_hp_per_floor":[72,72,72,72,72,72,72,72,72,72,72,72,72,72,72,72,72,72,72,72,72,72],"relic_stats":{"counters":[11,59],"Pen Nib":[11],"Orichalcum":[102],"obtain_stats":[{"SlaversCollar":17,"Pen Nib":9,"Orichalcum":8,"TungstenRod":6,"Ring of the Snake":0},{"SlaversCollar":7,"Pen Nib":6,"Orichalcum":6,"TungstenRod":5,"Ring of the Snake":0},{"SlaversCollar":37,"Pen Nib":25,"Orichalcum":25,"TungstenRod":15,"Ring of the Snake":0}],"TungstenRod":26,"Ring of the Snake":[22]},"card_choices":[{"not_picked":["Dagger Throw","Choke"],"picked":"Blade Dance","floor":1.0},{"not_picked":["Noxious Fumes","Finisher"],"picked":"Choke","floor":2.0},{"not_picked":["Quick Slash","Catalyst"],"picked":"Infinite Blades","floor":3.0},{"not_picked":["Flying Knee","Deadly Poison"],"picked":"PiercingWail","floor":5.0},{"not_picked":["Poisoned Stab","Tactician"],"picked":"Blade Dance","floor":6.0},{"not_picked":["Slice","Sucker Punch"],"picked":"Adrenaline","floor":8.0},{"not_picked":["Envenom","Grand Finale"],"picked":"Venomology","floor":16},{"not_picked":["Prepared","Quick Slash"],"picked":"Dodge and Roll","floor":18},{"not_picked":["Setup","Poisoned Stab"],"picked":"Calculated Gamble","floor":19},{"not_picked":["Endless Agony","Choke"],"picked":"Dodge and Roll","floor":20}],"player_experience":2496451,"relics_obtained":[{"floor":6.0,"key":"TungstenRod"},{"floor":8.0,"key":"Orichalcum"},{"floor":9.0,"key":"Pen Nib"}],"event_choices":[{"damage_healed":0.0,"max_hp_gain":0.0,"max_hp_loss":0.0,"gold_gain":0.0,"event_name":"The Woman in Blue","player_choice":"Bought 1 Potion","floor":4.0,"gold_loss":0.0,"damage_taken":0.0},{"damage_healed":0,"gold_gain":0,"player_choice":"Grow","damage_taken":0,"max_hp_gain":0,"max_hp_loss":0,"event_name":"Living Wall","floor":10,"gold_loss":0,"cards_upgraded":["Infinite Blades"]},{"damage_healed":0,"gold_gain":150,"player_choice":"AGREE","damage_taken":0,"max_hp_gain":0,"max_hp_loss":0,"event_name":"Liars Game","floor":12,"gold_loss":0,"cards_obtained":["Doubt"]},{"cards_removed":["Doubt"],"damage_healed":0,"gold_gain":0,"player_choice":"Card Removal","damage_taken":0,"max_hp_gain":0,"max_hp_loss":0,"event_name":"The Cleric","floor":13,"gold_loss":75}],"is_beta":false,"boss_relics":[{"not_picked":["Tiny House","Philosopher\u0027s Stone"],"picked":"SlaversCollar"}],"items_purged_floors":[14],"is_endless":false,"potions_floor_spawned":[3,5,6,16],"killed_by":"Sentry and Sphere","ascension_level":20}}