{"host":"l2dnabsh5e0fsksb","time":1611546683,"event":{"mods":["2.2 Compatiblity","BaseMod","Downfall","Minty Spire (QoL Compilation)","Quick Restart","StSLib"],"gold_per_floor":[99,99,99,99,119,119,146,177,177,277,177,195,32,42,52,52,52,52],"floor_reached":16,"language":"ENG","playtime":412,"items_purged":[],"score":127,"play_id":"3606870d-53cb-4e40-9cf3-f7ec63d6a347","local_time":"20210125142123","is_ascension_mode":true,"campfire_choices":[{"floor":1.0,"key":"RECALL"},{"floor":11.0,"key":"REST"}],"circlet_count":0,"master_deck":["bronze:Strike","bronze:Strike","bronze:Strike","bronze:Strike","bronze:Defend","bronze:Defend","bronze:Defend","bronze:Defend","bronze:Replicate","bronze:Fortify+1","bronze:Separator","bronze:Invalidate","bronze:Iterate+1","bronze:BronzeArmor","bronze:Constructor","bronze:Iterate","bronze:BronzeOrb","bronze:WhirlingStrike"],"relics":["bronze:BronzeCore","downfall:HeartsMalice","Regal Pillow","Whetstone","downfall:GremlinWheel","downfall:HeartBlessingRed","Blood Vial"],"acts_visited":["Exordium"],"potions_floor_usage":[16,16],"damage_taken":[{"damage":0.0,"enemies":"Cultist","floor":2.0,"turns":1.0},{"damage":0.0,"enemies":"2 Louse","floor":3.0,"turns":1.0},{"damage":0.0,"enemies":"Small Slimes","floor":4.0,"turns":1.0},{"damage":8.0,"enemies":"2 Fungi Beasts","floor":5.0,"turns":3.0},{"damage":44.0,"enemies":"Lagavulin","floor":8.0,"turns":6.0},{"damage":27.0,"enemies":"Lagavulin","floor":10.0,"turns":4.0},{"damage":9.0,"enemies":"Red Slaver","floor":12.0,"turns":2.0},{"damage":0,"enemies":"downfall:FleeingMerchant","floor":13,"turns":4},{"damage":11,"enemies":"Exordium Thugs","floor":14,"turns":3},{"damage":3,"enemies":"2 Fungi Beasts","floor":15,"turns":2},{"damage":29,"enemies":"WA_ARCHETYPE_RETAIN","floor":16,"turns":5}],"seed_played":"-3363982412400504346","potions_obtained":[{"floor":8.0,"key":"Dexterity Potion"},{"floor":10.0,"key":"ColorlessPotion"},{"floor":14,"key":"Block Potion"}],"is_trial":false,"path_per_floor":["R","M","M","M","M","?","T","E","?","?","R","M","$","M","M","B"],"character_chosen":"THE_AUTOMATON","items_purchased":["Blood Vial"],"campfire_rested":1,"item_purchase_floors":[13],"current_hp_per_floor":[63,63,63,63,55,55,55,11,34,7,43,34,34,25,24,0,0,0],"gold":52,"neow_bonus":"THREE_ENEMY_KILL","is_daily":false,"chose_seed":false,"campfire_upgraded":0,"win_rate":0.0,"timestamp":1611546683,"path_taken":["R","M","M","M","?","?","T","E","?","?","R","M","$","M","M","BOSS"],"items_purchased_type":["Relic"],"build_version":"2020-12-22","purchased_purges":0,"victory":false,"max_hp_per_floor":[70,70,70,70,70,70,70,70,70,70,70,70,70,70,70,70,70,70],"card_choices":[{"not_picked":["bronze:WildBeam","bronze:Overheat"],"picked":"bronze:Fortify","floor":2.0},{"not_picked":["bronze:OilSpill","bronze:FineTuning"],"picked":"bronze:Separator","floor":3.0},{"not_picked":["bronze:DelayedGuard","bronze:Branch"],"picked":"bronze:Invalidate","floor":4.0},{"not_picked":["bronze:ShipIt","bronze:Invalidate"],"picked":"bronze:Iterate","floor":5.0},{"not_picked":["bronze:Frontload","bronze:Backtrace"],"picked":"bronze:Constructor","floor":8.0},{"not_picked":["bronze:Shield","bronze:Flail"],"picked":"bronze:Iterate","floor":12.0},{"not_picked":["bronze:Allocate","bronze:Turbo","bronze:Overload"],"picked":"SKIP","floor":13},{"not_picked":["bronze:ForceShield","bronze:Philosophize"],"picked":"bronze:BronzeOrb","floor":14},{"not_picked":["bronze:WildBeam","bronze:DigitalCarnage"],"picked":"bronze:WhirlingStrike","floor":15}],"player_experience":1832956,"relics_obtained":[{"floor":7.0,"key":"Regal Pillow"},{"floor":8.0,"key":"Whetstone"},{"floor":10.0,"key":"downfall:GremlinWheel"}],"event_choices":[{"damage_healed":23.0,"max_hp_gain":0.0,"max_hp_loss":0.0,"gold_gain":0.0,"event_name":"Big Fish","player_choice":"Banana","floor":9.0,"gold_loss":0.0,"damage_taken":0.0}],"is_beta":false,"boss_relics":[],"items_purged_floors":[],"is_endless":false,"potions_floor_spawned":[8,10,12,14],"killed_by":"WA_ARCHETYPE_RETAIN","ascension_level":6}}