{"host":"t2jxv9tm8kj57cky","time":1611549623,"event":{"mods":["BaseMod","Minty Spire (QoL Compilation)","StSLib","The Necromancer","The Poker Player"],"gold_per_floor":[111,121,296,32,50,78,78,113,139,139,139,153,222,248,248,352,352,372,372,390,407,407,407,407],"floor_reached":23,"language":"ENG","playtime":999,"items_purged":["Strike_W"],"score":234,"play_id":"c88eb0e8-c041-4085-80bb-e500e585ec85","local_time":"20210124224023","is_ascension_mode":false,"campfire_choices":[{"floor":7,"key":"REST"},{"floor":10,"key":"REST"},{"data":"Summon_Undead_Army","floor":15,"key":"SMITH"}],"circlet_count":0,"master_deck":["Defend_W","Defend_W","Defend_W","Defend_W","Negative_Energy_Arrows","Bone_Wall","Uncharnel","Bones_to_Steel","Doubt","Summon_Undead_Army+1","Scare","Finger_Of_Death","Uncharnel","Summon_Vampire_Lady","Cloudkill","Shackles_Of_Pain+1","Bite","Bite","Bite","Bite","Bite","Necromantic_Selection"],"relics":["Vampire_Amulet","Oddly Smooth Stone","Boot","Bag of Marbles","PreservedInsect","Matryoshka","Akabeko","StrikeDummy","Orichalcum","Black Star"],"acts_visited":["Exordium","TheCity"],"potions_floor_usage":[14,16,16],"damage_taken":[{"damage":1,"enemies":"Small Slimes","floor":1,"turns":4},{"damage":0,"enemies":"Jaw Worm","floor":2,"turns":4},{"damage":0,"enemies":"Cultist","floor":5,"turns":4},{"damage":52,"enemies":"Gremlin Nob","floor":6,"turns":6},{"damage":34,"enemies":"3 Sentries","floor":8,"turns":7},{"damage":4,"enemies":"Exordium Thugs","floor":12,"turns":5},{"damage":4,"enemies":"Lagavulin","floor":14,"turns":5},{"damage":17,"enemies":"Slime Boss","floor":16,"turns":8},{"damage":35,"enemies":"3 Byrds","floor":18,"turns":5},{"damage":5,"enemies":"2 Thieves","floor":20,"turns":4},{"damage":51,"enemies":"3 Cultists","floor":21,"turns":6},{"damage":18,"enemies":"Book of Stabbing","floor":23,"turns":3}],"seed_played":"7748089917859172075","potions_obtained":[{"floor":1,"key":"LiquidMemories"},{"floor":12,"key":"Energy Potion"},{"floor":14,"key":"LiquidMemories"}],"is_trial":true,"path_per_floor":["M","M","?","$","M","E","R","E","T","R","T","M","T","E","R","B",null,"M","?","M","M","?","E"],"character_chosen":"NECROMANCER","items_purchased":["Summon_Undead_Army","Oddly Smooth Stone"],"campfire_rested":2,"item_purchase_floors":[4,4],"current_hp_per_floor":[75,75,75,75,75,25,47,19,19,41,41,41,41,51,51,63,75,55,52,52,19,11,0,0],"gold":407,"neow_bonus":"","is_daily":false,"chose_seed":false,"campfire_upgraded":1,"win_rate":0.0,"timestamp":1611549623,"path_taken":["M","M","?","$","M","E","R","E","T","R","?","?","?","E","R","BOSS","M","?","M","M","?","E"],"items_purchased_type":["Card","Relic"],"build_version":"2020-12-22","purchased_purges":1,"victory":false,"max_hp_per_floor":[75,75,75,75,75,75,75,75,75,75,75,75,75,75,75,75,75,75,52,52,52,57,57,57],"card_choices":[{"not_picked":["Bone_Spikes","Scare"],"picked":"Uncharnel","floor":1},{"not_picked":["Scare","Blood_Curse"],"picked":"Bones_to_Steel","floor":2},{"not_picked":["Shackles_Of_Pain","Blood_Is_Power"],"picked":"Scare","floor":5},{"not_picked":["Bone_Armor","Slay_Living"],"picked":"Finger_Of_Death","floor":6},{"not_picked":["Negative_Energy_Mist","Life_Drain"],"picked":"Uncharnel","floor":8},{"not_picked":["Shackles_Of_Pain","Spectral_Armor"],"picked":"Summon_Vampire_Lady","floor":12},{"not_picked":["Whirlwind_of_Bones","Hellfire","Necrotic_Claws"],"picked":"SKIP","floor":14},{"not_picked":["Reap_The_Weak","Negative_Energy_Bomb"],"picked":"Cloudkill","floor":16},{"not_picked":["Siphon_Strength","Negative_Energy_Mist"],"picked":"Shackles_Of_Pain+1","floor":18},{"not_picked":["Whirlwind_of_Bones+1","Bone_Bullets"],"picked":"Necromantic_Selection","floor":20},{"not_picked":["Negative_Energy_Mist","Blood_Whip+1","Necromantic_Selection+1"],"picked":"SKIP","floor":21}],"player_experience":116181,"relics_obtained":[{"floor":6,"key":"Boot"},{"floor":8,"key":"Bag of Marbles"},{"floor":9,"key":"PreservedInsect"},{"floor":11,"key":"Matryoshka"},{"floor":13,"key":"Akabeko"},{"floor":13,"key":"StrikeDummy"},{"floor":14,"key":"Orichalcum"}],"event_choices":[{"damage_healed":0,"gold_gain":175,"player_choice":"AGREE","damage_taken":0,"max_hp_gain":0,"max_hp_loss":0,"event_name":"Liars Game","floor":3,"gold_loss":0,"cards_obtained":["Doubt"]},{"damage_healed":0,"gold_gain":0,"player_choice":"Became a vampire","damage_taken":0,"max_hp_gain":0,"max_hp_loss":23,"event_name":"Vampires","floor":19,"gold_loss":0,"cards_obtained":["Bite","Bite","Bite","Bite","Bite"]},{"damage_healed":0,"gold_gain":0,"player_choice":"Shed Blood","damage_taken":13,"max_hp_gain":5,"max_hp_loss":0,"event_name":"Forgotten Altar","floor":22,"gold_loss":0}],"is_beta":false,"boss_relics":[{"not_picked":["Cursed Key","Coffee Dripper"],"picked":"Black Star"}],"items_purged_floors":[4],"is_endless":false,"potions_floor_spawned":[1,12,14],"killed_by":"Book of Stabbing","ascension_level":0}}