{"host":"fuszjwm6fqgjjp4d","time":1611547052,"event":{"mods":["BaseMod","Bestiary","Colored Map","DeckTracker","Minty Spire (QoL Compilation)","Permanent Neow","Relic Sorter","Relic Stats","StSLib"],"gold_per_floor":[118,171,171,185,198,198,232,24,24,24,24,44,44,57,57,135,135,151,167,167,167,167],"floor_reached":21,"language":"ENG","playtime":676,"items_purged":["Strike_G"],"score":358,"play_id":"be1afd3c-d236-4f3d-86d9-1b0ed4535b0f","local_time":"20210124215732","is_ascension_mode":true,"campfire_choices":[{"data":"Noxious Fumes","floor":6,"key":"SMITH"},{"data":"Infinite Blades","floor":11,"key":"SMITH"},{"data":"Cloak And Dagger","floor":13,"key":"SMITH"},{"data":"Choke","floor":15,"key":"SMITH"}],"circlet_count":0,"master_deck":["AscendersBane","Strike_G","Strike_G","Strike_G","Strike_G","Defend_G","Defend_G","Defend_G","Defend_G","Defend_G","Survivor","Neutralize","Choke+1","Cloak And Dagger+1","Noxious Fumes+1","Flying Knee","Infinite Blades+1","Quick Slash","Prepared","Backstab","Wraith Form v2","Cloak And Dagger","Blade Dance"],"relics":["Ring of the Snake","Pen Nib","Darkstone Periapt","StrikeDummy","PreservedInsect","Coffee Dripper"],"acts_visited":["Exordium","TheCity"],"potions_floor_usage":[16,18,21],"damage_taken":[{"damage":1.0,"enemies":"2 Louse","floor":1.0,"turns":3.0},{"damage":0,"enemies":"Small Slimes","floor":4,"turns":2},{"damage":0,"enemies":"Jaw Worm","floor":5,"turns":4},{"damage":22,"enemies":"3 Sentries","floor":7,"turns":8},{"damage":3,"enemies":"3 Louse","floor":12,"turns":3},{"damage":4,"enemies":"Red Slaver","floor":14,"turns":3},{"damage":50,"enemies":"Hexaghost","floor":16,"turns":9},{"damage":13,"enemies":"Shell Parasite","floor":18,"turns":4},{"damage":1,"enemies":"3 Byrds","floor":19,"turns":5},{"damage":37,"enemies":"Masked Bandits","floor":21,"turns":3}],"seed_played":"-5255471849734711153","potions_obtained":[{"floor":1.0,"key":"Ancient Potion"},{"floor":4,"key":"Poison Potion"},{"floor":16,"key":"LiquidMemories"}],"is_trial":false,"path_per_floor":["M","?","?","M","M","R","E","$","T","?","R","M","R","M","R","B",null,"M","M","?","?"],"character_chosen":"THE_SILENT","items_purchased":["Infinite Blades","Quick Slash"],"campfire_rested":0,"item_purchase_floors":[8,8],"current_hp_per_floor":[58,58,47,47,47,47,25,25,25,66,66,63,63,59,59,9,52,39,38,20,0,0],"gold":167,"neow_bonus":"RANDOM_COMMON_RELIC","is_daily":false,"chose_seed":false,"campfire_upgraded":4,"win_rate":0.0,"timestamp":1611547052,"path_taken":["M","?","?","?","M","R","E","$","T","?","R","?","R","M","R","BOSS","M","M","?","?"],"items_purchased_type":["Card","Card"],"build_version":"2020-12-22","purchased_purges":1,"victory":false,"max_hp_per_floor":[66,66,66,66,66,66,66,66,66,66,66,66,66,66,66,66,66,66,66,71,71,71],"relic_stats":{"Darkstone Periapt":0,"counters":[10,44],"Pen Nib":[11],"PreservedInsect":0,"obtain_stats":[{"Darkstone Periapt":3,"Pen Nib":0,"PreservedInsect":9,"Coffee Dripper":17,"StrikeDummy":7,"Ring of the Snake":0},{"Darkstone Periapt":1,"Pen Nib":0,"PreservedInsect":4,"Coffee Dripper":7,"StrikeDummy":4,"Ring of the Snake":0},{"Darkstone Periapt":3,"Pen Nib":0,"PreservedInsect":17,"Coffee Dripper":32,"StrikeDummy":17,"Ring of the Snake":0}],"Ring of the Snake":[20]},"card_choices":[{"not_picked":["Well Laid Plans","Endless Agony"],"picked":"Choke","floor":1.0},{"not_picked":["Dagger Throw","Crippling Poison"],"picked":"Cloak And Dagger","floor":4},{"not_picked":["Escape Plan","Setup"],"picked":"Noxious Fumes","floor":5},{"not_picked":["Quick Slash","Accuracy"],"picked":"Flying Knee","floor":7},{"not_picked":["Flying Knee","Quick Slash"],"picked":"Prepared","floor":12},{"not_picked":["Backflip","Concentrate"],"picked":"Backstab","floor":14},{"not_picked":["Burst","Bullet Time"],"picked":"Wraith Form v2","floor":16},{"not_picked":["Bane","Deflect"],"picked":"Cloak And Dagger","floor":18},{"not_picked":["Cloak And Dagger","Calculated Gamble"],"picked":"Blade Dance","floor":19}],"player_experience":1342248,"relics_obtained":[{"floor":7,"key":"StrikeDummy"},{"floor":9,"key":"PreservedInsect"}],"event_choices":[{"damage_healed":0.0,"max_hp_gain":0.0,"max_hp_loss":0.0,"gold_gain":53.0,"event_name":"Golden Wing","player_choice":"Gained Gold","floor":2.0,"gold_loss":0.0,"damage_taken":0.0},{"damage_healed":0.0,"max_hp_gain":0.0,"max_hp_loss":0.0,"gold_gain":0.0,"event_name":"Scrap Ooze","player_choice":"Success","floor":3.0,"gold_loss":0.0,"damage_taken":11.0,"relics_obtained":["Darkstone Periapt"]},{"damage_healed":41,"gold_gain":0,"player_choice":"Full Heal","damage_taken":0,"max_hp_gain":0,"max_hp_loss":0,"event_name":"Wheel of Change","floor":10,"gold_loss":0},{"damage_healed":0,"gold_gain":0,"player_choice":"Shed Blood","damage_taken":23,"max_hp_gain":5,"max_hp_loss":0,"event_name":"Forgotten Altar","floor":20,"gold_loss":0},{"damage_healed":0,"gold_gain":0,"player_choice":"Fought Bandits","damage_taken":0,"max_hp_gain":0,"max_hp_loss":0,"event_name":"Masked Bandits","floor":21,"gold_loss":0}],"is_beta":false,"boss_relics":[{"not_picked":["Astrolabe","Velvet Choker"],"picked":"Coffee Dripper"}],"items_purged_floors":[8],"is_endless":false,"potions_floor_spawned":[1,4,14,16],"killed_by":"Masked Bandits","ascension_level":20}}