{"host":"bxdue9bkfm2khp2x","time":1611587337,"event":{"mods":["ATMod(阿瑾Mod)","Arknights The Spire","Aspiration","BaseMod","Better Vampires","Challenge The Spire","Colored Map","Colored Powertips","Conspire","Decade(王小明)","Dota2Spire","Highlight Path","Minty Spire (QoL Compilation)","MostiFishMod","Remilia（蕾米莉亚）","Replay The Spire","RumiaBox-露米娅的神秘盒子","Ryuuou龙王","Spicy Shops","StSLib","Td1madao Mod","The Alterego","The Bug Knight","The Cursed","The Servant 0.9.4","WarShipGirlsR/战舰少女R mod","noobMod","【功能Mod】混沌之环修复补丁","【遗物卡牌】REMEMod","篝火指南"],"gold_per_floor":[118,118,118,134,68,68,68,68,93,104,115,129,129,144,144,220,220,232,232,250,240,190,215,215,226,249,249,268,279,92,112,112,183,183,197,216,231,82,99,99,124,36,36,36,56,56,56,56,56,56],"floor_reached":51,"language":"ZHS","playtime":4056,"items_purged":["Strike_R","Strike_R","Strike_R","Defend_R","Strike_R"],"score":1046,"play_id":"c61ed0b2-0315-4923-a0e3-e3d93376e9c7","local_time":"20210125230857","is_ascension_mode":true,"campfire_choices":[{"data":"Entrench","floor":6,"key":"SMITH"},{"data":"Shrug It Off","floor":13,"key":"SMITH"},{"data":"Body Slam","floor":15,"key":"SMITH"},{"data":"AT_ShrugMaster","floor":24,"key":"SMITH"},{"data":"Iron Wave","floor":27,"key":"SMITH"},{"data":"REME_Cut","floor":32,"key":"SMITH"},{"data":"REME_Cut","floor":40,"key":"SMITH"},{"data":"REME_Cut","floor":46,"key":"SMITH"},{"data":"MostiFishMod:UltimateDefense","floor":49,"key":"SMITH"}],"circlet_count":0,"master_deck":["AscendersBane","Strike_R+1","Defend_R","Defend_R+1","Defend_R","Bash","AT_CaressingTears","Entrench+1","REME_Cut+1","REME_Cut+1","Shrug It Off+1","Body Slam+1","MostiFishMod:UltimateDefense","Iron Wave+1","AT_ShrugMaster+1","MostiFishMod:UltimateDefense+1","REME_Cut+1","Metallicize+1","Metallicize+1"],"relics":["Burning Blood","DaveBox","REME_ComplimentaryCards","ice","AT_ATBox","Membership Card","NeowsBlessing","SynthV:TestCard","AT_EbonyIvory","Sozu","DianPoetry","ReplayTheSpireMod:Spearhead","DollysMirror","REME_CardOfGreed","Ice Cream","aspiration:HatOfInfinitePower","King of Hearts","conspire:DecoderRing","Replay:WaspNest"],"acts_visited":["Exordium","TheCity","TheBeyond"],"potions_floor_usage":[14,16,33],"damage_taken":[{"damage":0.0,"enemies":"Small Slimes","floor":1.0,"turns":1.0},{"damage":0,"enemies":"2 Louse","floor":4,"turns":1},{"damage":0,"enemies":"Jaw Worm","floor":10,"turns":1},{"damage":18,"enemies":"3 Louse","floor":11,"turns":4},{"damage":5,"enemies":"2 Fungi Beasts","floor":12,"turns":4},{"damage":23,"enemies":"Gremlin Gang","floor":14,"turns":7},{"damage":35,"enemies":"The Guardian","floor":16,"turns":15},{"damage":11,"enemies":"Spheric Guardian","floor":18,"turns":4},{"damage":24,"enemies":"2 Thieves","floor":20,"turns":4},{"damage":10,"enemies":"HollowMod:Nosk","floor":23,"turns":9},{"damage":8,"enemies":"conspire:HollyBat","floor":25,"turns":5},{"damage":0,"enemies":"3 Cultists","floor":28,"turns":5},{"damage":2,"enemies":"Shelled Parasite and Fungi","floor":29,"turns":3},{"damage":0,"enemies":"Sentry and Sphere","floor":31,"turns":5},{"damage":19,"enemies":"conspire:MysteriousRune","floor":33,"turns":8},{"damage":0,"enemies":"3 Darklings","floor":35,"turns":5},{"damage":13,"enemies":"3 Shapes","floor":36,"turns":3},{"damage":14,"enemies":"Spire Growth","floor":37,"turns":6},{"damage":11,"enemies":"Sphere and 2 Shapes","floor":39,"turns":4},{"damage":0,"enemies":"Mind Bloom Boss Battle","floor":41,"turns":5},{"damage":6,"enemies":"3 Darklings","floor":45,"turns":7},{"damage":6,"enemies":"conspire:OrnateMirror","floor":50,"turns":8}],"seed_played":"-6571284402668281201","potions_obtained":[{"floor":11,"key":"Dota2Spire:Clarity"},{"floor":12,"key":"Weak Potion"},{"floor":16,"key":"Venom Potion"}],"is_trial":false,"path_per_floor":["M","?","?","M","$","R","?","T","T","M","M","M","R","M","R","B",null,"M","?","M","?","?","E","R","M","T","R","M","M","$","M","R","B",null,"M","M","M","$","M","R","?","$","T","?","M","R","$","T","R","B",null],"character_chosen":"IRONCLAD","items_purchased":["REME_Cut","DollysMirror","REME_CardOfGreed","aspiration:HatOfInfinitePower"],"campfire_rested":0,"item_purchase_floors":[5,30,38,42],"current_hp_per_floor":[78,78,62,68,68,68,68,68,68,74,62,63,63,46,46,17,64,59,59,41,41,41,37,37,35,35,35,41,45,45,53,53,41,70,76,69,61,61,56,56,62,62,62,62,62,62,62,62,62,62],"gold":56,"neow_bonus":"THREE_ENEMY_KILL","is_daily":false,"chose_seed":false,"campfire_upgraded":9,"win_rate":0.0,"timestamp":1611587337,"path_taken":["M","?","?","M","$","R","?","?","T","M","M","M","R","M","R","BOSS","M","?","M","?","?","E","R","M","T","R","M","M","$","M","R","BOSS","M","?","M","$","M","R","?","$","T","?","?","R","?","?","R","BOSS"],"items_purchased_type":["Card","Relic","Relic","Relic"],"build_version":"2020-12-22","purchased_purges":5,"victory":true,"max_hp_per_floor":[80,80,80,80,80,80,80,80,80,80,80,80,80,80,80,80,80,80,80,80,80,80,80,80,80,80,80,80,80,80,80,80,80,80,80,80,80,80,80,80,80,80,80,80,80,80,80,80,80,80],"card_choices":[{"not_picked":["Warcry","Massacre","Infernal Blade"],"picked":"SKIP","floor":1},{"not_picked":["Havoc","Clash","Thunderclap","REME_FearOfPain"],"picked":"Entrench","floor":4},{"not_picked":["AT_GerminateFire","AT_IchimonjiDouble","Run Through","MostiFishMod:BrandingRite","ReplayReversal"],"picked":"SKIP","floor":10},{"not_picked":["AT_IchimonjiDouble","Flex","Blood for Blood","Twin Strike"],"picked":"Shrug It Off","floor":11},{"not_picked":["Pommel Strike","Ghostly Armor","Run Through","Perfected Strike","Clash"],"picked":"SKIP","floor":12},{"not_picked":["Thunderclap","conspire:ExplosiveBarrier","conspire:Purge","AT_BodySlamDance"],"picked":"Body Slam","floor":14},{"not_picked":["Limit Break","MostiFishMod:Mania","conspire:Purge","Replay:Many Hands"],"picked":"MostiFishMod:UltimateDefense","floor":16},{"not_picked":["Dark Embrace","True Grit","Flame Barrier","Thunderclap"],"picked":"Iron Wave","floor":18},{"not_picked":["Clash+1","True Grit","Searing Blow","Metallicize"],"picked":"AT_ShrugMaster","floor":20},{"not_picked":[],"picked":"MostiFishMod:UltimateDefense","floor":21},{"not_picked":["Demonic Infusion","Fiend Fire","AT_IchimonjiDouble+1","Second Wind","AT_BodySlamDance"],"picked":"SKIP","floor":23},{"not_picked":["Armaments+1","Power Through","Clothesline","Infernal Blade+1","Perfected Strike"],"picked":"SKIP","floor":25},{"not_picked":["Armaments+1","Replay:Undeath\u0027s Touch","ReplayTheSpireMod:Strike From Hell","Heavy Blade","True Grit"],"picked":"SKIP","floor":28},{"not_picked":["Perfected Strike","Rage+1","MostiFishMod:404NotFound","Cleave+1","Headbutt"],"picked":"SKIP","floor":29},{"not_picked":["ReplayTheSpireMod:Muscle Training","Thunderclap","Havoc","ReplayTheSpireMod:LeadingStrike","Wild Strike"],"picked":"SKIP","floor":31},{"not_picked":["Shrug It Off","Twin Strike+1","Spot Weakness","REME_FearOfPain","Headbutt+1"],"picked":"SKIP","floor":35},{"not_picked":["Clash","Sword Boomerang","Clothesline","MostiFishMod:NewArrival"],"picked":"Metallicize+1","floor":36},{"not_picked":["Perfected Strike","AT_BodySlamDance","Shrug It Off","Anger","ReplayReversal"],"picked":"SKIP","floor":37},{"not_picked":["Dark Embrace+1","Cleave+1","Heavy Blade","True Grit","Burning Pact"],"picked":"SKIP","floor":39},{"not_picked":["Clothesline","Wild Strike+1","Blood for Blood","Headbutt"],"picked":"Metallicize+1","floor":41},{"not_picked":["Twin Strike+1","True Grit","Seeing Red+1","Armaments","Perfected Strike"],"picked":"SKIP","floor":45}],"player_experience":1330438,"relics_obtained":[{"floor":1,"key":"SynthV:TestCard"},{"floor":9,"key":"AT_EbonyIvory"},{"floor":23,"key":"DianPoetry"},{"floor":26,"key":"ReplayTheSpireMod:Spearhead"},{"floor":41,"key":"Ice Cream"},{"floor":43,"key":"King of Hearts"},{"floor":48,"key":"Replay:WaspNest"}],"event_choices":[{"damage_healed":0,"gold_gain":0,"player_choice":"Entered Light","damage_taken":16,"max_hp_gain":0,"max_hp_loss":0,"event_name":"Shining Light","floor":3,"gold_loss":0,"cards_upgraded":["Defend_R","Strike_R"]},{"damage_healed":0,"gold_gain":0,"player_choice":"Leave","damage_taken":0,"max_hp_gain":0,"max_hp_loss":0,"event_name":"conspire:Investor","floor":7,"gold_loss":0},{"damage_healed":0,"gold_gain":0,"player_choice":"Ignored","damage_taken":0,"max_hp_gain":0,"max_hp_loss":0,"event_name":"Ghosts","floor":19,"gold_loss":0},{"damage_healed":0,"gold_gain":0,"player_choice":"Bet on Owner","damage_taken":0,"max_hp_gain":0,"max_hp_loss":0,"event_name":"The Joust","floor":22,"gold_loss":50},{"damage_healed":0,"gold_gain":0,"player_choice":"Fight","damage_taken":0,"max_hp_gain":0,"max_hp_loss":0,"event_name":"MindBloom","floor":41,"gold_loss":0},{"cards_removed":["AT_ManFootWork"],"damage_healed":0,"gold_gain":0,"player_choice":"Gave Card","damage_taken":0,"relics_obtained":["conspire:DecoderRing"],"max_hp_gain":0,"max_hp_loss":0,"event_name":"WeMeetAgain","floor":44,"gold_loss":0}],"is_beta":false,"boss_relics":[{"not_picked":["ExusiaiGun","ChewingGum"],"picked":"Sozu"},{"not_picked":["Transparent","GreenFoldingFan","conspire:RoyalGoblet"]}],"items_purged_floors":[5,30,30,38,42],"is_endless":false,"potions_floor_spawned":[11,12,16,18,20,29,31,36,39,45],"ascension_level":13}}