{"host":"dpbezu80jg8zk7un","time":1611580421,"event":{"mods":["BaseMod","Colored Map","Colored Powertips","Custom Start","DeckTracker","Minty Spire (QoL Compilation)","Quick Restart","StSLib","SuperFastMode"],"gold_per_floor":[116,0,0,20,34,59,59,86,86,86,86,11,11,36,36,111,111,123,123,23,23,23,23,49,67,67,80,113,313,332,366,366,438,438,450,450,470,489,514,543,543,574,650,675,382,408,36,48,48,48,48,48,48,48,74,74],"floor_reached":57,"language":"KOR","playtime":2859,"items_purged":["Defend_P","JustLucky+1","Defend_P"],"score":3199,"play_id":"18c0fcd0-6bce-49f6-957f-6a6f5c3ed923","local_time":"20210125221341","is_ascension_mode":true,"campfire_choices":[{"floor":7.0,"key":"REST"},{"floor":11,"key":"REST"},{"data":"Eruption","floor":13,"key":"SMITH"},{"data":"Vault","floor":15,"key":"SMITH"},{"floor":23,"key":"REST"},{"data":"MentalFortress","floor":32,"key":"SMITH"},{"floor":49,"key":"RECALL"},{"data":"Adaptation","floor":53,"key":"SMITH"}],"circlet_count":0,"master_deck":["AscendersBane","Eruption+1","Vigilance","EmptyFist","MentalFortress+1","Tantrum+1","Vault+1","InnerPeace+1","SashWhip+1","CrushJoints+1","Study+1","Adaptation","Adaptation+1","FearNoEvil+1"],"relics":["Sozu","Molten Egg 2","Lantern","Gremlin Horn","Boot","Astrolabe","Nunchaku","CloakClasp","Du-Vu Doll","Tiny Chest","Coffee Dripper","Torii","WingedGreaves","TungstenRod","Oddly Smooth Stone","ClockworkSouvenir","Ancient Tea Set","Bag of Marbles","Orrery","Lizard Tail"],"acts_visited":["Exordium","TheCity","TheBeyond","TheEnding"],"potions_floor_usage":[],"damage_taken":[{"damage":0.0,"enemies":"Jaw Worm","floor":1.0,"turns":3.0},{"damage":1.0,"enemies":"2 Louse","floor":4.0,"turns":3.0},{"damage":4.0,"enemies":"Small Slimes","floor":5.0,"turns":3.0},{"damage":41.0,"enemies":"Gremlin Nob","floor":6.0,"turns":5.0},{"damage":20.0,"enemies":"3 Sentries","floor":8.0,"turns":9.0},{"damage":0,"enemies":"Lagavulin","floor":14,"turns":6},{"damage":12,"enemies":"Slime Boss","floor":16,"turns":6},{"damage":0,"enemies":"Chosen","floor":18,"turns":3},{"damage":0,"enemies":"Book of Stabbing","floor":24,"turns":4},{"damage":0,"enemies":"Spheric Guardian","floor":25,"turns":3},{"damage":0,"enemies":"Chosen and Byrds","floor":27,"turns":3},{"damage":15,"enemies":"Slavers","floor":28,"turns":4},{"damage":1,"enemies":"Centurion and Healer","floor":30,"turns":3},{"damage":0,"enemies":"Gremlin Leader","floor":31,"turns":3},{"damage":2,"enemies":"Automaton","floor":33,"turns":6},{"damage":24,"enemies":"3 Darklings","floor":35,"turns":4},{"damage":0,"enemies":"Orb Walker","floor":37,"turns":2},{"damage":0,"enemies":"Spire Growth","floor":38,"turns":3},{"damage":0,"enemies":"Mind Bloom Boss Battle","floor":39,"turns":3},{"damage":1,"enemies":"Nemesis","floor":40,"turns":4},{"damage":0,"enemies":"Giant Head","floor":42,"turns":4},{"damage":0,"enemies":"Reptomancer","floor":46,"turns":3},{"damage":6,"enemies":"Sphere and 2 Shapes","floor":48,"turns":2},{"damage":0,"enemies":"Awakened One","floor":50,"turns":3},{"damage":22,"enemies":"Donu and Deca","floor":51,"turns":3},{"damage":0,"enemies":"Shield and Spear","floor":55,"turns":2},{"damage":4,"enemies":"The Heart","floor":56,"turns":5}],"seed_played":"777473770282975639","potions_obtained":[],"is_trial":false,"path_per_floor":["M","$","?","M","M","E","R","E","T","?","R","?","R","E","R","B",null,"M","?","$","?","$","R","E","M","T","M","E","?","M","E","R","B",null,"M","?","M","M","?","E","?","E","T","T","$","E","$","M","R","B","B",null,"R","$","E","B",null],"character_chosen":"WATCHER","items_purchased":["MentalFortress","ClockworkSouvenir","Bag of Marbles","Orrery","FearNoEvil+1"],"campfire_rested":3,"item_purchase_floors":[2,45,47,47,47],"current_hp_per_floor":[61,61,54,53,49,8,28,8,8,8,28,28,28,28,28,16,55,55,55,55,36,36,57,57,57,57,57,42,42,41,41,41,39,65,41,41,41,41,41,40,40,40,40,40,40,40,40,34,34,34,12,55,55,55,55,51],"gold":74,"neow_bonus":"BOSS_RELIC","is_daily":false,"chose_seed":false,"campfire_upgraded":4,"win_rate":0.0,"timestamp":1611580421,"path_taken":["M","$","?","M","M","E","R","E","T","?","R","?","R","E","R","BOSS","M","?","$","?","?","R","E","?","T","M","E","?","M","E","R","BOSS","M","?","M","M","?","E","?","E","T","?","$","E","$","M","R","BOSS","BOSS","R","$","E","BOSS"],"items_purchased_type":["Card","Relic","Relic","Relic","Card"],"build_version":"2020-12-22","purchased_purges":3,"victory":true,"max_hp_per_floor":[68,68,68,68,68,68,68,68,68,68,68,68,68,68,68,68,68,68,68,68,73,73,73,73,73,73,73,73,73,73,73,73,73,73,73,69,69,69,69,69,69,69,69,69,69,69,69,69,69,69,69,69,69,69,69,69],"card_choices":[{"not_picked":["FlurryOfBlows","BowlingBash"],"picked":"EmptyFist","floor":1.0},{"not_picked":["ThirdEye","CutThroughFate","EmptyMind"],"picked":"SKIP","floor":4.0},{"not_picked":["SashWhip","FlyingSleeves","CutThroughFate"],"picked":"SKIP","floor":5.0},{"not_picked":["Sanctity","ClearTheMind"],"picked":"Tantrum+1","floor":6.0},{"not_picked":["Weave+1","Indignation"],"picked":"Vault","floor":8.0},{"not_picked":["PathToVictory","Wireheading","Prostrate"],"picked":"SKIP","floor":14},{"not_picked":["ReachHeaven+1","EmptyBody","Perseverance"],"picked":"SKIP","floor":18},{"not_picked":["Wallop+1","Evaluate","ThirdEye"],"picked":"SKIP","floor":24},{"not_picked":["FollowUp+1","BattleHymn"],"picked":"CrushJoints+1","floor":25},{"not_picked":["Tantrum+1","CrushJoints+1","Conclude+1"],"picked":"SKIP","floor":27},{"not_picked":["ThirdEye","Evaluate"],"picked":"Study+1","floor":28},{"not_picked":["SashWhip+1","ClearTheMind","Consecrate+1"],"picked":"SKIP","floor":30},{"not_picked":["Meditate","ClearTheMind","Omniscience"],"picked":"SKIP","floor":31},{"not_picked":["EmptyFist+1","ClearTheMind","JustLucky+1"],"picked":"SKIP","floor":35},{"not_picked":["Crescendo","Consecrate+1"],"picked":"Adaptation","floor":37},{"not_picked":["FollowUp+1","SignatureMove+1","FlurryOfBlows+1"],"picked":"SKIP","floor":38},{"not_picked":["DeusExMachina","LikeWater+1","EmptyFist+1"],"picked":"SKIP","floor":40},{"not_picked":["Protect+1","Consecrate+1","Fasting2"],"picked":"SKIP","floor":42},{"not_picked":["EmptyBody","Swivel","Halt"],"picked":"SKIP","floor":46},{"not_picked":["FollowUp+1","EmptyMind"],"picked":"Adaptation","floor":47},{"not_picked":["EmptyBody","ClearTheMind","Crescendo"],"picked":"SKIP","floor":48},{"not_picked":["Collect+1","EmptyFist+1","Fasting2"],"picked":"SKIP","floor":55}],"player_experience":2926276,"relics_obtained":[{"floor":6.0,"key":"Molten Egg 2"},{"floor":8.0,"key":"Lantern"},{"floor":9.0,"key":"Gremlin Horn"},{"floor":14,"key":"Boot"},{"floor":24,"key":"Nunchaku"},{"floor":26,"key":"CloakClasp"},{"floor":28,"key":"Du-Vu Doll"},{"floor":31,"key":"Tiny Chest"},{"floor":39,"key":"Torii"},{"floor":40,"key":"WingedGreaves"},{"floor":42,"key":"TungstenRod"},{"floor":44,"key":"Oddly Smooth Stone"},{"floor":46,"key":"Ancient Tea Set"},{"floor":55,"key":"Lizard Tail"}],"event_choices":[{"cards_removed":["Strike_P"],"damage_healed":0.0,"max_hp_gain":0.0,"max_hp_loss":0.0,"gold_gain":0.0,"event_name":"Golden Wing","player_choice":"Card Removal","floor":3.0,"gold_loss":0.0,"damage_taken":7.0},{"cards_removed":["Defend_P"],"damage_healed":0,"gold_gain":0,"player_choice":"Forget","damage_taken":0,"max_hp_gain":0,"max_hp_loss":0,"event_name":"Living Wall","floor":10,"gold_loss":0},{"cards_removed":["Strike_P"],"damage_healed":0,"gold_gain":0,"player_choice":"Card Removal","damage_taken":0,"max_hp_gain":0,"max_hp_loss":0,"event_name":"The Cleric","floor":12,"gold_loss":75},{"damage_healed":0,"gold_gain":0,"player_choice":"Ignored","damage_taken":0,"max_hp_gain":0,"max_hp_loss":0,"event_name":"Ghosts","floor":19,"gold_loss":0},{"damage_healed":0,"gold_gain":0,"player_choice":"Shed Blood","damage_taken":24,"max_hp_gain":5,"max_hp_loss":0,"event_name":"Forgotten Altar","floor":21,"gold_loss":0},{"damage_healed":0,"gold_gain":200,"player_choice":"Gold","damage_taken":0,"max_hp_gain":0,"max_hp_loss":0,"event_name":"Wheel of Change","floor":29,"gold_loss":0},{"damage_healed":0,"gold_gain":0,"player_choice":"Max HP","damage_taken":0,"max_hp_gain":0,"max_hp_loss":4,"event_name":"Winding Halls","floor":36,"gold_loss":0},{"damage_healed":0,"gold_gain":0,"player_choice":"Fight","damage_taken":0,"max_hp_gain":0,"max_hp_loss":0,"event_name":"MindBloom","floor":39,"gold_loss":0},{"damage_healed":0,"gold_gain":0,"player_choice":"Ignored","damage_taken":0,"max_hp_gain":0,"max_hp_loss":0,"event_name":"Tomb of Lord Red Mask","floor":41,"gold_loss":0}],"is_beta":false,"boss_relics":[{"not_picked":["Black Star","Fusion Hammer"],"picked":"Astrolabe"},{"not_picked":["Runic Dome","Snecko Eye"],"picked":"Coffee Dripper"}],"items_purged_floors":[2,20,45],"is_endless":false,"potions_floor_spawned":[1,4,8,24,28,31,33,37,40,42,48],"ascension_level":20}}