{"host":"f5gffvlv6a66yqkd","time":1611572739,"event":{"mods":["2.2 Compatiblity","BaseMod","Colored Map","Custom Start","DeckTracker","Keyboard Shortcuts","Minty Spire (QoL Compilation)","Permanent Neow","Quick Restart","Relic Stats","StSLib","SuperFastMode"],"gold_per_floor":[113,126,126,51,12,12,38,38,61,61,61,61,61,7,7,7,7],"floor_reached":16,"language":"KOR","playtime":257,"items_purged":[],"score":188,"play_id":"7ad4fb16-05d9-435c-bdcb-4c439dfb31ab","local_time":"20210125200539","is_ascension_mode":true,"campfire_choices":[{"data":"Acrobatics","floor":6,"key":"SMITH"},{"data":"Prepared","floor":8,"key":"SMITH"},{"data":"Well Laid Plans","floor":11,"key":"SMITH"},{"data":"Grand Finale","floor":13,"key":"SMITH"},{"data":"Neutralize","floor":15,"key":"SMITH"}],"circlet_count":0,"master_deck":["AscendersBane","Strike_G","Strike_G","Strike_G","Defend_G","Defend_G","Defend_G","Defend_G","Defend_G","Survivor","Neutralize+1","Grand Finale+1","Acrobatics+1","Prepared+1","Well Laid Plans+1"],"relics":["Ring of the Snake","Du-Vu Doll","Potion Belt"],"acts_visited":["Exordium"],"potions_floor_usage":[16,16],"damage_taken":[{"damage":19,"enemies":"Jaw Worm","floor":1,"turns":6},{"damage":0,"enemies":"2 Louse","floor":2,"turns":2},{"damage":8,"enemies":"Gremlin Nob","floor":7,"turns":3},{"damage":26,"enemies":"Hexaghost","floor":16,"turns":11}],"seed_played":"4310596234701674337","potions_obtained":[{"floor":7,"key":"Energy Potion"}],"is_trial":false,"path_per_floor":["M","M","?","?","$","R","E","R","T","?","R","?","R","$","R","B"],"character_chosen":"THE_SILENT","items_purchased":["Well Laid Plans","AttackPotion"],"campfire_rested":0,"item_purchase_floors":[5,14],"current_hp_per_floor":[40,40,40,40,40,40,32,32,32,25,25,30,30,30,30,4,4],"gold":7,"neow_bonus":"ONE_RANDOM_RARE_CARD","is_daily":false,"chose_seed":false,"campfire_upgraded":5,"win_rate":0.0,"timestamp":1611572739,"path_taken":["M","M","?","?","$","R","E","R","T","?","R","?","R","$","R","BOSS"],"items_purchased_type":["Card","Potion"],"build_version":"2020-12-22","purchased_purges":0,"victory":false,"max_hp_per_floor":[66,66,66,66,66,66,66,66,66,66,66,71,71,71,71,71,71],"relic_stats":{"counters":[4,22],"obtain_stats":[{"Du-Vu Doll":7,"Potion Belt":9,"Ring of the Snake":0},{"Du-Vu Doll":3,"Potion Belt":3,"Ring of the Snake":0},{"Du-Vu Doll":11,"Potion Belt":11,"Ring of the Snake":0}],"Ring of the Snake":[8]},"card_choices":[{"not_picked":["Dagger Spray","Footwork"],"picked":"Acrobatics","floor":1},{"not_picked":["Outmaneuver","Acrobatics"],"picked":"Prepared","floor":2},{"not_picked":["Sucker Punch","Poisoned Stab","Masterful Stab"],"picked":"SKIP","floor":7}],"player_experience":1615649,"relics_obtained":[{"floor":7,"key":"Du-Vu Doll"},{"floor":9,"key":"Potion Belt"}],"event_choices":[{"damage_healed":0,"gold_gain":0,"player_choice":"Ignored","damage_taken":0,"max_hp_gain":0,"max_hp_loss":0,"event_name":"Liars Game","floor":3,"gold_loss":0},{"cards_removed":["Strike_G"],"damage_healed":0,"gold_gain":0,"player_choice":"Card Removal","damage_taken":0,"max_hp_gain":0,"max_hp_loss":0,"event_name":"The Cleric","floor":4,"gold_loss":75},{"cards_removed":["Strike_G"],"damage_healed":0,"gold_gain":0,"player_choice":"Card Removal","damage_taken":7,"max_hp_gain":0,"max_hp_loss":0,"event_name":"Golden Wing","floor":10,"gold_loss":0},{"damage_healed":0,"gold_gain":0,"player_choice":"Donut","damage_taken":0,"max_hp_gain":5,"max_hp_loss":0,"event_name":"Big Fish","floor":12,"gold_loss":0}],"is_beta":false,"boss_relics":[],"items_purged_floors":[],"is_endless":false,"potions_floor_spawned":[7],"killed_by":"Hexaghost","ascension_level":20}}