{"host":"ELF","time":1611565387,"event":{"mods":["BaseMod","Bestiary","Minty Spire (QoL Compilation)","Relic Stats","Slay the Relics Exporter"],"gold_per_floor":[119,69,87,106,106,106,139,139,187,231,231,231,244,278,278,404,404,425,375,388,388,91,130,130,161,161,161,161,179,33,33,33],"floor_reached":31,"language":"ENG","playtime":1728,"items_purged":["Defend_P","Strike_P"],"score":487,"play_id":"894b28a1-278d-466d-b1e8-056f37b38258","local_time":"20210125030307","is_ascension_mode":true,"campfire_choices":[{"floor":6.0,"key":"REST"},{"floor":8.0,"key":"REST"},{"floor":12,"key":"REST"},{"data":"DevaForm","floor":15,"key":"SMITH"},{"data":"SpiritShield","floor":24,"key":"SMITH"}],"circlet_count":0,"master_deck":["AscendersBane","Strike_P","Strike_P","Defend_P","Eruption","Vigilance","ThirdEye","EmptyFist","PathToVictory","FollowUp","PathToVictory","PathToVictory","DevaForm+1","Vault","PathToVictory","Study","SpiritShield+1","Fasting2","Scrawl","FearNoEvil","Wish","PathToVictory+1","PathToVictory"],"relics":["PureWater","Golden Idol","Toy Ornithopter","Akabeko","Mercury Hourglass","Boot","SlaversCollar","Sundial","Question Card","White Beast Statue"],"acts_visited":["Exordium","TheCity"],"potions_floor_usage":[10,13,23,25],"damage_taken":[{"damage":12.0,"enemies":"Cultist","floor":1.0,"turns":6.0},{"damage":5.0,"enemies":"Jaw Worm","floor":3.0,"turns":5.0},{"damage":0.0,"enemies":"2 Louse","floor":4.0,"turns":3.0},{"damage":32.0,"enemies":"Gremlin Nob","floor":7.0,"turns":4.0},{"damage":37,"enemies":"3 Sentries","floor":10,"turns":11},{"damage":0,"enemies":"Red Slaver","floor":13,"turns":1},{"damage":15,"enemies":"Lagavulin","floor":14,"turns":4},{"damage":29,"enemies":"The Guardian","floor":16,"turns":7},{"damage":24,"enemies":"Spheric Guardian","floor":18,"turns":5},{"damage":12,"enemies":"Chosen","floor":20,"turns":4},{"damage":8,"enemies":"Gremlin Leader","floor":23,"turns":6},{"damage":37,"enemies":"Book of Stabbing","floor":25,"turns":6},{"damage":12,"enemies":"Snecko","floor":29,"turns":4},{"damage":6,"enemies":"Centurion and Healer","floor":31,"turns":2}],"seed_played":"3162371647553113713","potions_obtained":[{"floor":4.0,"key":"BottledMiracle"},{"floor":7.0,"key":"LiquidMemories"},{"floor":10,"key":"Fire Potion"},{"floor":18,"key":"Ancient Potion"},{"floor":23,"key":"Swift Potion"},{"floor":29,"key":"BlessingOfTheForge"}],"is_trial":false,"path_per_floor":["M","?","M","M","?","R","E","R","T","E","?","R","M","E","R","B",null,"M","?","M","?","$","E","R","E","T","?","?","M","$","M"],"character_chosen":"WATCHER","items_purchased":["SpiritShield","Fasting2","PathToVictory"],"campfire_rested":3,"item_purchase_floors":[22,22,30],"current_hp_per_floor":[60,60,55,55,36,59,27,50,50,18,44,67,72,57,57,28,66,42,42,30,56,56,53,53,21,21,21,15,3,3,0,0],"gold":33,"neow_bonus":"TEN_PERCENT_HP_BONUS","is_daily":false,"chose_seed":false,"campfire_upgraded":2,"win_rate":0.0,"timestamp":1611565387,"path_taken":["M","?","M","M","?","R","E","R","T","E","?","R","M","E","R","BOSS","M","?","?","?","?","E","R","E","T","?","?","M","$","?"],"items_purchased_type":["Card","Card","Card"],"build_version":"2020-12-18","purchased_purges":2,"victory":false,"max_hp_per_floor":[79,79,79,79,79,79,79,79,79,79,79,79,79,79,79,79,79,79,79,79,79,79,79,79,79,79,79,79,79,79,79,79],"relic_stats":{"counters":[14,68],"Golden Idol":76,"Sundial":[0],"Boot":[2],"Question Card":1,"obtain_stats":[{"SlaversCollar":17,"Golden Idol":5,"Sundial":23,"PureWater":0,"Boot":14,"Question Card":25,"Toy Ornithopter":7,"Akabeko":9,"White Beast Statue":26,"Mercury Hourglass":10},{"SlaversCollar":8,"Golden Idol":3,"Sundial":11,"PureWater":0,"Boot":7,"Question Card":12,"Toy Ornithopter":4,"Akabeko":4,"White Beast Statue":12,"Mercury Hourglass":5},{"SlaversCollar":41,"Golden Idol":14,"Sundial":56,"PureWater":0,"Boot":34,"Question Card":62,"Toy Ornithopter":18,"Akabeko":18,"White Beast Statue":62,"Mercury Hourglass":29}],"Toy Ornithopter":20,"Mercury Hourglass":[129]},"card_choices":[{"not_picked":["Halt","Collect"],"picked":"ThirdEye","floor":1.0},{"not_picked":["Evaluate","Prostrate"],"picked":"EmptyFist","floor":3.0},{"not_picked":["WindmillStrike","JustLucky"],"picked":"PathToVictory","floor":4.0},{"not_picked":["Consecrate","JustLucky"],"picked":"FollowUp","floor":7.0},{"not_picked":["ClearTheMind","Prostrate"],"picked":"PathToVictory","floor":10},{"not_picked":["BowlingBash","Nirvana"],"picked":"PathToVictory","floor":13},{"not_picked":["Halt","ThirdEye"],"picked":"DevaForm","floor":14},{"not_picked":["Establishment","DevaForm"],"picked":"Vault","floor":16},{"not_picked":["CrushJoints","Crescendo"],"picked":"PathToVictory","floor":18},{"not_picked":["FollowUp+1","Pray"],"picked":"Study","floor":20},{"not_picked":["Halt","Adaptation","EmptyFist"],"picked":"SKIP","floor":23},{"not_picked":["Adaptation","CutThroughFate"],"picked":"Scrawl","floor":25},{"not_picked":["BowlingBash","CrushJoints","ClearTheMind"],"picked":"PathToVictory+1","floor":29}],"player_experience":3268720,"relics_obtained":[{"floor":7.0,"key":"Toy Ornithopter"},{"floor":9.0,"key":"Akabeko"},{"floor":10,"key":"Mercury Hourglass"},{"floor":14,"key":"Boot"},{"floor":23,"key":"Sundial"},{"floor":25,"key":"Question Card"},{"floor":26,"key":"White Beast Statue"}],"event_choices":[{"cards_removed":["Defend_P"],"damage_healed":0.0,"max_hp_gain":0.0,"max_hp_loss":0.0,"gold_gain":0.0,"event_name":"The Cleric","player_choice":"Card Removal","floor":2.0,"gold_loss":50.0,"damage_taken":0.0},{"damage_healed":0.0,"max_hp_gain":0.0,"max_hp_loss":0.0,"gold_gain":0.0,"event_name":"Golden Idol","player_choice":"Take Damage","floor":5.0,"gold_loss":0.0,"damage_taken":19.0,"relics_obtained":["Golden Idol"]},{"damage_healed":26,"gold_gain":0,"player_choice":"Banana","damage_taken":0,"max_hp_gain":0,"max_hp_loss":0,"event_name":"Big Fish","floor":11,"gold_loss":0},{"damage_healed":0,"gold_gain":0,"player_choice":"Bet on Owner","damage_taken":0,"max_hp_gain":0,"max_hp_loss":0,"event_name":"The Joust","floor":19,"gold_loss":50},{"damage_healed":26,"gold_gain":0,"player_choice":"Heal","damage_taken":0,"max_hp_gain":0,"max_hp_loss":0,"event_name":"The Library","floor":21,"gold_loss":0},{"damage_healed":0,"gold_gain":0,"cards_transformed":["Strike_P","Defend_P"],"player_choice":"Became Test Subject","damage_taken":0,"max_hp_gain":0,"max_hp_loss":0,"event_name":"Drug Dealer","floor":27,"gold_loss":0,"cards_obtained":["FearNoEvil","Wish"]},{"damage_healed":0,"gold_gain":0,"player_choice":"","damage_taken":6,"max_hp_gain":0,"max_hp_loss":0,"event_name":"Knowing Skull","floor":28,"potions_obtained":[],"gold_loss":0,"cards_obtained":[]}],"is_beta":true,"boss_relics":[{"not_picked":["Runic Dome","HolyWater"],"picked":"SlaversCollar"}],"items_purged_floors":[22,30],"is_endless":false,"potions_floor_spawned":[4,7,10,18,23,29],"killed_by":"Centurion and Healer","ascension_level":12}}