{"host":"36umirwmj0u9xjg7","time":1611602650,"event":{"mods":["Aspiration","BaseMod","CCEM","Downfall","Minty Spire (QoL Compilation)","Reliquary","Replay The Spire","StS++","StSLib","The Construct","The Gatherer","The Necromancer","The Runesmith"],"gold_per_floor":[118,193,468,482,482,482,495,495,513,513,513,533,547,564,564,564],"floor_reached":15,"language":"ENG","playtime":466,"items_purged":[],"score":89,"play_id":"762cf09b-2b36-4fee-8d93-5730538efe45","local_time":"20210125202410","is_ascension_mode":false,"campfire_choices":[{"data":"Bone_Armory","floor":8,"key":"SMITH"},{"floor":10,"key":"REST"}],"circlet_count":0,"master_deck":["Strike_W","Strike_W","Strike_W","Strike_W","Defend_W","Defend_W","Defend_W","Defend_W","Negative_Energy_Arrows","Bone_Wall","Detonate_Bones","Vampiric_Strike","Regret","Toxic_Smoke_Screen","Bone_Armory+1","Stop_Heart","Bones_to_Steel","Bone_Shift","Negative_Energy_Shield"],"relics":["Vampire_Amulet","Turnip"],"acts_visited":["Exordium"],"potions_floor_usage":[],"damage_taken":[{"damage":0,"enemies":"Small Slimes","floor":1,"turns":4},{"damage":2,"enemies":"2 Louse","floor":4,"turns":4},{"damage":13,"enemies":"Cultist","floor":7,"turns":6},{"damage":41,"enemies":"Lots of Slimes","floor":9,"turns":6},{"damage":10,"enemies":"2 Fungi Beasts","floor":12,"turns":4},{"damage":19,"enemies":"Red Slaver","floor":13,"turns":7},{"damage":13,"enemies":"Exordium Wildlife","floor":14,"turns":5},{"damage":35,"enemies":"3 Sentries","floor":15,"turns":8}],"seed_played":"4739715160717394240","potions_obtained":[{"floor":9,"key":"StSpp:SecondWindPotion"},{"floor":12,"key":"FearPotion"},{"floor":14,"key":"StSpp:ScatteredPotion"}],"is_trial":false,"path_per_floor":["M","?","?","M","PTL","PTL","M","R","M","R","T","M","M","M","E"],"character_chosen":"NECROMANCER","items_purchased":[],"campfire_rested":1,"item_purchase_floors":[],"current_hp_per_floor":[75,64,64,68,68,68,61,61,34,56,56,52,37,30,1,1],"gold":564,"neow_bonus":"ONE_RANDOM_RARE_CARD","is_daily":false,"chose_seed":false,"campfire_upgraded":1,"win_rate":0.0,"timestamp":1611602650,"path_taken":["M","?","?","M","PTL","PTL","M","R","?","R","T","M","?","M","E"],"items_purchased_type":[],"build_version":"2020-12-22","purchased_purges":0,"victory":false,"max_hp_per_floor":[75,75,75,75,75,75,75,75,75,75,75,75,75,75,75,75],"card_choices":[{"not_picked":["Bone_Spikes","Finger_Of_Death"],"picked":"Vampiric_Strike","floor":1},{"not_picked":["Epidemic","Negative_Energy_Mist"],"picked":"Toxic_Smoke_Screen","floor":4},{"not_picked":["Death_Coil","Cloudkill"],"picked":"Bone_Armory","floor":7},{"not_picked":["Scare","Bone_Spikes"],"picked":"Stop_Heart","floor":9},{"not_picked":["Negative_Energy_Burst","Chill_Blood"],"picked":"Bones_to_Steel","floor":12},{"not_picked":["Summon_Lich","Stop_Heart"],"picked":"Bone_Shift","floor":13},{"not_picked":["Blood_Curse","Bone_Shift"],"picked":"Negative_Energy_Shield","floor":14}],"player_experience":145766,"relics_obtained":[{"floor":11,"key":"Turnip"}],"event_choices":[{"damage_healed":0,"gold_gain":75,"player_choice":"Gather Gold","damage_taken":11,"max_hp_gain":0,"max_hp_loss":0,"event_name":"World of Goop","floor":2,"gold_loss":0},{"damage_healed":0,"gold_gain":275,"player_choice":"Desecrate","damage_taken":0,"max_hp_gain":0,"max_hp_loss":0,"event_name":"Golden Shrine","floor":3,"gold_loss":0,"cards_obtained":["Regret"]}],"is_beta":false,"boss_relics":[],"items_purged_floors":[],"is_endless":false,"potions_floor_spawned":[9,12,14],"killed_by":"3 Sentries","ascension_level":0}}