{"host":"rb2p2z6v6vieend5","time":1611602222,"event":{"mods":["BaseMod","Block Reminder","Colored Map","DeckTracker","Highlight Path","Minty Spire (QoL Compilation)","Random Character Button","Relic Stats"],"gold_per_floor":[117,128,128,142,160,160,193,193,193,293,308,308,319,333,333,434,434,453,453,453,471,487,487,487,487,487,505,505,505],"floor_reached":28,"language":"ENG","playtime":1252,"items_purged":[],"score":300,"play_id":"44126857-056a-4a5f-af2b-526f2b8aa888","local_time":"20210125201702","is_ascension_mode":true,"campfire_choices":[{"data":"Go for the Eyes","floor":6,"key":"SMITH"},{"data":"Streamline","floor":8,"key":"SMITH"},{"floor":12,"key":"REST"},{"floor":15,"key":"REST"},{"floor":23,"key":"REST"},{"data":"Redo","floor":25,"key":"SMITH"}],"circlet_count":0,"master_deck":["Strike_B","Strike_B","Strike_B","Strike_B","Defend_B","Defend_B","Defend_B","Defend_B","Zap+1","Dualcast","Leap","Go for the Eyes+1","Cold Snap","Streamline+1","Redo+1","Coolheaded","Buffer","Redo","Writhe","Streamline+1","FTL+1"],"relics":["Cracked Core","Incense Burner","Torii","Inserter","Mercury Hourglass","Bronze Scales"],"acts_visited":["Exordium","TheCity"],"potions_floor_usage":[22,28,28,28],"damage_taken":[{"damage":0,"enemies":"2 Louse","floor":1,"turns":2},{"damage":0,"enemies":"Cultist","floor":2,"turns":4},{"damage":6,"enemies":"Small Slimes","floor":4,"turns":3},{"damage":6,"enemies":"2 Fungi Beasts","floor":5,"turns":3},{"damage":21,"enemies":"3 Sentries","floor":7,"turns":8},{"damage":7,"enemies":"Lots of Slimes","floor":11,"turns":4},{"damage":1,"enemies":"3 Louse","floor":13,"turns":3},{"damage":16,"enemies":"Exordium Wildlife","floor":14,"turns":4},{"damage":49,"enemies":"Slime Boss","floor":16,"turns":11},{"damage":26,"enemies":"3 Byrds","floor":18,"turns":8},{"damage":20,"enemies":"2 Thieves","floor":21,"turns":5},{"damage":2,"enemies":"Centurion and Healer","floor":22,"turns":8},{"damage":29,"enemies":"Snake Plant","floor":27,"turns":4},{"damage":8,"enemies":"Cultist and Chosen","floor":28,"turns":4}],"seed_played":"-1469492467678814048","potions_obtained":[{"floor":4,"key":"Dexterity Potion"},{"floor":7,"key":"ColorlessPotion"},{"floor":13,"key":"ColorlessPotion"},{"floor":20,"key":"EssenceOfDarkness"},{"floor":20,"key":"EssenceOfDarkness"},{"floor":20,"key":"Block Potion"},{"floor":27,"key":"Swift Potion"}],"is_trial":false,"path_per_floor":["M","M","?","M","M","R","E","R","T","?","M","R","M","M","R","B",null,"M","?","?","M","M","R","?","R","T","M","M"],"character_chosen":"DEFECT","items_purchased":[],"campfire_rested":3,"item_purchase_floors":[],"current_hp_per_floor":[68,68,68,62,56,56,35,35,35,35,28,50,49,33,55,6,58,32,32,32,12,10,32,32,32,32,3,0,0],"gold":505,"neow_bonus":"UPGRADE_CARD","is_daily":false,"chose_seed":false,"campfire_upgraded":3,"win_rate":0.0,"timestamp":1611602222,"path_taken":["M","M","?","M","M","R","E","R","T","?","M","R","?","M","R","BOSS","M","?","?","?","M","R","?","R","T","M","M"],"items_purchased_type":[],"build_version":"2020-12-22","purchased_purges":0,"victory":false,"max_hp_per_floor":[75,75,75,75,75,75,75,75,75,75,75,75,75,75,75,75,75,75,75,75,75,75,75,75,75,75,75,75,75],"relic_stats":{"Inserter":[14],"Torii":22,"counters":[14,71],"Bronze Scales":[30],"obtain_stats":[{"Inserter":17,"Torii":9,"Bronze Scales":26,"Incense Burner":7,"Cracked Core":0,"Mercury Hourglass":19},{"Inserter":9,"Torii":5,"Bronze Scales":12,"Incense Burner":5,"Cracked Core":0,"Mercury Hourglass":10},{"Inserter":42,"Torii":20,"Bronze Scales":63,"Incense Burner":20,"Cracked Core":0,"Mercury Hourglass":50}],"Mercury Hourglass":[90]},"card_choices":[{"not_picked":["Compile Driver","Rebound","Turbo"],"picked":"SKIP","floor":1},{"not_picked":["Turbo","Undo"],"picked":"Leap","floor":2},{"not_picked":["Auto Shields","Beam Cell"],"picked":"Go for the Eyes","floor":4},{"not_picked":["Leap","Rebound"],"picked":"Cold Snap","floor":5},{"not_picked":["Hologram","Blizzard"],"picked":"Streamline","floor":7},{"not_picked":["Lockon","Turbo","Compile Driver"],"picked":"SKIP","floor":11},{"not_picked":["Darkness","Seek"],"picked":"Redo","floor":13},{"not_picked":["Ball Lightning","Undo"],"picked":"Coolheaded","floor":14},{"not_picked":["Multi-Cast","Thunder Strike"],"picked":"Buffer","floor":16},{"not_picked":["Streamline","Hello World"],"picked":"Redo","floor":18},{"not_picked":["Scrape+1","Darkness"],"picked":"Streamline+1","floor":21},{"not_picked":["Aggregate","Rip and Tear"],"picked":"FTL+1","floor":22},{"not_picked":["Static Discharge","Force Field","Chaos+1"],"picked":"SKIP","floor":27}],"player_experience":608160,"relics_obtained":[{"floor":7,"key":"Incense Burner"},{"floor":9,"key":"Torii"},{"floor":26,"key":"Bronze Scales"}],"event_choices":[{"damage_healed":0,"gold_gain":0,"player_choice":"Ignored","damage_taken":0,"max_hp_gain":0,"max_hp_loss":0,"event_name":"Liars Game","floor":3,"gold_loss":0},{"damage_healed":0,"gold_gain":100,"player_choice":"Pray","damage_taken":0,"max_hp_gain":0,"max_hp_loss":0,"event_name":"Golden Shrine","floor":10,"gold_loss":0},{"damage_healed":0,"gold_gain":0,"player_choice":"Opened","damage_taken":0,"relics_obtained":["Mercury Hourglass"],"max_hp_gain":0,"max_hp_loss":0,"event_name":"The Mausoleum","floor":19,"gold_loss":0,"cards_obtained":["Writhe"]},{"damage_healed":0,"gold_gain":0,"player_choice":"Got Potions","damage_taken":0,"max_hp_gain":0,"max_hp_loss":0,"event_name":"Lab","floor":20,"gold_loss":0},{"damage_healed":0,"gold_gain":0,"player_choice":"Leave","damage_taken":0,"max_hp_gain":0,"max_hp_loss":0,"event_name":"FaceTrader","floor":24,"gold_loss":0}],"is_beta":false,"boss_relics":[{"not_picked":["Pandora\u0027s Box","Nuclear Battery"],"picked":"Inserter"}],"items_purged_floors":[],"is_endless":false,"potions_floor_spawned":[4,7,13,27],"killed_by":"Cultist and Chosen","ascension_level":7}}