{"host":"v3mpq6flurzldi5g","time":1611605920,"event":{"mods":["AchievementEnabler","BaseMod","Colored Powertips","Highlight Path","Minty Spire (QoL Compilation)","StSLib"],"gold_per_floor":[315,63,73,40,60,60,74,85,85,85,95,95,95,109,109,109,109],"floor_reached":16,"language":"ENG","playtime":802,"items_purged":[],"score":150,"play_id":"8164a8a4-fc63-4d92-95c9-83feaebf5fcc","local_time":"20210125151840","is_ascension_mode":true,"campfire_choices":[{"data":"Neutralize","floor":6,"key":"SMITH"},{"floor":10,"key":"REST"},{"floor":12,"key":"REST"},{"floor":15,"key":"REST"}],"circlet_count":0,"master_deck":["AscendersBane","Strike_G","Strike_G","Strike_G","Strike_G","Strike_G","Defend_G","Defend_G","Defend_G","Defend_G","Defend_G","Survivor","Neutralize+1","Dash","Deadly Poison","Predator","Leg Sweep","After Image"],"relics":["Ring of the Snake","Old Coin","Paper Crane","Snake Skull","SsserpentHead"],"acts_visited":["Exordium"],"potions_floor_usage":[8,8],"damage_taken":[{"damage":10,"enemies":"Small Slimes","floor":1,"turns":5},{"damage":4,"enemies":"2 Louse","floor":3,"turns":4},{"damage":0,"enemies":"Cultist","floor":5,"turns":4},{"damage":21,"enemies":"Lots of Slimes","floor":7,"turns":6},{"damage":6,"enemies":"Gremlin Gang","floor":8,"turns":4},{"damage":10,"enemies":"Exordium Thugs","floor":11,"turns":7},{"damage":5,"enemies":"2 Fungi Beasts","floor":14,"turns":4},{"damage":80,"enemies":"Slime Boss","floor":16,"turns":20}],"seed_played":"-1912301384445956110","potions_obtained":[{"floor":1,"key":"Weak Potion"},{"floor":5,"key":"GhostInAJar"}],"is_trial":false,"path_per_floor":["M","$","M","?","M","R","M","M","T","R","M","R","?","M","R","B"],"character_chosen":"THE_SILENT","items_purchased":["Paper Crane"],"campfire_rested":3,"item_purchase_floors":[2],"current_hp_per_floor":[53,53,49,49,49,49,28,22,22,43,33,54,54,49,70,0,0],"gold":109,"neow_bonus":"ONE_RARE_RELIC","is_daily":false,"chose_seed":false,"campfire_upgraded":1,"win_rate":0.0,"timestamp":1611605920,"path_taken":["M","$","M","?","M","R","M","M","T","R","M","R","?","M","R","BOSS"],"items_purchased_type":["Relic"],"build_version":"2020-12-22","purchased_purges":0,"victory":false,"max_hp_per_floor":[70,70,70,70,70,70,70,70,70,70,70,70,70,70,70,70,70],"card_choices":[{"not_picked":["Flechettes","Bouncing Flask"],"picked":"Dash","floor":1},{"not_picked":["Quick Slash","Dash","Calculated Gamble"],"picked":"SKIP","floor":3},{"not_picked":["Slice","Flying Knee"],"picked":"Deadly Poison","floor":5},{"not_picked":["Prepared","Flying Knee"],"picked":"Predator","floor":7},{"not_picked":["Cloak And Dagger","Acrobatics"],"picked":"Leg Sweep","floor":8},{"not_picked":["All Out Attack","Infinite Blades"],"picked":"After Image","floor":11},{"not_picked":["Outmaneuver","Sucker Punch","Deadly Poison"],"picked":"SKIP","floor":14}],"player_experience":1056992,"relics_obtained":[{"floor":9,"key":"Snake Skull"}],"event_choices":[{"damage_healed":0,"gold_gain":0,"player_choice":"Left Gold","damage_taken":0,"max_hp_gain":0,"max_hp_loss":0,"event_name":"World of Goop","floor":4,"gold_loss":33},{"damage_healed":0,"gold_gain":0,"player_choice":"Trade","damage_taken":0,"relics_obtained":["SsserpentHead"],"max_hp_gain":0,"max_hp_loss":0,"event_name":"FaceTrader","floor":13,"gold_loss":0}],"is_beta":false,"boss_relics":[],"items_purged_floors":[],"is_endless":false,"potions_floor_spawned":[1,5,7],"killed_by":"Slime Boss","ascension_level":12}}