{"host":"p62uqwu04pp7leh9","time":1611548222,"event":{"mods":["BaseMod","Block Reminder","Colored Map","Colored Powertips","Minty Spire (QoL Compilation)","Relic Stats"],"gold_per_floor":[114,124,124,299,299,343,359,359,359,359,191,291,330,355,355,355,355],"floor_reached":16,"language":"ENG","playtime":781,"items_purged":["Strike_R"],"score":119,"play_id":"a7c1d9c0-eca5-45c6-8d4d-e43017f9b0d4","local_time":"20210124221702","is_ascension_mode":true,"campfire_choices":[{"data":"Body Slam","floor":8,"key":"SMITH"},{"data":"Bash","floor":10,"key":"SMITH"},{"floor":15,"key":"REST"}],"circlet_count":0,"master_deck":["Strike_R","Strike_R","Strike_R","Defend_R","Defend_R","Defend_R","Defend_R","Bash+1","Rupture","Clothesline","Doubt","Body Slam+1","Carnage","Sword Boomerang","Flex+1","Juggernaut","Flex+1"],"relics":["SacredBark","Golden Idol","Ice Cream","Toxic Egg 2","Toy Ornithopter"],"acts_visited":["Exordium"],"potions_floor_usage":[6,14],"damage_taken":[{"damage":11,"enemies":"Cultist","floor":1,"turns":4},{"damage":9,"enemies":"2 Louse","floor":2,"turns":4},{"damage":28,"enemies":"Lagavulin","floor":6,"turns":6},{"damage":7,"enemies":"Jaw Worm","floor":7,"turns":6},{"damage":19,"enemies":"Gremlin Nob","floor":13,"turns":4},{"damage":0,"enemies":"Gremlin Gang","floor":14,"turns":2},{"damage":39,"enemies":"Slime Boss","floor":16,"turns":8}],"seed_played":"4342976098967686117","potions_obtained":[{"floor":2,"key":"ColorlessPotion"},{"floor":7,"key":"AttackPotion"}],"is_trial":false,"path_per_floor":["M","M","?","?","?","E","M","R","T","R","$","?","E","M","R","B"],"character_chosen":"IRONCLAD","items_purchased":["Sword Boomerang","Flex+1"],"campfire_rested":1,"item_purchase_floors":[11,11],"current_hp_per_floor":[69,60,60,60,60,32,25,25,25,25,25,25,6,11,33,0,0],"gold":355,"neow_bonus":"BOSS_RELIC","is_daily":false,"chose_seed":false,"campfire_upgraded":2,"win_rate":0.0,"timestamp":1611548222,"path_taken":["M","M","?","?","?","E","?","R","T","R","$","?","E","M","R","BOSS"],"items_purchased_type":["Card","Card"],"build_version":"2020-12-22","purchased_purges":1,"victory":false,"max_hp_per_floor":[80,80,74,74,74,74,74,74,74,74,74,74,74,74,74,74,74],"relic_stats":{"counters":[7,34],"Golden Idol":25,"obtain_stats":[{"Ice Cream":6,"Golden Idol":3,"SacredBark":0,"Toxic Egg 2":9,"Burning Blood":0,"Toy Ornithopter":13},{"Ice Cream":3,"Golden Idol":2,"SacredBark":0,"Toxic Egg 2":4,"Burning Blood":0,"Toy Ornithopter":5},{"Ice Cream":14,"Golden Idol":8,"SacredBark":0,"Toxic Egg 2":20,"Burning Blood":0,"Toy Ornithopter":24}],"Toy Ornithopter":5},"card_choices":[{"not_picked":["Body Slam","Intimidate"],"picked":"Rupture","floor":1},{"not_picked":["Sever Soul","Second Wind"],"picked":"Clothesline","floor":2},{"not_picked":["Pommel Strike","Flex","Heavy Blade"],"picked":"SKIP","floor":6},{"not_picked":["Havoc","Feel No Pain"],"picked":"Carnage","floor":7},{"not_picked":["Sword Boomerang","Rampage"],"picked":"Juggernaut","floor":13},{"not_picked":["Iron Wave","Twin Strike"],"picked":"Flex+1","floor":14}],"player_experience":307306,"relics_obtained":[{"floor":6,"key":"Ice Cream"},{"floor":9,"key":"Toxic Egg 2"},{"floor":13,"key":"Toy Ornithopter"}],"event_choices":[{"damage_healed":0,"gold_gain":0,"player_choice":"Lose Max HP","damage_taken":0,"relics_obtained":["Golden Idol"],"max_hp_gain":0,"max_hp_loss":6,"event_name":"Golden Idol","floor":3,"gold_loss":0},{"damage_healed":0,"gold_gain":175,"player_choice":"AGREE","damage_taken":0,"max_hp_gain":0,"max_hp_loss":0,"event_name":"Liars Game","floor":4,"gold_loss":0,"cards_obtained":["Doubt"]},{"damage_healed":0,"gold_gain":0,"cards_transformed":["Strike_R"],"player_choice":"Transformed","damage_taken":0,"max_hp_gain":0,"max_hp_loss":0,"event_name":"Transmorgrifier","floor":5,"gold_loss":0,"cards_obtained":["Body Slam"]},{"damage_healed":0,"gold_gain":100,"player_choice":"Pray","damage_taken":0,"max_hp_gain":0,"max_hp_loss":0,"event_name":"Golden Shrine","floor":12,"gold_loss":0}],"is_beta":false,"boss_relics":[],"items_purged_floors":[11],"is_endless":false,"potions_floor_spawned":[2,7],"killed_by":"Slime Boss","ascension_level":2}}