{"host":"5nrsd95zehlinljn","time":1611604107,"event":{"mods":["2.2 Compatiblity","BaseMod","Beaked The Cultist","Better Note","Friendly Minions","GifTheSpireLib","GungeonMod","Minty Spire (QoL Compilation)","StS++","StSLib","everything is the same but u backflip on backflip","thorton"],"gold_per_floor":[142,159,183,204,129,129,29,29,29,29,70,70,105,105,105,116,116,116],"floor_reached":16,"language":"ENG","playtime":1116,"items_purged":["Normality","thethorton:Strike"],"score":100,"play_id":"b3614a0b-f0f5-43b6-89fe-fe43d3c04a49","local_time":"20210125194827","is_ascension_mode":false,"campfire_choices":[{"data":"thethorton:FeelNoBrain","floor":6.0,"key":"SMITH"},{"data":"thethorton:Rebalance","floor":10,"key":"SMITH"},{"data":"thethorton:GoldenPetal","floor":15,"key":"SMITH"}],"circlet_count":0,"master_deck":["thethorton:Strike","thethorton:Strike","thethorton:Strike","thethorton:Defend","thethorton:Defend","thethorton:Defend","thethorton:Defend+1","thethorton:Heckle+1","thethorton:CreditCard+1","thethorton:PocketChange","thethorton:FeelNoBrain+1","thethorton:Rebalance+1","Parasite","thethorton:GoldenPetal+1","thethorton:SeeingDouble"],"relics":["thethorton:CouragePotion","Mango","War Paint","Golden Idol"],"acts_visited":["Exordium"],"potions_floor_usage":[],"damage_taken":[{"damage":0.0,"enemies":"Small Slimes","floor":1.0,"turns":4.0},{"damage":3.0,"enemies":"2 Louse","floor":2.0,"turns":4.0},{"damage":2.0,"enemies":"Cultist","floor":3.0,"turns":5.0},{"damage":13.0,"enemies":"2 Fungi Beasts","floor":4.0,"turns":6.0},{"damage":12,"enemies":"3 Sentries","floor":11,"turns":12},{"damage":9,"enemies":"Red Slaver","floor":13,"turns":6},{"damage":62,"enemies":"Slime Boss","floor":16,"turns":12}],"seed_played":"-2775868240384703338","potions_obtained":[{"floor":1.0,"key":"DemoMod:LeadSkinPotion"},{"floor":2.0,"key":"BlessingOfTheForge"}],"is_trial":false,"path_per_floor":["M","M","M","M","$","R","$","?","T","R","E","?","M","?","R","B"],"character_chosen":"THE_THORT","items_purchased":[],"campfire_rested":0,"item_purchase_floors":[],"current_hp_per_floor":[68,65,63,50,50,50,50,67,81,81,69,69,60,60,60,0,0,0],"gold":116,"neow_bonus":"UPGRADE_CARD","is_daily":false,"chose_seed":false,"campfire_upgraded":3,"win_rate":0.0,"timestamp":1611604107,"path_taken":["M","M","M","M","$","R","$","?","T","R","E","?","M","?","R","BOSS"],"items_purchased_type":[],"build_version":"2020-12-22","purchased_purges":2,"victory":false,"max_hp_per_floor":[68,68,68,68,68,68,68,68,82,82,82,76,76,76,76,76,76,76],"card_choices":[{"not_picked":["thethorton:ElbowSmash","thethorton:ToxicGreed","thethorton:AngerMoment"],"picked":"SKIP","floor":1.0},{"not_picked":["thethorton:DualBap","thethorton:BookBash"],"picked":"thethorton:PocketChange","floor":2.0},{"not_picked":["thethorton:DockPay","thethorton:ShoutAndRun"],"picked":"thethorton:FeelNoBrain","floor":3.0},{"not_picked":["thethorton:SicklyRun","thethorton:HitAhead"],"picked":"thethorton:Rebalance","floor":4.0},{"not_picked":["thethorton:FearfulRun","thethorton:LongTermPayoff"],"picked":"thethorton:GoldenPetal","floor":11},{"not_picked":["thethorton:Distance","thethorton:ShoutAndRun"],"picked":"thethorton:SeeingDouble","floor":13}],"player_experience":2719326,"relics_obtained":[{"floor":9,"key":"Mango"},{"floor":11,"key":"War Paint"}],"event_choices":[{"damage_healed":17,"gold_gain":0,"player_choice":"Healed and dodged fight","damage_taken":0,"max_hp_gain":0,"max_hp_loss":0,"event_name":"Mushrooms","floor":8,"gold_loss":0,"cards_obtained":["Parasite"]},{"damage_healed":0,"gold_gain":0,"player_choice":"Lose Max HP","damage_taken":0,"relics_obtained":["Golden Idol"],"max_hp_gain":0,"max_hp_loss":6,"event_name":"Golden Idol","floor":12,"gold_loss":0},{"damage_healed":0,"gold_gain":0,"player_choice":"Ignored","damage_taken":0,"max_hp_gain":0,"max_hp_loss":0,"event_name":"Liars Game","floor":14,"gold_loss":0}],"is_beta":false,"boss_relics":[],"items_purged_floors":[5,7],"is_endless":false,"potions_floor_spawned":[1,2],"killed_by":"Slime Boss","ascension_level":0}}