{"host":"1zjc08c6hob33401","time":1611614330,"event":{"mods":["AchievementEnabler","Act Like it!","Aspiration","BaseMod","Downfall","Elementarium","Energized Spire","Evolution","Friendly Minions","Gensokyo","GifTheSpireLib","Hubris","Infinite Spire","Jedi Mod","Menagerie","Minty Spire (QoL Compilation)","Pale of the Ancients","Quick Restart","Reliquary","Replay The Spire","Retaliation","Shop Mod","Spicy Shops","Spire Arcade","StS++","StSLib","Stuff the Spire","The Blue Laboratory","Wandering Minibosses","??????REMEMod"],"gold_per_floor":[119,138,125,66,80,80,80,80,80,62,137,118,32,46,46,119,119,129,176,10,10,10],"floor_reached":21,"language":"RUS","playtime":1105,"items_purged":["downfall:Haunted"],"score":375,"play_id":"75618bdf-01de-4ad4-86be-4438cb11f005","local_time":"20210126003850","is_ascension_mode":true,"campfire_choices":[{"data":"Defragment","floor":6.0,"key":"SMITH"},{"data":"Lockon","floor":8.0,"key":"SMITH"},{"data":"Rainbow","floor":15.0,"key":"SMITH"}],"circlet_count":0,"master_deck":["AscendersBane","jedi:BurstLightning","jedi:BurstLightning","jedi:BurstLightning","Strike_B","Defend_B","Defend_B","Defend_B","Defend_B","Zap","Dualcast","Mirror Shield+1","Compile Driver","Defragment+1","jedi:BurstLightning","FIFO Queue+1","Lockon+1","downfall:Haunted","Delirium","jedi:BurstLightning","Clumsy","jedi:BurstLightning","Rainbow+1","jedi:studyfrost","Barrage+1"],"relics":["REME_ComplimentaryCards","jedi:purplefairy","ReplayTheSpireMod:CursedCoin","Replay:Antivirus Software","bronze:MakeshiftBattery","StuffTheSpire:Barrel","aspiration:EnhancedActuators"],"acts_visited":["Exordium","TheCity"],"potions_floor_usage":[18],"damage_taken":[{"damage":0.0,"enemies":"Cultist","floor":1.0,"turns":3.0},{"damage":0.0,"enemies":"Small Slimes","floor":2.0,"turns":3.0},{"damage":0.0,"enemies":"Jaw Worm","floor":3.0,"turns":5.0},{"damage":8.0,"enemies":"Looter","floor":5.0,"turns":3.0},{"damage":28.0,"enemies":"Red Slaver","floor":10.0,"turns":6.0},{"damage":2.0,"enemies":"3 Louse","floor":12.0,"turns":6.0},{"damage":15.0,"enemies":"2 Fungi Beasts","floor":14.0,"turns":5.0},{"damage":34.0,"enemies":"The Guardian","floor":16.0,"turns":9.0},{"damage":15,"enemies":"Shell Parasite","floor":18,"turns":5},{"damage":60,"enemies":"3 Byrds","floor":21,"turns":3}],"seed_played":"-8747351639094470373","potions_obtained":[{"floor":1.0,"key":"Venom Potion"},{"floor":2.0,"key":"EssenceOfSteel"},{"floor":16.0,"key":"blueLaboratory:SavagePotion"}],"is_trial":false,"path_per_floor":["M","M","M","$","M","R","?","R","T","M","$","M","$","M","R","B",null,"M","T","$","M"],"character_chosen":"DEFECT","items_purchased":["FIFO Queue+1","ReplayTheSpireMod:CursedCoin","Replay:Antivirus Software","aspiration:EnhancedActuators"],"campfire_rested":0,"item_purchase_floors":[4,11,13,20],"current_hp_per_floor":[64,64,64,64,56,56,79,79,79,51,51,49,49,34,35,1,71,56,56,56,0,0],"gold":10,"neow_bonus":"UPGRADE_CARD","is_daily":false,"chose_seed":false,"campfire_upgraded":3,"win_rate":0.0,"timestamp":1611614330,"path_taken":["M","M","?","$","M","R","?","R","T","M","?","M","$","M","R","BOSS","M","?","$","M"],"items_purchased_type":["Card","Relic","Relic","Relic"],"build_version":"2020-12-22","purchased_purges":1,"victory":false,"max_hp_per_floor":[71,71,71,71,71,71,94,94,94,94,94,94,94,94,94,94,94,94,94,94,94,94],"card_choices":[{"not_picked":["StuffTheSpire:NuclearReactor","Hologram"],"picked":"Compile Driver","floor":1.0},{"not_picked":["Gash","Conserve Battery"],"picked":"Defragment","floor":2.0},{"not_picked":["Streamline","Cold Snap"],"picked":"jedi:BurstLightning","floor":3.0},{"not_picked":["Recycle","Rebound"],"picked":"Lockon","floor":5.0},{"not_picked":["Beam Cell","Gash"],"picked":"jedi:BurstLightning","floor":10.0},{"not_picked":["Turbo","StSpp:Mask"],"picked":"jedi:BurstLightning","floor":12.0},{"not_picked":["Barrage","BasicCrystalCard"],"picked":"Rainbow","floor":14.0},{"not_picked":["ReplayTheSpireMod:Omega Cannon","REME_Shoggoth"],"picked":"jedi:studyfrost","floor":16.0},{"not_picked":["StuffTheSpire:LoadUp","jedi:blockon"],"picked":"Barrage+1","floor":18}],"player_experience":713777,"relics_obtained":[{"floor":9.0,"key":"jedi:purplefairy"},{"floor":19,"key":"StuffTheSpire:Barrel"}],"event_choices":[],"is_beta":false,"boss_relics":[{"not_picked":["StuffTheSpire:RunicHypercube","StuffTheSpire:Kangaroo"],"picked":"bronze:MakeshiftBattery"}],"items_purged_floors":[11],"is_endless":false,"potions_floor_spawned":[1,2,3,16],"killed_by":"3 Byrds","ascension_level":18}}