{"host":"ba8edsagfc7m13s2","time":1611535095,"event":{"mods":["BaseMod","Colored Map","Downfall","GifTheSpireLib","Hubris","Infinite Spire","Jedi Mod","Minty Spire (QoL Compilation)","Permanent Neow","READ ME - Guardian Mod","Replay The Spire","Shop Mod","StSLib","The Jungle"],"gold_per_floor":[99,116,134,134,134,134,134,151,168,74,99,111,111,125,141,246,246,246,263,363,378,393,413,413,413,432,432,475,475,475,475,105,17,35,135,135,135,147,162,162,173,173,247,12,12,22,41,52,52,70,83,83],"floor_reached":53,"language":"FRA","playtime":13811,"items_purged":[],"score":742,"play_id":"990872db-b2bc-42e2-a78d-d7eb5cd7e51f","local_time":"20210125013815","is_ascension_mode":false,"campfire_choices":[{"data":"Guardian:EvasiveProtocol","floor":13.0,"key":"SMITH"},{"data":"Guardian:DecasProtection","floor":18.0,"key":"SMITH"},{"data":"Guardian:Orbwalk","floor":25.0,"key":"SMITH"},{"data":"hubris:InfiniteBlow+104","floor":37.0,"key":"SMITH"},{"data":"hubris:InfiniteBlow+209","floor":45,"key":"SMITH"},{"data":"hubris:InfiniteBlow+210","floor":49,"key":"SMITH"}],"circlet_count":0,"master_deck":["Guardian:Strike_Guardian","Guardian:Strike_Guardian","Guardian:Strike_Guardian","Guardian:Defend_Guardian","Guardian:Defend_Guardian+1","Guardian:Defend_Guardian","Guardian:Defend_Guardian","Guardian:CurlUp","Guardian:TwinSlam+1","Languid","Guardian:Clone","Guardian:DecasProtection+1","Guardian:PrimingBeam","Guardian:ChargeCore","Guardian:EvasiveProtocol+1","Guardian:Repulse","Guardian:SphericShield+1","Guardian:ShieldCharger+1","Guardian:EvasiveProtocol","Guardian:VentSteam","Guardian:BodySlam","Guardian:Suspension+1","Guardian:Orbwalk+1","Guardian:Reroute+1","Guardian:CompilePackage+1","Guardian:Recover+1","Guardian:Orbwalk+1","Guardian:ShieldCharger+1","Guardian:Harden+1","Guardian:TimeCapacitor+1","Guardian:PiercingHide","Guardian:GemFinder+1","downfall:Bewildered","Guardian:StasisField+1","jedi:forcepush","hubris:InfiniteBlow+211","Guardian:ArmoredProtocol+1","Guardian:Harden+1","Guardian:Recover+1","Guardian:ChargeUp+1","Guardian:Preprogram+1","Guardian:Recover","Guardian:ShieldCharger+1","Guardian:Clone","Guardian:Gem_Lightblue"],"relics":["Guardian:ModeShifterPlus","WarpedTongs","jedi:Pinwheel","Golden Egg","Matryoshka","jedi:bottledfury","Pantograph","ReplayTheSpireMod:SealedPack","ReplayTheSpireMod:Ring of Exchange","Regal Pillow","War Paint","infinitespire:Midas Blood","Guardian:DefensiveModeMoreBlock"],"acts_visited":["Exordium","TheCity","TheBeyond"],"potions_floor_usage":[],"damage_taken":[{"damage":0.0,"enemies":"Small Slimes","floor":2.0,"turns":4.0},{"damage":0.0,"enemies":"2 Louse","floor":3.0,"turns":2.0},{"damage":2.0,"enemies":"Cultist","floor":8.0,"turns":4.0},{"damage":8.0,"enemies":"2 Fungi Beasts","floor":9.0,"turns":4.0},{"damage":3.0,"enemies":"downfall:FleeingMerchant","floor":10.0,"turns":4.0},{"damage":10.0,"enemies":"Replay:BlueRogue","floor":11.0,"turns":7.0},{"damage":6.0,"enemies":"Red Slaver","floor":12.0,"turns":6.0},{"damage":9.0,"enemies":"Blue Slaver","floor":14.0,"turns":4.0},{"damage":18.0,"enemies":"Gremlin Gang","floor":15.0,"turns":7.0},{"damage":21.0,"enemies":"DF_ARCHETYPE_STREAMLINE","floor":16.0,"turns":12.0},{"damage":1.0,"enemies":"Spheric Guardian","floor":19.0,"turns":6.0},{"damage":3.0,"enemies":"3 Byrds","floor":21.0,"turns":6.0},{"damage":0.0,"enemies":"Cultist and Chosen","floor":22.0,"turns":5.0},{"damage":0.0,"enemies":"Centurion and Healer","floor":23.0,"turns":4.0},{"damage":0.0,"enemies":"Snake Plant","floor":26.0,"turns":3.0},{"damage":0.0,"enemies":"downfall:FleeingMerchant","floor":32.0,"turns":4.0},{"damage":0.0,"enemies":"downfall:FleeingMerchant","floor":33.0,"turns":4.0},{"damage":0.0,"enemies":"Snecko","floor":34.0,"turns":4.0},{"damage":8.0,"enemies":"SI_MIRROR_ARCHETYPE","floor":35.0,"turns":5.0},{"damage":0.0,"enemies":"Orb Walker","floor":38.0,"turns":1.0},{"damage":0.0,"enemies":"3 Shapes","floor":39.0,"turns":5.0},{"damage":0,"enemies":"Spire Growth","floor":41,"turns":3},{"damage":0,"enemies":"downfall:FleeingMerchant","floor":44,"turns":4},{"damage":0,"enemies":"Transient","floor":46,"turns":2},{"damage":0,"enemies":"4 Shapes","floor":47,"turns":5},{"damage":0,"enemies":"3 Darklings","floor":48,"turns":6},{"damage":3,"enemies":"Sphere and 2 Shapes","floor":50,"turns":10},{"damage":0,"enemies":"Spire Growth","floor":51,"turns":5},{"damage":0,"enemies":"WA_ARCHETYPE_DIVINITY","floor":52,"turns":1}],"seed_played":"4202342480389980369","potions_obtained":[{"floor":3.0,"key":"BlessingOfTheForge"},{"floor":12.0,"key":"Reflective Coating"},{"floor":14.0,"key":"infinitespire:BlackPotion"},{"floor":15.0,"key":"CultistPotion"},{"floor":22.0,"key":"Regen Potion"},{"floor":23.0,"key":"hexamod:SoulburnPotion"},{"floor":34.0,"key":"Explosive Potion"},{"floor":35.0,"key":"SkillPotion"},{"floor":41,"key":"PowerPotion"},{"floor":46,"key":"Reflective Coating"}],"is_trial":false,"path_per_floor":["R_BF","M","M","?","?","?","T","M","M","$","E","M","R","M","M","B",null,"R_BF","M","?","M","M","M","T","R","M","?","?","?","PTL","PTL","$","$","M","B",null,"R","M","M","?","M","?","T","$","R","M","M","M","R","M","M","B",null],"character_chosen":"GUARDIAN","items_purchased":["Guardian:Repulse","Pantograph","Guardian:Orbwalk","Guardian:ShieldCharger","Guardian:TimeCapacitor","Guardian:ChargeUp","Guardian:DefensiveModeMoreBlock"],"campfire_rested":0,"item_purchase_floors":[10,32,32,32,33,44,44],"current_hp_per_floor":[96,96,96,96,96,96,96,94,86,83,73,67,67,58,40,19,96,96,95,95,92,92,92,92,92,92,92,92,92,92,92,92,92,92,88,96,96,96,96,96,96,96,96,96,96,96,96,96,96,93,93,96],"gold":83,"neow_bonus":"TWENTY_PERCENT_HP_BONUS","is_daily":false,"chose_seed":false,"campfire_upgraded":6,"win_rate":0.0,"timestamp":1611535095,"path_taken":["R_BF","M","M","?","?","?","T","?","M","$","E","M","R","M","M","BOSS","R_BF","M","?","?","M","M","T","R","M","?","?","?","PTL","PTL","$","?","M","BOSS","R","M","M","?","M","?","T","?","R","M","M","M","R","?","M","BOSS"],"items_purchased_type":["Card","Relic","Card","Card","Card","Card","Relic"],"build_version":"2020-12-22","purchased_purges":0,"victory":true,"max_hp_per_floor":[96,96,96,96,96,96,96,96,96,96,96,96,96,96,96,96,96,96,96,96,96,96,96,96,96,96,96,96,96,96,96,96,96,96,96,96,96,96,96,96,96,96,96,96,96,96,96,96,96,96,96,96],"card_choices":[{"not_picked":["Guardian:PiercingHide","Guardian:Suspension"],"picked":"Guardian:Clone","floor":2.0},{"not_picked":["Guardian:ShieldCharger","Guardian:Gem_Cyan"],"picked":"Guardian:DecasProtection","floor":3.0},{"not_picked":["Guardian:TemporalShield","Guardian:GemFire"],"picked":"Guardian:PrimingBeam","floor":8.0},{"not_picked":["Guardian:PrimingBeam","Guardian:TemporalShield"],"picked":"Guardian:ChargeCore","floor":9.0},{"not_picked":["Guardian:PolyBeam","Guardian:MultiBeam"],"picked":"Guardian:EvasiveProtocol","floor":10.0},{"not_picked":["Guardian:Gem_Blue","Guardian:EvasiveProtocol"],"picked":"Guardian:SphericShield","floor":11.0},{"not_picked":["Guardian:EvasiveProtocol","Guardian:WalkerClaw"],"picked":"Guardian:ShieldCharger","floor":12.0},{"not_picked":["Guardian:Incinerate","Guardian:PrimingBeam"],"picked":"Guardian:EvasiveProtocol","floor":14.0},{"not_picked":["Guardian:TemporalShield","Guardian:Gem_Red"],"picked":"Guardian:Gem_Purple","floor":15.0},{"not_picked":["Guardian:StasisEngine","Guardian:BaubleBeam"],"picked":"Guardian:Gem_Orange","floor":16.0},{"not_picked":["Guardian:PrismaticBeam","Guardian:Planning"],"picked":"Guardian:VentSteam","floor":19.0},{"not_picked":["Guardian:PrimingBeam","Guardian:Gem_Blue"],"picked":"Guardian:BodySlam","floor":21.0},{"not_picked":["Guardian:Gem_Yellow","Guardian:PrismaticBeam+1"],"picked":"Guardian:Suspension+1","floor":22.0},{"not_picked":["Guardian:MultiBeam","Guardian:Gem_Lightblue"],"picked":"Guardian:Orbwalk","floor":23.0},{"not_picked":["Guardian:Incinerate","Guardian:Planning"],"picked":"Guardian:Reroute+1","floor":26.0},{"not_picked":["Guardian:ArmoredProtocol","Guardian:Gem_Blue"],"picked":"Guardian:CompilePackage","floor":28.0},{"not_picked":["Guardian:Gem_Yellow","Guardian:WalkerClaw"],"picked":"Guardian:Recover","floor":32.0},{"not_picked":["Guardian:Gem_Yellow","Guardian:Emergency"],"picked":"Guardian:Harden","floor":33.0},{"not_picked":["Guardian:PrismaticBarrier+1","Guardian:CrystalBeam"],"picked":"Guardian:PiercingHide","floor":34.0},{"not_picked":["Guardian:SphericShield","Guardian:GatlingBeam"],"picked":"Guardian:GemFinder","floor":35.0},{"not_picked":["Guardian:GemFinder","Guardian:SphericShield"],"picked":"Guardian:StasisField","floor":36.0},{"not_picked":["Flash of Steel","Panacea"],"picked":"jedi:forcepush","floor":36.0},{"not_picked":["infinitespire:TheBestDefense","infinitespire:Collect"],"picked":"hubris:InfiniteBlow+104","floor":36.0},{"not_picked":["Guardian:Gem_Lightblue","Guardian:GemFire"],"picked":"Guardian:ArmoredProtocol+1","floor":38.0},{"not_picked":["Guardian:PiercingHide","Guardian:PrimingBeam"],"picked":"Guardian:Harden+1","floor":39.0},{"not_picked":["Guardian:RollAttack","Guardian:Gem_Lightblue"],"picked":"Guardian:Recover+1","floor":41},{"not_picked":["Guardian:BronzeOrb+1","Guardian:Gem_Purple"],"picked":"Guardian:Gem_Crimson","floor":44},{"not_picked":["Guardian:Emergency","Guardian:PrismaticBeam"],"picked":"Guardian:Preprogram+1","floor":46},{"not_picked":["Guardian:Gem_Lightblue","Guardian:Gem_Cyan"],"picked":"Guardian:Gem_Red","floor":47},{"not_picked":["Guardian:ChargeCore+1","Guardian:Reroute+1"],"picked":"Guardian:Recover","floor":47},{"not_picked":["Guardian:Gem_Lightblue","Guardian:Gem_Red"],"picked":"Guardian:Gem_Cyan","floor":48},{"not_picked":["Guardian:Gem_Yellow","Guardian:PrimingBeam+1"],"picked":"Guardian:ShieldCharger+1","floor":48},{"not_picked":["Guardian:CrystalBeam+1","Guardian:Gem_Red"],"picked":"Guardian:Clone","floor":50},{"not_picked":["Guardian:Gem_Red","Guardian:Gem_Green"],"picked":"Guardian:Gem_Lightblue","floor":51},{"not_picked":["Guardian:CrystalBeam","Guardian:Gem_Lightblue","Guardian:Incinerate+1"],"picked":"SKIP","floor":51}],"player_experience":3255849,"relics_obtained":[{"floor":7.0,"key":"jedi:Pinwheel"},{"floor":11.0,"key":"Golden Egg"},{"floor":24.0,"key":"Matryoshka"},{"floor":28.0,"key":"jedi:bottledfury"},{"floor":40,"key":"ReplayTheSpireMod:Ring of Exchange"},{"floor":42,"key":"Regal Pillow"},{"floor":43,"key":"War Paint"},{"floor":43,"key":"infinitespire:Midas Blood"}],"event_choices":[{"damage_healed":0.0,"max_hp_gain":0.0,"max_hp_loss":0.0,"gold_gain":0.0,"event_name":"Living Wall","player_choice":"Grow","floor":1.0,"gold_loss":0.0,"damage_taken":0.0,"cards_upgraded":["Guardian:TwinSlam"]}],"is_beta":false,"boss_relics":[{"not_picked":["hubris:Stopwatch","hubris:RunicObelisk"],"picked":"Guardian:ModeShifterPlus"},{"not_picked":["Philosopher\u0027s Stone","Ring of Chaos"],"picked":"ReplayTheSpireMod:SealedPack"}],"items_purged_floors":[],"is_endless":false,"potions_floor_spawned":[3,12,14,15,22,23,34,35,41,46],"ascension_level":0}}