{"host":"978e30ws7ao5zzzo","time":1611538958,"event":{"mods":["A Penny For Your Troubles","AchievementEnabler","AlwaysNeverKeys","Aspiration","Bard","BaseMod","Bestiary","Better Altar","Better Debug","Better Match","Better Note","Better Sensory Stone","Better Skull","Better Third Choice","Better Vampires","BetterRewards","Conspire","Curses Come First","Custom Start","Displayed Cursed Tome","Grow up Mod","Hermit","Hubris","Hunter ??","Infinite Spire","Ironclad Rager","Marisa????????","Minty Spire (QoL Compilation)","Permanent Neow","Quick Restart","Random Character Button","Relic Stats","Remove Card Discount Mod","Replay The Spire","Retaliation","Shade Mod","Spicy Shops","Spikes Relics","Spire Arcade","StS++","StSLib","The Bug Knight","The Cursed","The Disciple","The Florist","The Gatherer","The Hierophant","The Marked","The Necromancer","The Runesmith","The Servant 0.9.4","The Spell Scribe","TheBandit","TheSwordswoman","TheVacant","Transform Curses","Treasure Hunter","????"],"gold_per_floor":[277,288,307,325,325,325,338,338,365,385,400,400,400,443,443,569,569,583,596,127,149,162,162,186,225,225,242,257,257,5,5,5,126,126,150,175,175,201,217,217,232,248,248,267,267,267,267,291,291,293,293,293,671,1376,1377],"floor_reached":56,"language":"ENG","playtime":4561,"items_purged":[],"score":1279,"play_id":"514198d9-5b3d-4e9f-9b0b-3217a1f2af1c","local_time":"20210124174238","is_ascension_mode":false,"campfire_choices":[{"data":"Shade:AnimateDead","floor":6,"key":"SMITH"},{"data":"Shade:AblativeArmor","floor":8,"key":"SMITH"},{"data":"Shade:ClawBack","floor":12,"key":"SMITH"},{"data":"Shade:SensePrey","floor":23,"key":"SMITH"},{"data":"Shade:Coordination","floor":40,"key":"SMITH"},{"floor":45,"key":"REST"},{"data":"Shade:LichForm","floor":45,"key":"SMITH"},{"data":"Shade:FreshBones","floor":49,"key":"SMITH"},{"data":"Shade:ExtraLimbs","floor":52,"key":"SMITH"}],"circlet_count":0,"master_deck":["Shade:Strike_Shade","Shade:Strike_Shade","Shade:Strike_Shade+1","Shade:Strike_Shade","Shade:Defend_Shade","Shade:Defend_Shade","Shade:AnimateDead+1","Shade:CarefulCut","Shade:AblativeArmor+1","Shade:WallOfFlesh","Shade:ExtraLimbs+1","Shade:ExtraLimbs+1","TH:ArmorSpikes+1","Shade:CommandSoldier","Shade:ClawBack+1","Shade:Doomsay","TH:EnergyPotion","Shade:SensePrey+1","TH:CopperCoins","Shade:Coordination+1","Shade:SkeletonHug+1","Shade:TouchOfTheGrave+1","Shade:BoneShards","Shade:FreshBones+1","Shade:ScuttlingHand","Shade:GoDigging+1","Shade:PotionOfRestlessness","Chrysalis","Shade:ClawBack+1","Shade:Bonestorm","Shade:SkeletonHug+1","TH:ElvenBoots+1","Shade:FeralStrike+1","TH:ArmorSpikes","Shade:SpectralStrikes","Shade:GreyBargain+1","Shade:CallWraith+1","TH:CopperCoins","Shade:LichForm+1","Shade:Frenzy+1","Shade:CoffinDance","Shade:SkeletonArmy+1","Shade:Trample+1","Shade:SkeletonHug","Shade:FuneraryJewels+1","TH:CopperCoins","Parasite","Shade:ClawBack","ReplayTheSpireMod:Private Reserves+1","Jack Of All Trades+1","Shade:CallOfTheGrave","Shade:PoundOfFlesh","Shade:OminousRitual","Shade:AblativeArmor+1","Shade:FreshBones+1","Shade:OpenGraves","Enlightenment+1","DDmod:PotionAddictCard","Shade:LichForm","TH:BikiniMail"],"relics":["Shade:YorickSkull","Calipers","Golden Idol","Whetstone","Mercury Hourglass","Replay:Bronze Core","BargainBundle","infinitespire:Golems Mask","DollysMirror","infinitespire:Magic Flask","Meat on the Bone","Toxic Egg 2","SlaversCollar","Ring of Misfortune","aspiration:HummingbirdHeart","hubris:NiceRug","Replay:Baseball","Runesmith:AutoHammer","HandDrill","Runesmith:Nanobots","SnailShell"],"acts_visited":["Exordium","TheCity","TheBeyond","TheEnding"],"potions_floor_usage":[16,33,33,50,50,53,55,55,55],"damage_taken":[{"damage":2,"enemies":"Jaw Worm","floor":1,"turns":5},{"damage":0,"enemies":"Cultist","floor":2,"turns":3},{"damage":22,"enemies":"infinitespire:Voidling","floor":3,"turns":4},{"damage":5,"enemies":"3 Louse","floor":4,"turns":5},{"damage":3,"enemies":"Lots of Slimes","floor":7,"turns":6},{"damage":1,"enemies":"Looter","floor":10,"turns":3},{"damage":13,"enemies":"3 Louse","floor":11,"turns":3},{"damage":25,"enemies":"Lagavulin","floor":14,"turns":6},{"damage":89,"enemies":"Hexaghost","floor":16,"turns":10},{"damage":10,"enemies":"Chosen","floor":18,"turns":4},{"damage":0,"enemies":"Spheric Guardian","floor":19,"turns":3},{"damage":24,"enemies":"conspire:HollyBat","floor":21,"turns":7},{"damage":20,"enemies":"Sentry and Sphere","floor":22,"turns":4},{"damage":22,"enemies":"Snake Plant","floor":24,"turns":4},{"damage":0,"enemies":"conspire:Head Lice","floor":25,"turns":9},{"damage":2,"enemies":"Cultist and Chosen","floor":27,"turns":4},{"damage":0,"enemies":"Shelled Parasite and Fungi","floor":28,"turns":5},{"damage":17,"enemies":"Champ","floor":33,"turns":10},{"damage":9,"enemies":"Orb Walker","floor":35,"turns":3},{"damage":77,"enemies":"3 Darklings","floor":36,"turns":7},{"damage":0,"enemies":"Sphere and 2 Shapes","floor":38,"turns":7},{"damage":35,"enemies":"Jaw Worm Horde","floor":39,"turns":5},{"damage":53,"enemies":"Spire Growth","floor":41,"turns":5},{"damage":11,"enemies":"Transient","floor":42,"turns":5},{"damage":25,"enemies":"Writhing Mass","floor":44,"turns":6},{"damage":40,"enemies":"Spire Growth","floor":48,"turns":5},{"damage":58,"enemies":"Awakened One","floor":50,"turns":7},{"damage":174,"enemies":"hubris:Merchant","floor":53,"turns":8},{"damage":177,"enemies":"Shield and Spear","floor":54,"turns":12},{"damage":11,"enemies":"The Heart","floor":55,"turns":8}],"seed_played":"-6051996950745580604","potions_obtained":[{"floor":3,"key":"SteroidPotion"},{"floor":4,"key":"Energy Potion"},{"floor":11,"key":"Elixir"},{"floor":16,"key":"DistilledChaos"},{"floor":18,"key":"Dexterity Potion"},{"floor":22,"key":"PowerPotion"},{"floor":33,"key":"StSpp:ScatteredWeakPotion"},{"floor":38,"key":"Ancient Potion"},{"floor":42,"key":"CultistPotion"},{"floor":53,"key":"Fruit Juice"},{"floor":53,"key":"Milkshake"},{"floor":53,"key":"LiquidMemories"}],"is_trial":false,"path_per_floor":["M","M","M","M","?","R","M","R","T","M","M","R","?","E","R","B",null,"M","M","$","M","M","R","M","E","T","M","M","?","$","?","R","B",null,"M","M","?","M","M","R","M","M","T","M","R","?","?","M","R","B",null,"R","$","E","B",null],"character_chosen":"SHADE","items_purchased":["BargainBundle","Shade:BoneShards","Shade:FreshBones","Shade:ScuttlingHand","Shade:GoDigging+1","Shade:PotionOfRestlessness","Chrysalis","infinitespire:Golems Mask","DollysMirror","Toxic Egg 2"],"campfire_rested":1,"item_purchase_floors":[20,20,20,20,20,20,20,20,20,30],"current_hp_per_floor":[65,75,67,72,54,64,71,81,91,100,97,107,117,102,176,97,245,245,255,265,251,241,251,239,249,259,267,277,287,297,307,317,310,415,416,349,359,369,344,354,311,310,320,305,469,479,489,459,469,421,585,595,436,281,292],"gold":1377,"neow_bonus":"ONE_RARE_RELIC","is_daily":false,"chose_seed":false,"campfire_upgraded":8,"win_rate":0.0,"timestamp":1611538958,"path_taken":["M","M","M","M","?","R","M","R","T","?","?","R","?","E","R","BOSS","M","M","?","M","M","R","M","E","T","M","M","?","?","?","R","BOSS","M","M","?","M","M","R","M","M","T","M","R","?","?","?","R","BOSS","R","$","E","BOSS"],"items_purchased_type":["Relic","Card","Card","Card","Card","Card","Card","Relic","Relic","Relic"],"build_version":"2020-12-22","purchased_purges":0,"victory":true,"max_hp_per_floor":[85,95,105,115,125,135,145,155,165,175,185,195,205,215,225,235,245,255,265,275,285,295,305,315,325,335,345,355,365,375,385,395,405,415,425,435,445,455,465,475,485,495,505,515,525,535,545,555,565,575,585,595,610,620,630],"relic_stats":{"counters":[30,173],"Golden Idol":239,"HandDrill":[20],"Whetstone":["Shade:ExtraLimbs","Shade:Strike_Shade"],"obtain_stats":[{"BargainBundle":20,"Runesmith:Nanobots":53,"SnailShell":54,"Calipers":0,"Shade:YorickSkull":0,"Golden Idol":5,"aspiration:HummingbirdHeart":43,"Whetstone":9,"infinitespire:Magic Flask":25,"Mercury Hourglass":14,"SlaversCollar":34,"Replay:Baseball":53,"DollysMirror":20,"Replay:Bronze Core":17,"Ring of Misfortune":37,"infinitespire:Golems Mask":20,"HandDrill":53,"Runesmith:AutoHammer":53,"Toxic Egg 2":30,"Meat on the Bone":26,"hubris:NiceRug":53},{"BargainBundle":11,"Runesmith:Nanobots":28,"SnailShell":29,"Calipers":0,"Shade:YorickSkull":0,"Golden Idol":4,"aspiration:HummingbirdHeart":24,"Whetstone":5,"infinitespire:Magic Flask":15,"Mercury Hourglass":8,"SlaversCollar":18,"Replay:Baseball":28,"DollysMirror":11,"Replay:Bronze Core":9,"Ring of Misfortune":20,"infinitespire:Golems Mask":11,"HandDrill":28,"Runesmith:AutoHammer":28,"Toxic Egg 2":17,"Meat on the Bone":15,"hubris:NiceRug":28},{"BargainBundle":52,"Runesmith:Nanobots":153,"SnailShell":165,"Calipers":0,"Shade:YorickSkull":0,"Golden Idol":17,"aspiration:HummingbirdHeart":127,"Whetstone":23,"infinitespire:Magic Flask":76,"Mercury Hourglass":35,"SlaversCollar":95,"Replay:Baseball":153,"DollysMirror":52,"Replay:Bronze Core":45,"Ring of Misfortune":105,"infinitespire:Golems Mask":52,"HandDrill":153,"Runesmith:AutoHammer":153,"Toxic Egg 2":85,"Meat on the Bone":76,"hubris:NiceRug":153}],"Mercury Hourglass":[544],"Meat on the Bone":24},"card_choices":[{"not_picked":["Shade:Doomsay","Shade:GraveStillness"],"picked":"Shade:AblativeArmor","floor":1},{"not_picked":["Shade:Brains","Shade:ClawBack"],"picked":"Shade:RitualOffering","floor":2},{"not_picked":["Shade:DangerousRitual","Shade:FeralStrike"],"picked":"Shade:WallOfFlesh","floor":3},{"not_picked":["Shade:AblativeArmor","Shade:Patience"],"picked":"Shade:ExtraLimbs","floor":4},{"not_picked":["Shade:FeralStrike","Shade:Tombstone"],"picked":"Shade:ExtraLimbs","floor":7},{"not_picked":["TH:PixieDust"],"picked":"TH:ArmorSpikes","floor":9},{"not_picked":["Shade:FingerOfDeath","Shade:Frenzy"],"picked":"Shade:CommandSoldier","floor":10},{"not_picked":["Shade:FleshToFlesh","Shade:Brains"],"picked":"Shade:ClawBack","floor":11},{"not_picked":["TH:CursedSword"],"picked":"TH:EnergyPotion","floor":14},{"not_picked":["Shade:Consume","Shade:Tombstone"],"picked":"Shade:SensePrey","floor":14},{"not_picked":["TH:TreasureMap"],"picked":"TH:CopperCoins","floor":16},{"not_picked":["Shade:OminousRitual","Shade:OneIsEnough"],"picked":"Shade:Coordination","floor":16},{"not_picked":["Shade:Premonition","Shade:PotionOfRestlessness+1"],"picked":"Shade:SkeletonHug+1","floor":18},{"not_picked":["Shade:ScuttlingHand","Shade:ExtraLimbs"],"picked":"Shade:TouchOfTheGrave+1","floor":19},{"not_picked":["Shade:FuneraryArmor+1","Shade:CoffinDance"],"picked":"Shade:Bonestorm","floor":21},{"not_picked":["Shade:GraveStillness+1","Shade:Doomsay"],"picked":"Shade:SkeletonHug+1","floor":22},{"not_picked":["Shade:Excise","Shade:BoneShards"],"picked":"Shade:Premonition","floor":24},{"not_picked":["TH:DeckOfManyThings"],"picked":"TH:ElvenBoots","floor":25},{"not_picked":["Shade:FleshToFlesh","Shade:Coordination"],"picked":"Shade:FeralStrike+1","floor":25},{"not_picked":["TH:TreasureMap"],"picked":"TH:ArmorSpikes","floor":26},{"not_picked":["Shade:SoulToxin","Shade:Awaken+1"],"picked":"Shade:SpectralStrikes","floor":27},{"not_picked":["Shade:RitualOffering","Shade:LyeBath"],"picked":"Shade:GreyBargain+1","floor":28},{"not_picked":["TH:PixieDust"],"picked":"TH:CopperCoins","floor":33},{"not_picked":["Shade:LastGasp+1","Shade:OfferingToTheBeyond"],"picked":"Shade:LichForm","floor":33},{"not_picked":["Shade:Doomsay+1","Shade:BoneShards+1"],"picked":"Shade:Frenzy+1","floor":35},{"not_picked":["Shade:WallOfFlesh+1","Shade:Excise+1"],"picked":"Shade:CoffinDance","floor":36},{"not_picked":["Shade:SpontaneousRitual","Shade:FleshToFlesh+1"],"picked":"Shade:SkeletonArmy+1","floor":38},{"not_picked":["Shade:PressTheAttack","Shade:AblativeArmor+1"],"picked":"Shade:Trample+1","floor":39},{"not_picked":["Shade:FleshToFlesh+1","Shade:Doomsay"],"picked":"Shade:SkeletonHug","floor":41},{"not_picked":["Shade:Frenzy+1","Shade:Premonition+1"],"picked":"Shade:FuneraryJewels+1","floor":42},{"not_picked":["TH:TreasureMap"],"picked":"TH:CopperCoins","floor":43},{"not_picked":["Shade:BoneShards+1","Shade:Bonestorm"],"picked":"Shade:ClawBack","floor":44},{"not_picked":["Sharp Hide+1","StSpp:MindBarrier+1"],"picked":"ReplayTheSpireMod:Private Reserves+1","floor":47},{"not_picked":["ReplayTheSpireMod:Uncanny Aura+1","TH:CursedSword"],"picked":"Jack Of All Trades+1","floor":47},{"not_picked":["Shade:SpectralStrikes+1","Shade:GoDigging+1"],"picked":"Shade:CallOfTheGrave","floor":48},{"not_picked":[],"picked":"Shade:PoundOfFlesh","floor":53},{"not_picked":[],"picked":"Shade:OminousRitual","floor":53},{"not_picked":[],"picked":"Shade:AblativeArmor+1","floor":53},{"not_picked":[],"picked":"Shade:FreshBones+1","floor":53},{"not_picked":[],"picked":"Shade:OpenGraves","floor":53},{"not_picked":[],"picked":"Enlightenment+1","floor":53},{"not_picked":[],"picked":"DDmod:PotionAddictCard","floor":53},{"not_picked":["Shade:SpectralStrikes","Shade:CommandSoldier+1"],"picked":"Shade:LichForm","floor":54},{"not_picked":["TH:Mimic"],"picked":"TH:BikiniMail","floor":54}],"player_experience":375765,"relics_obtained":[{"floor":9,"key":"Whetstone"},{"floor":14,"key":"Mercury Hourglass"},{"floor":25,"key":"infinitespire:Magic Flask"},{"floor":26,"key":"Meat on the Bone"},{"floor":37,"key":"Ring of Misfortune"},{"floor":43,"key":"aspiration:HummingbirdHeart"},{"floor":53,"key":"Replay:Baseball"},{"floor":53,"key":"Runesmith:AutoHammer"},{"floor":53,"key":"HandDrill"},{"floor":53,"key":"Runesmith:Nanobots"},{"floor":54,"key":"SnailShell"}],"event_choices":[{"damage_healed":0,"gold_gain":0,"player_choice":"Take Damage","damage_taken":28,"relics_obtained":["Golden Idol"],"max_hp_gain":0,"max_hp_loss":0,"event_name":"Golden Idol","floor":5,"gold_loss":0},{"damage_healed":0,"gold_gain":0,"cards_transformed":["Shade:Defend_Shade"],"player_choice":"Transformed","damage_taken":0,"max_hp_gain":0,"max_hp_loss":0,"event_name":"Transmorgrifier","floor":13,"gold_loss":0,"cards_obtained":["Shade:Doomsay"]},{"damage_healed":0,"gold_gain":0,"player_choice":"Upgraded","damage_taken":0,"max_hp_gain":0,"max_hp_loss":0,"event_name":"Upgrade Shrine","floor":29,"gold_loss":0,"cards_upgraded":["TH:ElvenBoots"]},{"cards_removed":["Shade:RitualOffering"],"damage_healed":0,"gold_gain":0,"player_choice":"Purged","damage_taken":0,"max_hp_gain":0,"max_hp_loss":0,"event_name":"Purifier","floor":31,"gold_loss":0},{"cards_removed":["Shade:Premonition"],"damage_healed":0,"gold_gain":0,"player_choice":"Removed Skill","damage_taken":0,"max_hp_gain":0,"max_hp_loss":0,"event_name":"Falling","floor":46,"gold_loss":0},{"damage_healed":0,"gold_gain":0,"player_choice":"Random: Blue","damage_taken":0,"max_hp_gain":0,"max_hp_loss":0,"event_name":"betterThird:BetterPortal","floor":47,"gold_loss":0},{"damage_healed":0,"gold_gain":3,"player_choice":"1","damage_taken":0,"max_hp_gain":0,"max_hp_loss":0,"event_name":"betterStone:BetterStone","floor":47,"gold_loss":0}],"is_beta":false,"boss_relics":[{"not_picked":["Replay:Ancient Bell","conspire:SeveredTorchhead"],"picked":"Replay:Bronze Core"},{"not_picked":["Velvet Choker","hubris:TerracottaHorce"],"picked":"SlaversCollar"}],"items_purged_floors":[],"is_endless":false,"potions_floor_spawned":[3,4,11,16,18,19,22,24,33,38,42,44,54],"ascension_level":0}}