{"host":"p11r1vg7ld7z2n97","time":1611536521,"event":{"mods":["BaseMod","Better Note","Colored Map","Downfall","Minty Spire (QoL Compilation)","Rare Cards Sparkle","StSLib","Waifu the Spire"],"gold_per_floor":[99,113,130,230,66,66,66,82,102,12,12,12,12,24,44,140,140,40,53,72,57,70,70,70,100,85,85,85,85,85],"floor_reached":28,"language":"ENG","playtime":1651,"items_purged":["Injury"],"score":228,"play_id":"3a56cc82-9c21-4844-863f-1fb53b27714b","local_time":"20210124180201","is_ascension_mode":false,"campfire_choices":[{"data":"bronze:Verify","floor":1.0,"key":"SMITH"},{"data":"bronze:Terminator","floor":13.0,"key":"SMITH"},{"floor":18.0,"key":"RECALL"},{"data":"bronze:ChosenStrike","floor":23.0,"key":"SMITH"},{"floor":27,"key":"REST"}],"circlet_count":0,"master_deck":["bronze:Strike","bronze:Defend","bronze:Defend","bronze:Replicate","bronze:Goto","bronze:Verify+1","bronze:Optimize","bronze:WhirlingStrike","bronze:Terminator+1","bronze:Constructor","Blind","bronze:ChosenStrike+1","bronze:Separator","bronze:BronzeOrb","bronze:ItsAFeature","bronze:Boost","bronze:Format","bronze:Fortify+1","bronze:Constructor","bronze:BitShift"],"relics":["bronze:BronzeCore","Blue Candle","bronze:BottledCode","Empty Cage","downfall:HeartBlessingBlue","Pantograph","The Courier"],"acts_visited":["Exordium","TheCity"],"potions_floor_usage":[28,28],"damage_taken":[{"damage":1.0,"enemies":"Small Slimes","floor":2.0,"turns":5.0},{"damage":0.0,"enemies":"Cultist","floor":3.0,"turns":4.0},{"damage":5.0,"enemies":"downfall:FleeingMerchant","floor":5.0,"turns":4.0},{"damage":5.0,"enemies":"2 Louse","floor":8.0,"turns":2.0},{"damage":9.0,"enemies":"Exordium Wildlife","floor":9.0,"turns":5.0},{"damage":0.0,"enemies":"downfall:FleeingMerchant","floor":10.0,"turns":4.0},{"damage":0.0,"enemies":"Exordium Thugs","floor":14.0,"turns":6.0},{"damage":0.0,"enemies":"2 Fungi Beasts","floor":15.0,"turns":3.0},{"damage":31.0,"enemies":"WA_ARCHETYPE_RETAIN","floor":16.0,"turns":17.0},{"damage":0.0,"enemies":"Chosen","floor":19.0,"turns":3.0},{"damage":24.0,"enemies":"Spheric Guardian","floor":20.0,"turns":5.0},{"damage":5.0,"enemies":"downfall:FleeingMerchant","floor":21.0,"turns":4.0},{"damage":0.0,"enemies":"Centurion and Healer","floor":22.0,"turns":5.0},{"damage":35.0,"enemies":"Slavers","floor":25.0,"turns":7.0},{"damage":0,"enemies":"downfall:FleeingMerchant","floor":26,"turns":4},{"damage":32,"enemies":"Gremlin Leader","floor":28,"turns":4}],"seed_played":"-5419189529644532026","potions_obtained":[{"floor":2.0,"key":"DuplicationPotion"},{"floor":9.0,"key":"champ:CounterPotion"},{"floor":14.0,"key":"SteroidPotion"},{"floor":19.0,"key":"SneckoOil"}],"is_trial":false,"path_per_floor":["R","M","M","?","$","?","T","M","M","$","?","?","R","M","M","B",null,"R","M","M","$","M","R","T","E","$","R","E"],"character_chosen":"THE_AUTOMATON","items_purchased":["bronze:Constructor","Blind"],"campfire_rested":1,"item_purchase_floors":[5,5],"current_hp_per_floor":[70,69,69,69,64,64,64,59,50,50,45,45,45,45,45,14,60,70,70,46,41,41,41,41,6,6,27,0,0,0],"gold":85,"neow_bonus":"ONE_RANDOM_RARE_CARD","is_daily":false,"chose_seed":false,"campfire_upgraded":3,"win_rate":0.0,"timestamp":1611536521,"path_taken":["R","M","M","?","$","?","T","M","?","$","?","?","R","M","M","BOSS","R","M","M","$","M","R","T","E","$","R","E"],"items_purchased_type":["Card","Card"],"build_version":"2020-12-22","purchased_purges":1,"victory":false,"max_hp_per_floor":[70,70,70,70,70,70,70,70,70,70,70,60,60,60,60,60,60,70,70,70,70,70,70,70,70,70,70,70,70,70],"card_choices":[{"not_picked":["bronze:OilSpill","bronze:CutThrough"],"picked":"bronze:Optimize","floor":2.0},{"not_picked":["bronze:OilSpill","bronze:DelayedGuard"],"picked":"bronze:WhirlingStrike","floor":3.0},{"not_picked":["bronze:Invalidate","bronze:Boost"],"picked":"bronze:Terminator","floor":5.0},{"not_picked":["bronze:Allocate","bronze:Boost"],"picked":"bronze:ChosenStrike","floor":8.0},{"not_picked":["bronze:Iterate","bronze:Turbo"],"picked":"bronze:Separator","floor":9.0},{"not_picked":["bronze:Verify","bronze:Constructor"],"picked":"bronze:BronzeOrb","floor":10.0},{"not_picked":["bronze:Turbo","bronze:Separator"],"picked":"bronze:ItsAFeature","floor":14.0},{"not_picked":["bronze:Flail","bronze:Safeguard"],"picked":"bronze:Boost","floor":15.0},{"not_picked":["bronze:HyperBeam","bronze:FindAndReplace"],"picked":"bronze:Format","floor":16.0},{"not_picked":["bronze:WhirlingStrike+1","bronze:Separator+1"],"picked":"bronze:Fortify+1","floor":19.0},{"not_picked":["bronze:DelayedSlice","bronze:GetLatest","bronze:Fortify"],"picked":"SKIP","floor":20.0},{"not_picked":["bronze:ItsAFeature+1","bronze:DarkDash"],"picked":"bronze:Constructor","floor":21.0},{"not_picked":["bronze:Turbo","bronze:BronzeOrb+1"],"picked":"bronze:BitShift","floor":22.0},{"not_picked":["bronze:BuggyMess","bronze:GetLatest+1","bronze:CutThrough"],"picked":"SKIP","floor":25.0},{"not_picked":["bronze:DelayedGuard","bronze:BronzeArmor","bronze:Frontload"],"picked":"SKIP","floor":26}],"player_experience":676056,"relics_obtained":[{"floor":24.0,"key":"Pantograph"},{"floor":25.0,"key":"The Courier"}],"event_choices":[],"is_beta":false,"boss_relics":[{"not_picked":["Busted Crown","Calling Bell"],"picked":"Empty Cage"}],"items_purged_floors":[10],"is_endless":false,"potions_floor_spawned":[2,9,14,19,25],"killed_by":"Gremlin Leader","ascension_level":0}}