{"host":"rpg32ugylimeqbxt","time":1611544554,"event":{"mods":["AchievementEnabler","BaseMod","BetterRewards","Colored Powertips","Hermit","Highlight Path","Minty Spire (QoL Compilation)","Replay The Spire","StSLib","The Animator","The Bug Knight","The Cursed","The Disciple","The Hierophant","The Runesmith","The Servant 0.9.4"],"gold_per_floor":[113,188,188,202,216,216,216,216,241,254,254,70,70,104,104,104,104],"floor_reached":16,"language":"ENG","playtime":1021,"items_purged":["Strike_G"],"score":123,"play_id":"18d8759a-5bdc-4367-bdfd-b30a7e8e219a","local_time":"20210124191554","is_ascension_mode":false,"campfire_choices":[{"data":"Blade Dance","floor":6,"key":"SMITH"},{"data":"Neutralize","floor":8,"key":"SMITH"},{"data":"Accuracy","floor":13,"key":"SMITH"},{"data":"Cloak And Dagger","floor":15,"key":"SMITH"}],"circlet_count":0,"master_deck":["Strike_G","Strike_G","Strike_G","Defend_G","Defend_G","Defend_G","Defend_G","Survivor","Neutralize+1","Blade Dance+1","Backflip","Adrenaline","Accuracy+1","Cloak And Dagger+1","Hidden Blade"],"relics":["Ring of the Snake","ReplayTheSpireMod:Ninjato","Golden Idol","Regal Pillow"],"acts_visited":["Exordium"],"potions_floor_usage":[14,14,16],"damage_taken":[{"damage":2,"enemies":"Jaw Worm","floor":1,"turns":6},{"damage":0,"enemies":"2 Louse","floor":4,"turns":3},{"damage":0,"enemies":"Cultist","floor":5,"turns":3},{"damage":0,"enemies":"Exordium Wildlife","floor":10,"turns":3},{"damage":0,"enemies":"3 Sentries","floor":14,"turns":7},{"damage":33,"enemies":"Fading Forest","floor":16,"turns":7}],"seed_played":"8296974164956101636","potions_obtained":[{"floor":4,"key":"Flashbang"},{"floor":10,"key":"LifebloodPotion"},{"floor":14,"key":"Block Potion"}],"is_trial":false,"path_per_floor":["M","?","?","M","M","R","?","R","T","M","?","$","R","E","R","B"],"character_chosen":"THE_SILENT","items_purchased":["Accuracy","Cloak And Dagger"],"campfire_rested":0,"item_purchase_floors":[12,12],"current_hp_per_floor":[68,57,57,57,57,57,50,50,50,50,33,33,33,33,33,0,0],"gold":104,"neow_bonus":"REMOVE_CARD","is_daily":false,"chose_seed":false,"campfire_upgraded":4,"win_rate":0.0,"timestamp":1611544554,"path_taken":["M","?","?","?","M","R","?","R","T","M","?","?","R","E","R","BOSS"],"items_purchased_type":["Card","Card"],"build_version":"2020-12-22","purchased_purges":1,"victory":false,"max_hp_per_floor":[70,70,70,70,70,70,70,70,70,70,70,70,70,70,70,70,70],"card_choices":[{"not_picked":["Sucker Punch","Dodge and Roll","Setup"],"picked":"SKIP","floor":1},{"not_picked":["Bane","Dodge and Roll"],"picked":"Blade Dance","floor":4},{"not_picked":["Poisoned Stab","Flying Knee"],"picked":"Backflip","floor":5},{"not_picked":["ReplayTheSpireMod:Exploit Weakness","Draining Mist"],"picked":"Adrenaline","floor":10},{"not_picked":["Acrobatics","Flying Knee"],"picked":"Hidden Blade","floor":14}],"player_experience":454756,"relics_obtained":[{"floor":14,"key":"Regal Pillow"}],"event_choices":[{"damage_healed":0,"gold_gain":75,"player_choice":"Gather Gold","damage_taken":11,"max_hp_gain":0,"max_hp_loss":0,"event_name":"World of Goop","floor":2,"gold_loss":0},{"cards_removed":["Defend_G"],"damage_healed":0,"gold_gain":0,"player_choice":"Offered Basic","damage_taken":0,"max_hp_gain":0,"max_hp_loss":0,"event_name":"Bonfire Elementals","floor":3,"gold_loss":0},{"damage_healed":0,"gold_gain":0,"player_choice":"Success","damage_taken":7,"relics_obtained":["ReplayTheSpireMod:Ninjato"],"max_hp_gain":0,"max_hp_loss":0,"event_name":"Scrap Ooze","floor":7,"gold_loss":0},{"damage_healed":0,"gold_gain":0,"player_choice":"Take Damage","damage_taken":17,"relics_obtained":["Golden Idol"],"max_hp_gain":0,"max_hp_loss":0,"event_name":"Golden Idol","floor":11,"gold_loss":0}],"is_beta":false,"boss_relics":[],"items_purged_floors":[12],"is_endless":false,"potions_floor_spawned":[4,10,14],"killed_by":"Fading Forest","ascension_level":0}}