{"host":"g907ck67u7c3hrs6","time":1611586263,"event":{"mods":["BaseMod","Colored Map","DeckTracker","Highlight Path","Keyboard Shortcuts","Minty Spire (QoL Compilation)","Permanent Neow","Say the Spire","SuperFastMode"],"gold_per_floor":[111,131,142,317,242,276,276,276,276,303,328,151,185,212,212,313,313,333,208,208,133,163,163,163,198,198,228,5,5,30,63,63,161,161,172,172,172,76,99,128,157,157,157,184,33,63,79,104,104,104],"floor_reached":51,"language":"KOR","playtime":1708,"items_purged":["Doubt","Strike_P","Strike_P","Strike_P","Strike_P"],"score":1117,"play_id":"b587fe9e-2e64-42c6-802a-60c4cfec0c7b","local_time":"20210125235103","daily_mods":["Heirloom","Flight","DeadlyEvents","Elite Swarm"],"is_ascension_mode":false,"campfire_choices":[{"data":"Eruption","floor":7,"key":"SMITH"},{"data":"BattleHymn","floor":8,"key":"SMITH"},{"data":"Devotion","floor":15,"key":"SMITH"},{"data":"Establishment","floor":23,"key":"SMITH"},{"data":"MasterReality","floor":24,"key":"SMITH"},{"floor":29,"key":"REST"},{"data":"Vault","floor":32,"key":"SMITH"},{"data":"Apotheosis","floor":42,"key":"SMITH"},{"floor":49,"key":"REST"}],"circlet_count":0,"master_deck":["Defend_P","Defend_P","Defend_P","Eruption+1","Vigilance","Protect","InnerPeace","BattleHymn+1","Swivel","Evaluate","LikeWater","DeusExMachina","DevaForm","Ragnarok","MentalFortress","Establishment+1","Devotion+1","MasterReality+1","SandsOfTime+1","Study","DeusExMachina","Scrawl","Brilliance","Vault+1","DeusExMachina","SpiritShield","ClearTheMind","Apotheosis+1","Prostrate","Vault"],"relics":["PureWater","Prayer Wheel","Mercury Hourglass","Meat on the Bone","InkBottle","Turnip","Strawberry","Gremlin Horn","Runic Dome","Nunchaku","Potion Belt","Unceasing Top","GoldenEye","Membership Card","Lizard Tail","CloakClasp","Busted Crown","Dream Catcher","Bottled Lightning","Ice Cream","Bronze Scales","Smiling Mask","Lee\u0027s Waffle","TungstenRod","Damaru"],"acts_visited":["Exordium","TheCity","TheBeyond"],"potions_floor_usage":[22,22,27,27,50,50,50,50],"damage_taken":[{"damage":0,"enemies":"Cultist","floor":1,"turns":2},{"damage":10,"enemies":"Small Slimes","floor":2,"turns":4},{"damage":4,"enemies":"2 Louse","floor":3,"turns":2},{"damage":33,"enemies":"Gremlin Nob","floor":6,"turns":6},{"damage":9,"enemies":"3 Sentries","floor":10,"turns":6},{"damage":14,"enemies":"Gremlin Nob","floor":11,"turns":4},{"damage":1,"enemies":"Lagavulin","floor":13,"turns":6},{"damage":14,"enemies":"Gremlin Nob","floor":14,"turns":4},{"damage":18,"enemies":"Hexaghost","floor":16,"turns":7},{"damage":10,"enemies":"Shell Parasite","floor":18,"turns":5},{"damage":30,"enemies":"Slavers","floor":22,"turns":3},{"damage":13,"enemies":"Book of Stabbing","floor":25,"turns":6},{"damage":32,"enemies":"Slavers","floor":27,"turns":4},{"damage":25,"enemies":"Book of Stabbing","floor":30,"turns":5},{"damage":14,"enemies":"Gremlin Leader","floor":31,"turns":4},{"damage":10,"enemies":"Collector","floor":33,"turns":7},{"damage":5,"enemies":"3 Darklings","floor":35,"turns":3},{"damage":0,"enemies":"Giant Head","floor":40,"turns":9},{"damage":9,"enemies":"Reptomancer","floor":41,"turns":4},{"damage":0,"enemies":"Nemesis","floor":44,"turns":6},{"damage":0,"enemies":"Giant Head","floor":46,"turns":6},{"damage":22,"enemies":"3 Shapes","floor":47,"turns":3},{"damage":10,"enemies":"Nemesis","floor":48,"turns":4},{"damage":0,"enemies":"Donu and Deca","floor":50,"turns":3}],"seed_played":"1667709378595355776","potions_obtained":[{"floor":1,"key":"AttackPotion"},{"floor":6,"key":"CultistPotion"},{"floor":11,"key":"DistilledChaos"},{"floor":22,"key":"StancePotion"},{"floor":30,"key":"Dexterity Potion"},{"floor":33,"key":"BottledMiracle"},{"floor":35,"key":"Swift Potion"},{"floor":44,"key":"Swift Potion"},{"floor":48,"key":"FearPotion"}],"is_trial":true,"path_per_floor":["M","M","M","?","$","E","R","R","T","E","E","$","E","E","R","B",null,"M","$","?","?","E","R","R","E","T","E","$","R","E","E","R","B",null,"M","?","?","$","T","E","E","R","T","E","$","E","M","E","R","B",null],"character_chosen":"WATCHER","items_purchased":["MentalFortress","Membership Card","Apotheosis","Lee\u0027s Waffle","PowerPotion"],"campfire_rested":2,"item_purchase_floors":[12,28,38,45,45],"current_hp_per_floor":[72,62,58,58,58,25,25,25,25,28,26,26,44,42,42,36,79,69,69,54,54,36,36,36,35,35,15,15,40,27,25,25,27,84,79,79,79,79,79,79,70,70,70,70,87,87,65,55,81,81],"gold":104,"neow_bonus":"","is_daily":false,"chose_seed":false,"campfire_upgraded":7,"win_rate":0.0,"timestamp":1611586263,"path_taken":["M","?","?","?","$","E","R","R","T","E","E","$","E","E","R","BOSS","M","$","?","?","?","R","R","E","T","E","?","R","?","E","R","BOSS","M","?","?","$","?","E","E","R","T","E","E","$","E","?","E","R","BOSS"],"items_purchased_type":["Card","Relic","Card","Relic","Potion"],"build_version":"2020-12-22","purchased_purges":5,"victory":true,"max_hp_per_floor":[72,72,72,72,72,72,72,72,72,72,72,72,79,79,79,79,79,79,79,84,84,84,84,84,84,84,84,84,84,84,84,84,84,84,84,84,80,80,80,80,80,80,80,80,87,87,87,87,87,87],"card_choices":[{"not_picked":["FlyingSleeves","SignatureMove"],"picked":"Protect","floor":1},{"not_picked":["Perseverance","Prostrate"],"picked":"InnerPeace","floor":1},{"not_picked":["ThirdEye","CutThroughFate"],"picked":"BattleHymn","floor":2},{"not_picked":["WreathOfFlame","FollowUp"],"picked":"Swivel","floor":2},{"not_picked":["SashWhip","Halt"],"picked":"Evaluate","floor":3},{"not_picked":["ThirdEye","Conclude"],"picked":"LikeWater","floor":3},{"not_picked":["LessonLearned","Omniscience"],"picked":"DeusExMachina","floor":6},{"not_picked":["DeusExMachina","SpiritShield"],"picked":"DevaForm","floor":10},{"not_picked":["Omniscience","Wish"],"picked":"Ragnarok","floor":11},{"not_picked":["Judgement","LessonLearned"],"picked":"Establishment","floor":13},{"not_picked":["Omniscience","Wish"],"picked":"Devotion","floor":14},{"not_picked":["LessonLearned","DevaForm"],"picked":"MasterReality","floor":16},{"not_picked":["EmptyFist","BowlingBash+1"],"picked":"SandsOfTime+1","floor":18},{"not_picked":["Halt","EmptyFist"],"picked":"Study","floor":18},{"not_picked":["Wish","Scrawl"],"picked":"DeusExMachina","floor":22},{"not_picked":["Alpha","MasterReality"],"picked":"Scrawl","floor":25},{"not_picked":["Ragnarok","Judgement"],"picked":"Brilliance","floor":27},{"not_picked":["DeusExMachina","Wish"],"picked":"Vault","floor":30},{"not_picked":["Brilliance","Scrawl"],"picked":"DeusExMachina","floor":31},{"not_picked":["MasterReality","Ragnarok"],"picked":"SpiritShield","floor":33},{"not_picked":[],"picked":"ClearTheMind","floor":35},{"not_picked":["CutThroughFate"],"picked":"SKIP","floor":35},{"not_picked":["Establishment"],"picked":"SKIP","floor":40},{"not_picked":["Ragnarok"],"picked":"SKIP","floor":41},{"not_picked":["Blasphemy"],"picked":"SKIP","floor":44},{"not_picked":["Brilliance"],"picked":"SKIP","floor":46},{"not_picked":[],"picked":"Prostrate","floor":47},{"not_picked":["PathToVictory"],"picked":"SKIP","floor":47},{"not_picked":[],"picked":"Vault","floor":48}],"player_experience":231678,"relics_obtained":[{"floor":6,"key":"Mercury Hourglass"},{"floor":9,"key":"Meat on the Bone"},{"floor":10,"key":"InkBottle"},{"floor":11,"key":"Turnip"},{"floor":13,"key":"Strawberry"},{"floor":14,"key":"Gremlin Horn"},{"floor":22,"key":"Nunchaku"},{"floor":25,"key":"Potion Belt"},{"floor":26,"key":"Unceasing Top"},{"floor":27,"key":"GoldenEye"},{"floor":30,"key":"Lizard Tail"},{"floor":31,"key":"CloakClasp"},{"floor":39,"key":"Dream Catcher"},{"floor":40,"key":"Bottled Lightning"},{"floor":41,"key":"Ice Cream"},{"floor":43,"key":"Bronze Scales"},{"floor":44,"key":"Smiling Mask"},{"floor":46,"key":"TungstenRod"},{"floor":48,"key":"Damaru"}],"event_choices":[{"damage_healed":0,"gold_gain":175,"player_choice":"AGREE","damage_taken":0,"max_hp_gain":0,"max_hp_loss":0,"event_name":"Liars Game","floor":4,"gold_loss":0,"cards_obtained":["Doubt"]},{"damage_healed":0,"gold_gain":0,"player_choice":"Shed Blood","damage_taken":20,"max_hp_gain":5,"max_hp_loss":0,"event_name":"Forgotten Altar","floor":20,"gold_loss":0},{"cards_removed":["Defend_P"],"damage_healed":0,"gold_gain":0,"player_choice":"Gave Gold","damage_taken":0,"max_hp_gain":0,"max_hp_loss":0,"event_name":"Beggar","floor":21,"gold_loss":75},{"damage_healed":0,"gold_gain":0,"player_choice":"Ignored","damage_taken":0,"max_hp_gain":0,"max_hp_loss":0,"event_name":"Tomb of Lord Red Mask","floor":36,"gold_loss":0},{"damage_healed":0,"gold_gain":0,"player_choice":"Max HP","damage_taken":0,"max_hp_gain":0,"max_hp_loss":4,"event_name":"Winding Halls","floor":37,"gold_loss":0}],"is_beta":false,"boss_relics":[{"not_picked":["VioletLotus","HolyWater"],"picked":"Runic Dome"},{"not_picked":["Sozu","Calling Bell"],"picked":"Busted Crown"}],"items_purged_floors":[5,12,19,28,45],"is_endless":false,"potions_floor_spawned":[1,6,11,16,22,30,33,35,44,48],"ascension_level":0}}