{"host":"vyiqbz5w606ur92t","time":1611591256,"event":{"mods":["BaseMod","Downfall","Minty Spire (QoL Compilation)","StSLib"],"gold_per_floor":[99,112,112,129,139,156,156,156,156,169,196,196,30,45,60,158,158,58,77,88,88,105,137,137,153,153,167,183,200,32,48,58,161,161,61,79,96,47,396,396,396,414,514,529,542,555,583,593,606,606],"floor_reached":51,"language":"ENG","playtime":7002,"items_purged":["champ:Strike"],"score":738,"play_id":"86cfd560-e553-44c8-9294-4e0542f00acb","local_time":"20210125161416","is_ascension_mode":false,"campfire_choices":[{"data":"champ:Taunt","floor":1,"key":"SMITH"},{"data":"champ:StanceDance","floor":8,"key":"SMITH"},{"floor":12,"key":"RECALL"},{"data":"champ:SteelEdge","floor":18,"key":"SMITH"},{"data":"champ:IronFortress","floor":35,"key":"SMITH"},{"data":"champ:EnragedBash","floor":40,"key":"SMITH"}],"circlet_count":0,"master_deck":["champ:Strike","champ:Strike","champ:Strike","champ:Defend","champ:Defend","champ:Defend","champ:Defend","champ:Execute","champ:Taunt+1","champ:StanceDance+1","champ:Haymaker","champ:BerserkersShout","champ:StanceDance+1","champ:DeathBlow","champ:BringItOn+1","champ:IronFortress+1","champ:AdrenalArmor+1","champ:Lariat+1","champ:SteelEdge+1","champ:Endure+1","RitualDagger","champ:EnragedBash+1","champ:StanceDance+1","champ:AdrenalArmor+1","champ:StanceDance+1","champ:HoldFirm+1","champ:FancyFootwork+1","champ:CalledShot+1","champ:UltimateStance+1"],"relics":["champ:ChampionCrown","downfall:ShatteredFragment","Toxic Egg 2","Matryoshka","Bag of Preparation","Coffee Dripper","downfall:HeartBlessingRed","MealTicket","Potion Belt","champ:GladiatorsBookOfMartialProwess","Bag of Marbles","Black Star","downfall:HeartBlessingGreen","Anchor","Bronze Scales","Old Coin","Kunai","Toy Ornithopter","Smiling Mask","InkBottle"],"acts_visited":["Exordium","TheCity","TheBeyond"],"potions_floor_usage":[13,13,29,30,33,36,39,47,47],"damage_taken":[{"damage":10,"enemies":"Jaw Worm","floor":2,"turns":3},{"damage":0,"enemies":"Cultist","floor":4,"turns":3},{"damage":16,"enemies":"2 Louse","floor":5,"turns":2},{"damage":22,"enemies":"Blue Slaver","floor":6,"turns":3},{"damage":15,"enemies":"Exordium Thugs","floor":10,"turns":3},{"damage":42,"enemies":"Lagavulin","floor":11,"turns":5},{"damage":37,"enemies":"downfall:FleeingMerchant","floor":13,"turns":4},{"damage":20,"enemies":"Large Slime","floor":14,"turns":3},{"damage":35,"enemies":"Lots of Slimes","floor":15,"turns":3},{"damage":42,"enemies":"IC_STATUS_ARCHETYPE","floor":16,"turns":6},{"damage":20,"enemies":"Chosen","floor":19,"turns":3},{"damage":40,"enemies":"Shell Parasite","floor":20,"turns":3},{"damage":40,"enemies":"Snecko","floor":22,"turns":5},{"damage":30,"enemies":"Gremlin Leader","floor":23,"turns":3},{"damage":25,"enemies":"Centurion and Healer","floor":25,"turns":5},{"damage":55,"enemies":"Cultist and Chosen","floor":27,"turns":4},{"damage":15,"enemies":"Snake Plant","floor":28,"turns":2},{"damage":31,"enemies":"Snecko","floor":29,"turns":4},{"damage":25,"enemies":"downfall:FleeingMerchant","floor":30,"turns":4},{"damage":40,"enemies":"Shelled Parasite and Fungi","floor":31,"turns":3},{"damage":10,"enemies":"Centurion and Healer","floor":32,"turns":2},{"damage":61,"enemies":"WA_ARCHETYPE_CALM","floor":33,"turns":4},{"damage":55,"enemies":"3 Shapes","floor":36,"turns":3},{"damage":25,"enemies":"Orb Walker","floor":37,"turns":3},{"damage":30,"enemies":"downfall:FleeingMerchant","floor":38,"turns":2},{"damage":60,"enemies":"2 Orb Walkers","floor":39,"turns":3},{"damage":35,"enemies":"4 Shapes","floor":42,"turns":3},{"damage":105,"enemies":"downfall:LadyInBlue","floor":43,"turns":8},{"damage":10,"enemies":"3 Darklings","floor":44,"turns":2},{"damage":40,"enemies":"Writhing Mass","floor":45,"turns":4},{"damage":45,"enemies":"Spire Growth","floor":46,"turns":3},{"damage":107,"enemies":"Reptomancer","floor":47,"turns":5},{"damage":60,"enemies":"Transient","floor":48,"turns":5},{"damage":72,"enemies":"Maw","floor":49,"turns":6},{"damage":121,"enemies":"DF_ARCHETYPE_ORBS","floor":50,"turns":8}],"seed_played":"-3992818486902108747","potions_obtained":[{"floor":2,"key":"champ:OpenerPotion"},{"floor":6,"key":"SkillPotion"},{"floor":10,"key":"SpeedPotion"},{"floor":14,"key":"EssenceOfSteel"},{"floor":19,"key":"Block Potion"},{"floor":25,"key":"Dexterity Potion"},{"floor":27,"key":"SneckoOil"},{"floor":28,"key":"SteroidPotion"},{"floor":32,"key":"LiquidBronze"},{"floor":33,"key":"Block Potion"},{"floor":36,"key":"Energy Potion"},{"floor":42,"key":"Guardian:BlockOnCardUsePotion"},{"floor":43,"key":"CultistPotion"},{"floor":43,"key":"AttackPotion"},{"floor":43,"key":"SpeedPotion"},{"floor":46,"key":"Swift Potion"},{"floor":47,"key":"DistilledChaos"}],"is_trial":false,"path_per_floor":["R","M","?","M","M","M","T","R","?","M","E","R","$","M","M","B",null,"R","M","M","?","M","E","T","M","?","M","M","M","$","M","M","B",null,"R","M","M","$","?","R","T","M","?","M","M","M","E","M","M","B",null],"character_chosen":"THE_CHAMP","items_purchased":["Bag of Preparation","Bag of Marbles","Anchor","Bronze Scales"],"campfire_rested":0,"item_purchase_floors":[13,30,38,38],"current_hp_per_floor":[99,99,72,72,71,69,69,69,69,69,67,67,65,65,65,48,99,99,99,99,93,93,93,93,93,93,93,93,92,99,99,99,88,99,99,99,99,99,99,99,99,99,99,99,99,99,87,87,75,54],"gold":606,"neow_bonus":"TEN_PERCENT_HP_BONUS","is_daily":false,"chose_seed":false,"campfire_upgraded":5,"win_rate":0.0,"timestamp":1611591256,"path_taken":["R","M","?","M","M","M","T","R","?","M","E","R","$","?","M","BOSS","R","M","M","?","M","E","T","M","?","M","M","M","$","M","M","BOSS","R","M","M","$","?","R","T","M","?","M","M","M","E","?","M","BOSS"],"items_purchased_type":["Relic","Relic","Relic","Relic"],"build_version":"2020-12-22","purchased_purges":1,"victory":true,"max_hp_per_floor":[99,99,99,99,99,99,99,99,99,99,99,99,99,99,99,99,99,99,99,99,99,99,99,99,99,99,99,99,99,99,99,99,99,99,99,99,99,99,99,99,99,99,99,99,99,99,99,99,99,99],"card_choices":[{"not_picked":["champ:Circumvent","champ:EnragedBash"],"picked":"champ:StanceDance","floor":2},{"not_picked":["champ:Circumvent","champ:StanceDance"],"picked":"champ:Haymaker","floor":4},{"not_picked":["champ:EnGarde","champ:FlashCut"],"picked":"champ:BerserkersShout","floor":5},{"not_picked":["champ:Circumvent","champ:FaceSlap"],"picked":"champ:StanceDance","floor":6},{"not_picked":["champ:DefensiveShout+1","champ:FalseCounter+1"],"picked":"champ:DeathBlow","floor":10},{"not_picked":["champ:ShieldWall","champ:StanceDance+1"],"picked":"champ:BringItOn+1","floor":11},{"not_picked":["champ:HeartStrike","champ:FaceSlap"],"picked":"champ:IronFortress","floor":13},{"not_picked":["champ:Backstep+1","champ:DefensiveShout+1"],"picked":"champ:AdrenalArmor+1","floor":14},{"not_picked":["champ:Backstep+1","champ:PreemptiveStrike"],"picked":"champ:Lariat+1","floor":15},{"not_picked":["champ:VampiricStrike","champ:IgnorePain+1"],"picked":"champ:SteelEdge","floor":16},{"not_picked":["champ:FlashCut","champ:SkillfulDodge+1","champ:HeartStrike+1"],"picked":"SKIP","floor":19},{"not_picked":["champ:PerfectedStrike","champ:StanceDance+1"],"picked":"champ:Endure+1","floor":20},{"not_picked":["champ:PreciseThrust","champ:GutPunch"],"picked":"champ:EnragedBash","floor":22},{"not_picked":["champ:PerfectedStrike","champ:BringItOn+1","champ:StanceDance+1"],"picked":"SKIP","floor":23},{"not_picked":["champ:PreciseThrust","champ:FlashCut","champ:Circumvent+1"],"picked":"SKIP","floor":25},{"not_picked":["champ:CrownThrow","champ:HeartStrike"],"picked":"champ:AdrenalArmor+1","floor":27},{"not_picked":["champ:Haymaker","champ:FocusedBerserking+1","champ:ShieldThrow"],"picked":"SKIP","floor":28},{"not_picked":["champ:DefensiveShout+1","champ:BladeFlurry"],"picked":"champ:StanceDance+1","floor":29},{"not_picked":["champ:AdrenalArmor+1","champ:Encircle","champ:Haymaker"],"picked":"SKIP","floor":30},{"not_picked":["champ:IronFortress+1","champ:SetATrap+1","champ:GutPunch"],"picked":"SKIP","floor":31},{"not_picked":["champ:Circumvent+1","champ:EnGarde+1","champ:FalseCounter+1"],"picked":"SKIP","floor":32},{"not_picked":["champ:Devastate","champ:MurderStrike"],"picked":"champ:HoldFirm+1","floor":33},{"not_picked":["champ:GutPunch","champ:IronFortress","champ:AdrenalArmor+1"],"picked":"SKIP","floor":36},{"not_picked":["champ:TornadoPunch+1","champ:Backstep+1","champ:PreemptiveStrike+1"],"picked":"SKIP","floor":37},{"not_picked":["champ:TornadoPunch","champ:CrownThrow+1","champ:CrookedStrike+1"],"picked":"SKIP","floor":38},{"not_picked":["champ:Haymaker+1","champ:BringItOn+1"],"picked":"champ:FancyFootwork+1","floor":39},{"not_picked":["champ:AdrenalArmor+1","champ:RapidStrikes","champ:SetATrap+1"],"picked":"SKIP","floor":42},{"not_picked":["champ:StanceDance+1","champ:CrookedStrike+1"],"picked":"champ:CalledShot+1","floor":43},{"not_picked":["champ:Parry+1","champ:BerserkersShout+1","champ:Circumvent+1"],"picked":"SKIP","floor":44},{"not_picked":["champ:DefensiveShout+1","champ:StanceDance+1"],"picked":"champ:UltimateStance+1","floor":45},{"not_picked":["champ:FaceSlap","champ:EndlessRage","champ:Circumvent+1"],"picked":"SKIP","floor":46},{"not_picked":["champ:FocusedBerserking+1","champ:RecklessLeap","champ:Duel+1"],"picked":"SKIP","floor":47},{"not_picked":["champ:EnGarde+1","champ:Circumvent+1","champ:TornadoPunch+1"],"picked":"SKIP","floor":48},{"not_picked":["champ:EnGarde+1","champ:HeartStrike+1","champ:Circumvent+1"],"picked":"SKIP","floor":49}],"player_experience":1046093,"relics_obtained":[{"floor":7,"key":"Toxic Egg 2"},{"floor":11,"key":"Matryoshka"},{"floor":23,"key":"MealTicket"},{"floor":24,"key":"Potion Belt"},{"floor":24,"key":"champ:GladiatorsBookOfMartialProwess"},{"floor":39,"key":"Old Coin"},{"floor":41,"key":"Kunai"},{"floor":43,"key":"Toy Ornithopter"},{"floor":47,"key":"Smiling Mask"},{"floor":47,"key":"InkBottle"}],"event_choices":[{"damage_healed":0,"gold_gain":0,"player_choice":"Forge","damage_taken":0,"max_hp_gain":0,"max_hp_loss":0,"event_name":"Accursed Blacksmith","floor":9,"gold_loss":0,"cards_upgraded":["champ:StanceDance"]},{"damage_healed":0,"gold_gain":0,"player_choice":"Fight","damage_taken":0,"max_hp_gain":0,"max_hp_loss":0,"event_name":"Mysterious Sphere","floor":39,"gold_loss":0}],"is_beta":false,"boss_relics":[{"not_picked":["Astrolabe","Busted Crown"],"picked":"Coffee Dripper"},{"not_picked":["Sozu","SlaversCollar"],"picked":"Black Star"}],"items_purged_floors":[38],"is_endless":false,"potions_floor_spawned":[2,6,10,14,19,25,27,28,32,33,36,42,43,46,47],"ascension_level":0}}