{"host":"y76clbnovzmw9ubx","time":1611550208,"event":{"mods":["AchievementEnabler","BaseMod","Minty Spire (QoL Compilation)","Permanent Neow","Relic Stats"],"gold_per_floor":[115,127,143,123,141,179,179,206,231,256,256,256,274,313,313,396,396,406,429,429,429,451,477,477,498,569,607,607,634,653,688,688,773,773,786,801,31,31,65,106,106,119,119,157,174,190,190,215,215,215,215],"floor_reached":50,"language":"ENG","playtime":4085,"items_purged":[],"score":1374,"play_id":"9d1f3a7c-57b8-47bc-a7ab-07aeda9ff896","local_time":"20210124235008","is_ascension_mode":true,"campfire_choices":[{"floor":7.0,"key":"REST"},{"data":"Cloak And Dagger","floor":11.0,"key":"SMITH"},{"data":"Finisher","floor":15.0,"key":"SMITH"},{"data":"Malaise","floor":24.0,"key":"SMITH"},{"floor":28,"key":"REST"},{"floor":32,"key":"REST"},{"floor":47,"key":"REST"},{"floor":49,"key":"RECALL"}],"circlet_count":0,"master_deck":["AscendersBane","Strike_G","Strike_G","Strike_G","Strike_G","Defend_G","Defend_G","Defend_G","Defend_G","Defend_G","Survivor","Neutralize+1","Cloak And Dagger+1","Terror","Deflect","Finisher+1","Blade Dance+1","Dagger Spray","Bullet Time","Malaise+1","Blur","Cloak And Dagger","Footwork","PiercingWail","Phantasmal Killer","After Image","Footwork","Backflip","Backflip+1","Backflip","Crippling Poison"],"relics":["Ring of the Snake","CeramicFish","Bronze Scales","Regal Pillow","Nunchaku","Runic Pyramid","Bag of Marbles","Pocketwatch","Pear","Mango","Incense Burner","Philosopher\u0027s Stone","Calipers","Torii","Bird Faced Urn","Vajra","Art of War","Akabeko"],"acts_visited":["Exordium","TheCity","TheBeyond"],"potions_floor_usage":[30,40,44,50],"damage_taken":[{"damage":4.0,"enemies":"Small Slimes","floor":1.0,"turns":4.0},{"damage":4.0,"enemies":"Cultist","floor":2.0,"turns":5.0},{"damage":0.0,"enemies":"2 Louse","floor":3.0,"turns":2.0},{"damage":5.0,"enemies":"Red Slaver","floor":5.0,"turns":4.0},{"damage":23.0,"enemies":"Gremlin Nob","floor":6.0,"turns":4.0},{"damage":3.0,"enemies":"Large Slime","floor":8.0,"turns":4.0},{"damage":20.0,"enemies":"3 Sentries","floor":10.0,"turns":6.0},{"damage":0.0,"enemies":"Looter","floor":13.0,"turns":3.0},{"damage":6.0,"enemies":"Gremlin Nob","floor":14.0,"turns":3.0},{"damage":30.0,"enemies":"Slime Boss","floor":16.0,"turns":8.0},{"damage":0.0,"enemies":"Chosen","floor":18.0,"turns":5.0},{"damage":9.0,"enemies":"2 Thieves","floor":22.0,"turns":3.0},{"damage":0.0,"enemies":"Gremlin Leader","floor":23.0,"turns":6.0},{"damage":8,"enemies":"Sentry and Sphere","floor":25,"turns":5},{"damage":30,"enemies":"Slavers","floor":27,"turns":7},{"damage":0,"enemies":"3 Cultists","floor":29,"turns":4},{"damage":0,"enemies":"Snake Plant","floor":30,"turns":5},{"damage":34,"enemies":"Gremlin Leader","floor":31,"turns":9},{"damage":16,"enemies":"Champ","floor":33,"turns":10},{"damage":14,"enemies":"3 Darklings","floor":35,"turns":4},{"damage":5,"enemies":"Orb Walker","floor":36,"turns":5},{"damage":0,"enemies":"Mind Bloom Boss Battle","floor":39,"turns":7},{"damage":19,"enemies":"Nemesis","floor":40,"turns":11},{"damage":10,"enemies":"Jaw Worm Horde","floor":42,"turns":4},{"damage":19,"enemies":"Reptomancer","floor":44,"turns":8},{"damage":23,"enemies":"Transient","floor":45,"turns":6},{"damage":2,"enemies":"Spire Growth","floor":46,"turns":6},{"damage":0,"enemies":"Giant Head","floor":48,"turns":5},{"damage":84,"enemies":"Time Eater","floor":50,"turns":16}],"seed_played":"5049370293995408321","potions_obtained":[{"floor":1.0,"key":"SpeedPotion"},{"floor":4.0,"key":"FairyPotion"},{"floor":8.0,"key":"PowerPotion"},{"floor":18.0,"key":"Strength Potion"},{"floor":27,"key":"Block Potion"},{"floor":31,"key":"LiquidMemories"},{"floor":33,"key":"BlessingOfTheForge"},{"floor":40,"key":"Dexterity Potion"},{"floor":48,"key":"Energy Potion"}],"is_trial":false,"path_per_floor":["M","M","M","?","M","E","R","M","T","E","R","?","M","E","R","B",null,"M","T","?","?","M","E","R","M","T","E","R","M","M","E","R","B",null,"M","M","$","?","?","E","?","M","T","E","M","M","R","E","R","B"],"character_chosen":"THE_SILENT","items_purchased":["Calipers","Footwork","Torii","Backflip"],"campfire_rested":4,"item_purchase_floors":[37,37,37,37],"current_hp_per_floor":[55,51,51,51,46,23,42,39,39,19,19,19,19,13,13,6,51,51,51,51,42,33,33,33,25,35,19,61,61,61,27,69,53,81,67,62,62,62,62,49,49,45,45,32,15,19,59,65,65,0,0],"gold":215,"neow_bonus":"UPGRADE_CARD","is_daily":false,"chose_seed":false,"campfire_upgraded":3,"win_rate":0.0,"timestamp":1611550208,"path_taken":["M","M","M","?","M","E","R","?","T","E","R","?","M","E","R","BOSS","M","?","?","?","M","E","R","M","T","E","R","M","M","E","R","BOSS","M","?","$","?","?","E","?","?","T","E","M","M","R","E","R","BOSS"],"items_purchased_type":["Relic","Card","Relic","Card"],"build_version":"2020-12-22","purchased_purges":0,"victory":false,"max_hp_per_floor":[66,66,66,66,66,66,66,66,66,66,66,66,66,66,66,66,66,66,66,66,66,66,66,66,66,76,90,90,90,90,90,90,90,90,90,90,90,85,85,85,85,85,85,85,85,85,85,85,85,85,85],"relic_stats":{"Regal Pillow":45,"Nunchaku":[36],"Torii":21,"counters":[29,169],"CeramicFish":135,"Bronze Scales":[407],"Bird Faced Urn":[42],"Art of War":[12],"obtain_stats":[{"Regal Pillow":10,"Pear":26,"Calipers":37,"Torii":37,"CeramicFish":6,"Vajra":40,"Mango":27,"Incense Burner":31,"Akabeko":48,"Nunchaku":14,"Bronze Scales":9,"Bird Faced Urn":39,"Philosopher\u0027s Stone":34,"Bag of Marbles":19,"Art of War":44,"Ring of the Snake":0,"Runic Pyramid":17,"Pocketwatch":23},{"Regal Pillow":7,"Pear":14,"Calipers":21,"Torii":21,"CeramicFish":5,"Vajra":23,"Mango":15,"Incense Burner":18,"Akabeko":28,"Nunchaku":9,"Bronze Scales":6,"Bird Faced Urn":22,"Philosopher\u0027s Stone":19,"Bag of Marbles":11,"Art of War":25,"Ring of the Snake":0,"Runic Pyramid":10,"Pocketwatch":13},{"Regal Pillow":29,"Pear":62,"Calipers":106,"Torii":106,"CeramicFish":19,"Vajra":124,"Mango":69,"Incense Burner":87,"Akabeko":153,"Nunchaku":35,"Bronze Scales":23,"Bird Faced Urn":113,"Philosopher\u0027s Stone":97,"Bag of Marbles":48,"Art of War":136,"Ring of the Snake":0,"Runic Pyramid":43,"Pocketwatch":57}],"Ring of the Snake":[58],"Pocketwatch":[16]},"card_choices":[{"not_picked":["Outmaneuver","Quick Slash"],"picked":"Cloak And Dagger","floor":1.0},{"not_picked":["Acrobatics","Dash"],"picked":"Terror","floor":2.0},{"not_picked":["Wraith Form v2","Acrobatics"],"picked":"Deflect","floor":3.0},{"not_picked":["Quick Slash","Slice"],"picked":"Finisher","floor":5.0},{"not_picked":["Sucker Punch","PiercingWail"],"picked":"Blade Dance","floor":6.0},{"not_picked":["Riddle With Holes","Prepared"],"picked":"Dagger Spray","floor":8.0},{"not_picked":["Setup","Dagger Spray","Acrobatics"],"picked":"SKIP","floor":10.0},{"not_picked":["Acrobatics","Expertise","Crippling Poison"],"picked":"SKIP","floor":13.0},{"not_picked":["Sucker Punch","Choke"],"picked":"Bullet Time","floor":14.0},{"not_picked":["Doppelganger","Grand Finale"],"picked":"Malaise","floor":16.0},{"not_picked":["Underhanded Strike","Deflect","Poisoned Stab"],"picked":"SKIP","floor":18.0},{"not_picked":["Bane","Quick Slash"],"picked":"Blur","floor":22.0},{"not_picked":["Tools of the Trade","Prepared","Riddle With Holes"],"picked":"SKIP","floor":23.0},{"not_picked":["Sucker Punch","Eviscerate"],"picked":"Cloak And Dagger","floor":25},{"not_picked":["Blur","Bouncing Flask"],"picked":"Footwork","floor":27},{"not_picked":["Choke","Well Laid Plans"],"picked":"PiercingWail","floor":29},{"not_picked":["Poisoned Stab","Calculated Gamble","Outmaneuver"],"picked":"SKIP","floor":30},{"not_picked":["Dagger Throw","Quick Slash"],"picked":"Phantasmal Killer","floor":31},{"not_picked":["Corpse Explosion","Night Terror"],"picked":"After Image","floor":33},{"not_picked":["Accuracy","Outmaneuver","Eviscerate+1"],"picked":"SKIP","floor":35},{"not_picked":["Tactician+1","Underhanded Strike","Escape Plan"],"picked":"SKIP","floor":36},{"not_picked":["Backstab","Masterful Stab"],"picked":"Backflip+1","floor":39},{"not_picked":["Prepared+1","Dagger Spray"],"picked":"Backflip","floor":40},{"not_picked":["Choke+1","Deflect","Deadly Poison+1"],"picked":"SKIP","floor":42},{"not_picked":["Predator+1","Bouncing Flask"],"picked":"Crippling Poison","floor":44},{"not_picked":["Poisoned Stab","Backflip","Deadly Poison"],"picked":"SKIP","floor":45},{"not_picked":["Phantasmal Killer","Acrobatics","Blade Dance"],"picked":"SKIP","floor":46},{"not_picked":["Slice+1","Dagger Spray","Heel Hook"],"picked":"SKIP","floor":48}],"player_experience":3122907,"relics_obtained":[{"floor":6.0,"key":"CeramicFish"},{"floor":9.0,"key":"Bronze Scales"},{"floor":10.0,"key":"Regal Pillow"},{"floor":14.0,"key":"Nunchaku"},{"floor":19.0,"key":"Bag of Marbles"},{"floor":23.0,"key":"Pocketwatch"},{"floor":26,"key":"Pear"},{"floor":27,"key":"Mango"},{"floor":31,"key":"Incense Burner"},{"floor":39,"key":"Bird Faced Urn"},{"floor":40,"key":"Vajra"},{"floor":44,"key":"Art of War"},{"floor":48,"key":"Akabeko"}],"event_choices":[{"damage_healed":0.0,"max_hp_gain":0.0,"max_hp_loss":0.0,"gold_gain":0.0,"event_name":"The Woman in Blue","player_choice":"Bought 1 Potion","floor":4.0,"gold_loss":0.0,"damage_taken":0.0},{"damage_healed":0.0,"max_hp_gain":0.0,"max_hp_loss":0.0,"gold_gain":0.0,"event_name":"Upgrade Shrine","player_choice":"Upgraded","floor":12.0,"gold_loss":0.0,"damage_taken":0.0,"cards_upgraded":["Blade Dance"]},{"damage_healed":0.0,"max_hp_gain":0.0,"max_hp_loss":0.0,"gold_gain":0.0,"event_name":"The Mausoleum","player_choice":"Ignored","floor":20.0,"gold_loss":0.0,"damage_taken":0.0},{"damage_healed":0.0,"max_hp_gain":0.0,"max_hp_loss":0.0,"gold_gain":0.0,"event_name":"Wheel of Change","player_choice":"Damaged","floor":21.0,"gold_loss":0.0,"damage_taken":9.0},{"damage_healed":0,"gold_gain":0,"player_choice":"Max HP","damage_taken":0,"max_hp_gain":0,"max_hp_loss":5,"event_name":"Winding Halls","floor":38,"gold_loss":0},{"damage_healed":0,"gold_gain":0,"player_choice":"Fight","damage_taken":0,"max_hp_gain":0,"max_hp_loss":0,"event_name":"MindBloom","floor":39,"gold_loss":0},{"cards_removed":["Strike_G"],"damage_healed":0,"gold_gain":0,"player_choice":"Offered Basic","damage_taken":0,"max_hp_gain":0,"max_hp_loss":0,"event_name":"Bonfire Elementals","floor":41,"gold_loss":0}],"is_beta":false,"boss_relics":[{"not_picked":["HoveringKite","Ectoplasm"],"picked":"Runic Pyramid"},{"not_picked":["Snecko Eye","Velvet Choker"],"picked":"Philosopher\u0027s Stone"}],"items_purged_floors":[],"is_endless":false,"potions_floor_spawned":[1,5,8,10,13,14,18,27,31,33,40,42,48],"killed_by":"Time Eater","ascension_level":20}}