{"host":"zwuytn9vh5b8tdl7","time":1611553585,"event":{"mods":["AchievementEnabler","BaseMod","Colored Powertips","GifTheSpireLib","Minty Spire (QoL Compilation)","Rare Cards Sparkle","StSLib","The Animator"],"gold_per_floor":[124,124,124,148,164,164,494,494,520,538,565,581,123,145,145,240,240,274,274,274,104,104,117,117,93,93,120,120,50,50,85,85,198,198,211,228,282,282,297,297,316,326,351,376,396,396,416,428,428,428,428],"floor_reached":50,"language":"ENG","playtime":3992,"items_purged":["Writhe"],"score":574,"play_id":"59d23600-7393-4218-9632-80f2065a8324","local_time":"20210125004625","is_ascension_mode":false,"campfire_choices":[{"floor":6.0,"key":"REST"},{"floor":8.0,"key":"REST"},{"floor":15.0,"key":"REST"},{"floor":28.0,"key":"REST"},{"floor":30.0,"key":"REST"},{"floor":32.0,"key":"REST"},{"floor":40.0,"key":"REST"},{"floor":46.0,"key":"REST"},{"floor":49.0,"key":"REST"}],"circlet_count":0,"master_deck":["animator:Strike_Konosuba+1","animator:Defend_Konosuba+1","animator:Strike+1","animator:Strike+1","animator:Strike+1","animator:Defend+1","animator:Defend+1","animator:Defend+1","animator:Kazuma","animator:Aqua","animator:DolaSchwi","animator:Laby","animator:Mitsurugi","animator:Elsword","animator:PandorasActor","animator:DolaSchwi","animator:Layla","animator:Darkness","animator:Megumin+11","animator:Hans","animator:Vanir+1","animator:QuestionMark","animator:Demiurge+1","animator:SilverFang","animator:MumenRider","animator:Darkness","animator:Verdia","animator:Eve","CurseOfTheBell","animator:Ciel","animator:Mitsuba+1","animator:ChaikaBohdan+1","animator:Gilgamesh+2","animator:Lancer","Parasite","animator:Alexander","animator:Mitsurugi","animator:Archer"],"relics":["animator:LivingPicture","animator:TheMissingPiece","Unceasing Top","Old Coin","animator:ShionDessert","Shuriken","Lizard Tail","Ancient Tea Set","Nilry\u0027s Codex","Meat on the Bone","MutagenicStrength","Calipers","Paper Frog","Calling Bell","Regal Pillow","InkBottle","animator:HallowedScabbard","animator:AlchemistGlove","Letter Opener","White Beast Statue"],"acts_visited":["Exordium","TheCity","TheBeyond"],"potions_floor_usage":[50,50],"damage_taken":[{"damage":0.0,"enemies":"Cultist","floor":1.0,"turns":4.0},{"damage":7.0,"enemies":"Small Slimes","floor":4.0,"turns":5.0},{"damage":3.0,"enemies":"Jaw Worm","floor":5.0,"turns":5.0},{"damage":25.0,"enemies":"Lagavulin","floor":7.0,"turns":7.0},{"damage":11.0,"enemies":"Lots of Slimes","floor":10.0,"turns":3.0},{"damage":28.0,"enemies":"3 Sentries","floor":11.0,"turns":6.0},{"damage":29.0,"enemies":"Gremlin Gang","floor":12.0,"turns":4.0},{"damage":0.0,"enemies":"Looter","floor":14.0,"turns":3.0},{"damage":0.0,"enemies":"Slime Boss","floor":16.0,"turns":7.0},{"damage":30.0,"enemies":"2 Thieves","floor":18.0,"turns":4.0},{"damage":9.0,"enemies":"Shell Parasite","floor":23.0,"turns":3.0},{"damage":20.0,"enemies":"Shelled Parasite and Fungi","floor":27.0,"turns":6.0},{"damage":37.0,"enemies":"Slavers","floor":31.0,"turns":4.0},{"damage":20.0,"enemies":"Champ","floor":33.0,"turns":14.0},{"damage":21.0,"enemies":"Orb Walker","floor":35.0,"turns":4.0},{"damage":31.0,"enemies":"3 Darklings","floor":36.0,"turns":6.0},{"damage":7.0,"enemies":"Mind Bloom Boss Battle","floor":37.0,"turns":10.0},{"damage":40.0,"enemies":"Spire Growth","floor":39.0,"turns":6.0},{"damage":29.0,"enemies":"Sphere and 2 Shapes","floor":41.0,"turns":4.0},{"damage":26.0,"enemies":"Jaw Worm Horde","floor":42.0,"turns":3.0},{"damage":27.0,"enemies":"Writhing Mass","floor":45.0,"turns":6.0},{"damage":33.0,"enemies":"Spire Growth","floor":47.0,"turns":4.0},{"damage":39.0,"enemies":"Transient","floor":48.0,"turns":5.0},{"damage":149,"enemies":"Awakened One","floor":50,"turns":13}],"seed_played":"-2424773192471112761","potions_obtained":[{"floor":1.0,"key":"Regen Potion"},{"floor":5.0,"key":"Dexterity Potion"},{"floor":10.0,"key":"Weak Potion"},{"floor":14.0,"key":"BlessingOfTheForge"},{"floor":27.0,"key":"Dexterity Potion"},{"floor":33.0,"key":"Block Potion"},{"floor":39.0,"key":"Swift Potion"},{"floor":41.0,"key":"Swift Potion"},{"floor":42.0,"key":"Weak Potion"},{"floor":45.0,"key":"LiquidBronze"},{"floor":47.0,"key":"Energy Potion"},{"floor":48.0,"key":"Strength Potion"}],"is_trial":false,"path_per_floor":["M","T","?","M","M","R","E","R","T","M","E","M","$","M","R","B",null,"M","?","?","$","?","M","?","$","T","M","R","$","R","E","R","B",null,"M","M","?","?","M","R","M","M","T","T","M","R","M","M","R","B"],"character_chosen":"THE_ANIMATOR","items_purchased":["Lizard Tail","Ancient Tea Set","animator:QuestionMark","animator:SilverFang","animator:Darkness"],"campfire_rested":9,"item_purchase_floors":[13,13,21,25,29],"current_hp_per_floor":[66,66,66,59,59,67,44,64,64,55,29,3,3,5,25,28,69,41,25,25,25,25,28,28,28,28,22,42,42,62,41,62,44,71,53,45,40,40,21,57,40,28,28,28,24,60,45,27,63,0,0],"gold":428,"neow_bonus":"THREE_CARDS","is_daily":false,"chose_seed":false,"campfire_upgraded":0,"win_rate":0.0,"timestamp":1611553585,"path_taken":["M","?","?","M","M","R","E","R","T","?","E","M","?","?","R","BOSS","M","?","?","$","?","M","?","$","T","M","R","?","R","E","R","BOSS","M","M","?","?","M","R","M","M","T","?","M","R","M","M","R","BOSS"],"items_purchased_type":["Relic","Relic","Card","Card","Card"],"build_version":"2020-12-22","purchased_purges":1,"victory":false,"max_hp_per_floor":[66,66,66,66,67,67,67,67,67,67,67,68,68,68,68,69,69,69,69,69,69,69,69,69,69,69,69,69,69,69,71,71,71,71,72,72,72,72,72,72,72,72,72,72,72,72,72,72,72,72,72],"card_choices":[{"not_picked":["animator:DolaRiku","animator:Raven"],"picked":"animator:DolaSchwi","floor":0.0},{"not_picked":["animator:ShinjiMatou","animator:Raven"],"picked":"animator:Laby","floor":1.0},{"not_picked":["animator:Add","animator:Demiurge"],"picked":"animator:Mitsurugi","floor":4.0},{"not_picked":["animator:ChaikaBohdan","animator:Vanir"],"picked":"animator:Elsword","floor":5.0},{"not_picked":["animator:Demiurge","animator:Cocytus"],"picked":"animator:PandorasActor","floor":7.0},{"not_picked":["animator:Fredrika","animator:ShinjiMatou"],"picked":"animator:DolaSchwi","floor":10.0},{"not_picked":["animator:Yoichi","animator:Assassin"],"picked":"animator:Layla","floor":11.0},{"not_picked":["animator:Genos","animator:MumenRider"],"picked":"animator:Darkness","floor":12.0},{"not_picked":["animator:Verdia","animator:Mitsurugi"],"picked":"animator:Megumin","floor":14.0},{"not_picked":["animator:Guren","animator:FeridBathory"],"picked":"animator:Hans","floor":16.0},{"not_picked":["animator:Sebas+1","animator:Ara"],"picked":"animator:Vanir+1","floor":18.0},{"not_picked":["animator:Genos","animator:ChaikaBohdan"],"picked":"animator:Demiurge+1","floor":23.0},{"not_picked":["animator:Yoichi","animator:HiiragiShinya"],"picked":"animator:MumenRider","floor":27.0},{"not_picked":["animator:Aqua","animator:Vanir"],"picked":"animator:Verdia","floor":31.0},{"not_picked":["animator:Wiz","animator:ChaikaTrabant"],"picked":"animator:Eve","floor":33.0},{"not_picked":["animator:DolaCouronne","animator:IzunaHatsuse"],"picked":"animator:Ciel","floor":35.0},{"not_picked":["animator:Elsword+1","animator:Tatsumaki+1"],"picked":"animator:Mitsuba+1","floor":36.0},{"not_picked":["animator:Demiurge","animator:ChlammyZell"],"picked":"animator:ChaikaBohdan+1","floor":37.0},{"not_picked":["animator:Sebas+1","animator:MumenRider+1"],"picked":"animator:Gilgamesh","floor":39.0},{"not_picked":["animator:Kazuma","animator:Darkness"],"picked":"animator:Megumin","floor":41.0},{"not_picked":["animator:SilverFang+1","animator:Shinoa"],"picked":"animator:Lancer","floor":42.0},{"not_picked":["animator:Guren","animator:Chung"],"picked":"animator:Alexander","floor":45.0},{"not_picked":["animator:Tatsumaki+1","animator:Berserker+1"],"picked":"animator:Mitsurugi","floor":47.0},{"not_picked":["animator:ShinjiMatou","animator:Caster"],"picked":"animator:Archer","floor":48.0}],"player_experience":321191,"relics_obtained":[{"floor":2.0,"key":"Unceasing Top"},{"floor":7.0,"key":"Old Coin"},{"floor":9.0,"key":"animator:ShionDessert"},{"floor":11.0,"key":"Shuriken"},{"floor":19.0,"key":"Nilry\u0027s Codex"},{"floor":26.0,"key":"Calipers"},{"floor":31.0,"key":"Paper Frog"},{"floor":34.0,"key":"Regal Pillow"},{"floor":34.0,"key":"InkBottle"},{"floor":34.0,"key":"animator:HallowedScabbard"},{"floor":37.0,"key":"animator:AlchemistGlove"},{"floor":43.0,"key":"Letter Opener"},{"floor":44.0,"key":"White Beast Statue"}],"event_choices":[{"damage_healed":0.0,"max_hp_gain":0.0,"max_hp_loss":0.0,"gold_gain":0.0,"event_name":"The Cleric","player_choice":"Leave","floor":3.0,"gold_loss":0.0,"damage_taken":0.0},{"damage_healed":0.0,"max_hp_gain":0.0,"max_hp_loss":0.0,"gold_gain":0.0,"event_name":"Cursed Tome","player_choice":"Obtained Book","floor":19.0,"gold_loss":0.0,"damage_taken":16.0},{"damage_healed":0.0,"max_hp_gain":0.0,"max_hp_loss":0.0,"gold_gain":0.0,"event_name":"The Mausoleum","player_choice":"Opened","floor":20.0,"gold_loss":0.0,"damage_taken":0.0,"relics_obtained":["Meat on the Bone"],"cards_obtained":["Writhe"]},{"damage_healed":0.0,"max_hp_gain":0.0,"max_hp_loss":0.0,"gold_gain":0.0,"event_name":"Drug Dealer","player_choice":"Inject Mutagens","floor":22.0,"gold_loss":0.0,"damage_taken":0.0,"relics_obtained":["MutagenicStrength"]},{"damage_healed":0.0,"max_hp_gain":0.0,"max_hp_loss":0.0,"gold_gain":0.0,"event_name":"Back to Basics","player_choice":"Simplicity","floor":24.0,"gold_loss":0.0,"damage_taken":0.0,"cards_upgraded":["animator:Strike_Konosuba","animator:Defend_Konosuba","animator:Strike","animator:Strike","animator:Strike","animator:Defend","animator:Defend","animator:Defend"]},{"damage_healed":0.0,"max_hp_gain":0.0,"max_hp_loss":0.0,"gold_gain":0.0,"event_name":"MindBloom","player_choice":"Fight","floor":37.0,"gold_loss":0.0,"damage_taken":0.0},{"damage_healed":0.0,"max_hp_gain":0.0,"max_hp_loss":0.0,"gold_gain":0.0,"event_name":"Tomb of Lord Red Mask","player_choice":"Ignored","floor":38.0,"gold_loss":0.0,"damage_taken":0.0}],"is_beta":false,"boss_relics":[{"not_picked":["Philosopher\u0027s Stone","Velvet Choker","Sozu"]},{"not_picked":["Empty Cage","Mark of Pain"],"picked":"Calling Bell"}],"items_purged_floors":[21],"is_endless":false,"potions_floor_spawned":[1,5,10,14,27,33,39,41,42,45,47,48],"killed_by":"Awakened One","ascension_level":0}}