{"host":"ss2ocoam53r2lno0","time":1611610896,"event":{"mods":["Act Like it!","BaseMod","ChefMod","Clockwork Mod","Colored Powertips","Curses Come First","Displayed Cursed Tome","Downfall","Evolution","Googly Eyes","Hallownest","Highlight Path","Minty Spire (QoL Compilation)","Poor People Problems","Rare Cards Sparkle","Robot Space Explorer","Shade Mod","Shop Mod","Spicy Shops","StSLib","The Marked"],"gold_per_floor":[117,42,53,53,67,67,86,156,205,205,224,184,184,184,184,279,279,302,2,2,23,41,56,99,99,99,99,133,133,133,171,171,264,264,279,169,192,212,125,161,185,221,268,309,327,327,208,226,226,226],"floor_reached":51,"language":"ENG","playtime":4412,"items_purged":["Clockwork:Shield","Clockwork:SnapKeep","Clockwork:Tinker+1"],"score":1828,"play_id":"5acad918-7347-4817-b194-cf856b55ef28","local_time":"20210125224136","is_ascension_mode":true,"campfire_choices":[{"data":"Clockwork:Tinker","floor":6.0,"key":"SMITH"},{"data":"Clockwork:Shield","floor":13.0,"key":"SMITH"},{"data":"Clockwork:SnapKeep","floor":15.0,"key":"SMITH"},{"data":"Clockwork:SnapKeep","floor":25,"key":"SMITH"},{"data":"Clockwork:WarmUp","floor":27,"key":"SMITH"},{"data":"Clockwork:Shield","floor":32,"key":"SMITH"}],"circlet_count":0,"master_deck":["AscendersBane","Clockwork:SnapKeep+1","Clockwork:SnapKeep+1","Clockwork:Shield+1","Clockwork:WarmUp+1","Clockwork:PerfectForm+1","Clockwork:Clone"],"relics":["Clockwork:MomentumEngine","EVO:Axolotl","Frozen Egg 2","Bag of Preparation","Golden Idol","Coffee Dripper","Membership Card","Lantern","MealTicket","Clockwork:BreathingRoom","Letter Opener","MutagenicStrength","InkBottle","Fusion Hammer","Calipers","Happy Flower","Regal Pillow","Singing Bowl","sneckomod:BlankCard","Anchor"],"acts_visited":["Exordium","TheCity","TheBeyond"],"potions_floor_usage":[16,40],"damage_taken":[{"damage":0.0,"enemies":"Cultist","floor":1.0,"turns":5.0},{"damage":0.0,"enemies":"Jaw Worm","floor":3.0,"turns":8.0},{"damage":0.0,"enemies":"Small Slimes","floor":5.0,"turns":6.0},{"damage":0.0,"enemies":"2 Fungi Beasts","floor":7.0,"turns":6.0},{"damage":0.0,"enemies":"Blue Slaver","floor":11.0,"turns":7.0},{"damage":1.0,"enemies":"Exordium Thugs","floor":12.0,"turns":10.0},{"damage":32,"enemies":"Hexaghost","floor":16,"turns":13},{"damage":0,"enemies":"Chosen","floor":18,"turns":5},{"damage":2,"enemies":"Spheric Guardian","floor":21,"turns":3},{"damage":0,"enemies":"Snake Plant","floor":22,"turns":4},{"damage":0,"enemies":"Centurion and Healer","floor":23,"turns":3},{"damage":0,"enemies":"Book of Stabbing","floor":24,"turns":3},{"damage":0,"enemies":"Gremlin Leader","floor":28,"turns":3},{"damage":0,"enemies":"Book of Stabbing","floor":31,"turns":3},{"damage":0,"enemies":"Automaton","floor":33,"turns":5},{"damage":0,"enemies":"3 Darklings","floor":35,"turns":3},{"damage":0,"enemies":"Orb Walker","floor":37,"turns":3},{"damage":11,"enemies":"Sphere and 2 Shapes","floor":38,"turns":3},{"damage":0,"enemies":"Reptomancer","floor":40,"turns":3},{"damage":0,"enemies":"Maw","floor":41,"turns":3},{"damage":0,"enemies":"Giant Head","floor":42,"turns":3},{"damage":8,"enemies":"Reptomancer","floor":44,"turns":3},{"damage":0,"enemies":"Spire Growth","floor":45,"turns":2},{"damage":0,"enemies":"4 Shapes","floor":48,"turns":2},{"damage":0,"enemies":"Time Eater","floor":50,"turns":3}],"seed_played":"-6558610319700261873","potions_obtained":[{"floor":1.0,"key":"Block Potion"},{"floor":12.0,"key":"sneckomod:MuddlingPotion"},{"floor":18,"key":"LiquidMemories"},{"floor":40,"key":"EssenceOfSteel"},{"floor":45,"key":"SkillPotion"}],"is_trial":false,"path_per_floor":["M","$","M","?","M","R","M","T","T","?","M","M","R","?","R","B",null,"M","$","?","M","M","M","E","R","T","R","E","?","?","E","R","B",null,"M","?","M","M","$","E","M","E","T","E","M","R","$","M","R","B",null],"character_chosen":"CLOCKWORK","items_purchased":["Membership Card","Lantern","Calipers","Happy Flower","Clockwork:Clone"],"campfire_rested":0,"item_purchase_floors":[19,19,39,39,47],"current_hp_per_floor":[71,71,71,76,76,76,76,76,76,76,76,75,75,75,75,43,68,68,68,68,66,66,66,66,66,66,66,66,66,66,66,66,66,74,74,74,74,63,76,76,76,78,78,72,74,74,82,84,84,84],"gold":226,"neow_bonus":"REMOVE_CARD","is_daily":false,"chose_seed":false,"campfire_upgraded":6,"win_rate":0.0,"timestamp":1611610896,"path_taken":["M","$","M","?","M","R","M","?","T","?","?","M","R","?","R","BOSS","M","$","?","M","?","M","E","R","T","R","E","?","?","E","R","BOSS","M","?","M","M","?","E","M","E","T","E","?","R","$","M","R","BOSS"],"items_purchased_type":["Relic","Relic","Relic","Relic","Card"],"build_version":"2020-12-22","purchased_purges":3,"victory":true,"max_hp_per_floor":[79,79,79,84,84,84,84,84,84,84,84,84,84,76,76,76,76,76,76,76,76,76,76,76,76,76,76,76,76,76,76,76,76,76,76,76,76,76,76,76,76,78,78,80,82,82,82,84,84,84],"card_choices":[{"not_picked":["Clockwork:Scour","Clockwork:AdaptiveShield","Clockwork:SnapKeep"],"picked":"SKIP","floor":1.0},{"not_picked":["Clockwork:CogToss","Clockwork:Selectivity","Clockwork:ChargingBlade"],"picked":"SKIP","floor":3.0},{"not_picked":["Clockwork:Enhance","Clockwork:Redundancy","Clockwork:Minimalism"],"picked":"SKIP","floor":5.0},{"not_picked":["Clockwork:Selectivity","Clockwork:SnapKeep","Clockwork:ChargingBlade"],"picked":"SKIP","floor":7.0},{"not_picked":["Clockwork:ForgeStrike","Clockwork:CogToss","Clockwork:Friction"],"picked":"SKIP","floor":11.0},{"not_picked":["Clockwork:Scour","Clockwork:Friction","Clockwork:StasisBreak"],"picked":"SKIP","floor":12.0},{"not_picked":["Clockwork:ZeroPointEnergy+1","Clockwork:ReactiveNanites+1"],"picked":"Clockwork:PerfectForm+1","floor":16},{"not_picked":["Clockwork:Minimalism","Clockwork:ReserveSystems","Clockwork:ChargingShield"],"picked":"SKIP","floor":18},{"not_picked":["Clockwork:Selectivity+1","Clockwork:MechanicalMass+1","Clockwork:SnapKeep"],"picked":"SKIP","floor":21},{"not_picked":["Clockwork:Pluck","Clockwork:SystemScan+1","Clockwork:CogToss+1"],"picked":"SKIP","floor":22},{"not_picked":["Clockwork:QuantumStrike","Clockwork:Pluck","Clockwork:CogShield+1"],"picked":"SKIP","floor":23},{"not_picked":["Clockwork:AssemblyLine+1","Clockwork:CogToss","Clockwork:ElasticNanites+1"],"picked":"SKIP","floor":24},{"not_picked":["Clockwork:SearingStrike","Clockwork:Roundhouse","Clockwork:ReserveSystems"],"picked":"SKIP","floor":28},{"not_picked":["Clockwork:Redundancy","Clockwork:RampUp+1","Clockwork:Roundhouse"],"picked":"SKIP","floor":31},{"not_picked":["Clockwork:Enhance","Clockwork:Redundancy","Clockwork:SearchingStrike"],"picked":"SKIP","floor":35},{"not_picked":["Clockwork:Pluck+1","Clockwork:SystemScan","Clockwork:CogBarrier"],"picked":"SKIP","floor":37},{"not_picked":["Clockwork:Enhance","Clockwork:CogShield+1","Clockwork:Pluck"],"picked":"SKIP","floor":38},{"not_picked":["Clockwork:InertialShield","Clockwork:Minimalism","Clockwork:SpurOn"],"picked":"SKIP","floor":40},{"not_picked":["Clockwork:InertialShield","Clockwork:Minimalism","Clockwork:SpurOn"],"picked":"SKIP","floor":40},{"not_picked":["Clockwork:AssemblyLine+1","Clockwork:Downsize","Clockwork:CogToss"],"picked":"SKIP","floor":41},{"not_picked":["Clockwork:Improve","Clockwork:SpurOn","Clockwork:AdaptiveCannon+1"],"picked":"Singing Bowl","floor":42},{"not_picked":["Clockwork:Efficiency+1","Clockwork:ForgeStrike","Clockwork:AdaptiveCannon+1"],"picked":"Singing Bowl","floor":44},{"not_picked":["Clockwork:OccamsRazor+1","Clockwork:ForgeStrike","Clockwork:SpringShield"],"picked":"Singing Bowl","floor":45},{"not_picked":["Clockwork:ChargingBlade+1","Clockwork:TimeOut","Clockwork:Randomization"],"picked":"Singing Bowl","floor":48}],"player_experience":852208,"relics_obtained":[{"floor":8.0,"key":"Frozen Egg 2"},{"floor":9.0,"key":"Bag of Preparation"},{"floor":24,"key":"MealTicket"},{"floor":26,"key":"Clockwork:BreathingRoom"},{"floor":28,"key":"Letter Opener"},{"floor":31,"key":"InkBottle"},{"floor":40,"key":"Regal Pillow"},{"floor":42,"key":"Singing Bowl"},{"floor":43,"key":"sneckomod:BlankCard"},{"floor":44,"key":"Anchor"}],"event_choices":[{"damage_healed":0.0,"max_hp_gain":5.0,"max_hp_loss":0.0,"gold_gain":0.0,"event_name":"Big Fish","player_choice":"Donut","floor":4.0,"gold_loss":0.0,"damage_taken":0.0},{"cards_removed":["Clockwork:Shield"],"damage_healed":0.0,"max_hp_gain":0.0,"max_hp_loss":0.0,"gold_gain":0.0,"event_name":"Bonfire Elementals","player_choice":"Offered Basic","floor":10.0,"gold_loss":0.0,"damage_taken":0.0},{"damage_healed":0.0,"max_hp_gain":0.0,"max_hp_loss":8.0,"gold_gain":0.0,"event_name":"Golden Idol","player_choice":"Lose Max HP","floor":14.0,"gold_loss":0.0,"damage_taken":0.0,"relics_obtained":["Golden Idol"]},{"damage_healed":0,"gold_gain":0,"player_choice":"Ignored","damage_taken":0,"max_hp_gain":0,"max_hp_loss":0,"event_name":"Transmorgrifier","floor":20,"gold_loss":0},{"damage_healed":0,"gold_gain":0,"player_choice":"Inject Mutagens","damage_taken":0,"relics_obtained":["MutagenicStrength"],"max_hp_gain":0,"max_hp_loss":0,"event_name":"Drug Dealer","floor":29,"gold_loss":0},{"damage_healed":0,"gold_gain":0,"player_choice":"Ignored","damage_taken":0,"max_hp_gain":0,"max_hp_loss":0,"event_name":"Ghosts","floor":30,"gold_loss":0},{"cards_removed":["Clockwork:Shield"],"damage_healed":0,"gold_gain":0,"player_choice":"Removal","damage_taken":0,"max_hp_gain":0,"max_hp_loss":0,"event_name":"Designer","floor":36,"gold_loss":110}],"is_beta":false,"boss_relics":[{"not_picked":["Runic Pyramid","expansioncontent:StudyCardRelic"],"picked":"Coffee Dripper"},{"not_picked":["Philosopher\u0027s Stone","Calling Bell"],"picked":"Fusion Hammer"}],"items_purged_floors":[2,19,47],"is_endless":false,"potions_floor_spawned":[1,12,18,21,22,38,40,45,48],"ascension_level":18}}