{"host":"8xqrs3rh9uxfv7nb","time":1611583447,"event":{"mods":["AchievementEnabler","BaseMod","Colored Powertips","FruityMod","Minty Spire (QoL Compilation)","Permanent Neow","StSLib"],"gold_per_floor":[115,115,61,81,81,81,110,33,60,80,80,151,164,180,180,279,279,289,308,18,18,35,62,62,96,148,165,165,175,190,216,216,318,318,335,10,20,87,137,137,154,187,212,240,254,254,304,373,373,373,373,373,63,93,93],"floor_reached":56,"language":"ENG","playtime":7336,"items_purged":["Strike_P"],"score":1309,"play_id":"b37ce481-caef-4cb0-a12f-cb6bf85e4b5e","local_time":"20210125150407","is_ascension_mode":false,"campfire_choices":[{"data":"Flux","floor":6.0,"key":"SMITH"},{"data":"SiphonPower","floor":11.0,"key":"SMITH"},{"data":"Enigma","floor":15.0,"key":"SMITH"},{"floor":24.0,"key":"REST"},{"floor":28.0,"key":"REST"},{"floor":32.0,"key":"REST"},{"floor":40.0,"key":"REST"},{"floor":46,"key":"REST"},{"floor":49,"key":"RECALL"},{"data":"PowerOverwhelming","floor":52,"key":"SMITH"}],"circlet_count":0,"master_deck":["Strike_P","Strike_P","Strike_P","Defend_P","Defend_P","AstralHaze","Genesis","Surge","Flux+1","Anomaly","SiphonPower+1","Transference","Eureka","Enigma+1","ReflectionWard","Flicker+1","PlasmaWave","Vacuum+1","GravityWell","Irradiate","DisruptionField","Irradiate","GravityWell+1","Hypothesis+1","Creativity","NullStorm+1","MeteorShower+1","PowerOverwhelming+1","VoidRay+1","Flux+1","Parasite","EventHorizon+1","StrokeOfGenius","EventHorizon","Nebula","MagicMissile+1","VoidRay+1","EssenceDart+1","Disperse"],"relics":["Arcanosphere","Bag of Preparation","Odd Mushroom","Oddly Smooth Stone","Sozu","PreservedInsect","SsserpentHead","HornCleat","Prayer Wheel","Lantern","Ornamental Fan","Busted Crown","PaperPengwin","InkBottle","Whetstone","Torii","RodOfNegation","OrangePellets","Sundial","TungstenRod"],"acts_visited":["Exordium","TheCity","TheBeyond","TheEnding"],"potions_floor_usage":[],"damage_taken":[{"damage":2.0,"enemies":"Small Slimes","floor":1.0,"turns":4.0},{"damage":0.0,"enemies":"Cultist","floor":4.0,"turns":5.0},{"damage":2.0,"enemies":"The Mushroom Lair","floor":7.0,"turns":5.0},{"damage":3.0,"enemies":"Jaw Worm","floor":10.0,"turns":3.0},{"damage":12.0,"enemies":"Gremlin Gang","floor":13.0,"turns":4.0},{"damage":0.0,"enemies":"Large Slime","floor":14.0,"turns":6.0},{"damage":33.0,"enemies":"Hexaghost","floor":16.0,"turns":12.0},{"damage":8.0,"enemies":"Spheric Guardian","floor":18.0,"turns":5.0},{"damage":0.0,"enemies":"3 Byrds","floor":19.0,"turns":1.0},{"damage":38.0,"enemies":"Sentry and Sphere","floor":22.0,"turns":7.0},{"damage":9.0,"enemies":"Gremlin Leader","floor":23.0,"turns":4.0},{"damage":0.0,"enemies":"Book of Stabbing","floor":25.0,"turns":6.0},{"damage":3.0,"enemies":"Chosen and Byrds","floor":27.0,"turns":6.0},{"damage":9.0,"enemies":"Shelled Parasite and Fungi","floor":29.0,"turns":6.0},{"damage":4.0,"enemies":"Centurion and Healer","floor":30.0,"turns":6.0},{"damage":30.0,"enemies":"Slavers","floor":31.0,"turns":4.0},{"damage":1.0,"enemies":"Champ","floor":33.0,"turns":16.0},{"damage":16.0,"enemies":"Orb Walker","floor":35.0,"turns":4.0},{"damage":12.0,"enemies":"3 Shapes","floor":37.0,"turns":6.0},{"damage":0.0,"enemies":"Writhing Mass","floor":38.0,"turns":5.0},{"damage":20.0,"enemies":"Spire Growth","floor":41.0,"turns":6.0},{"damage":2.0,"enemies":"Giant Head","floor":42.0,"turns":6.0},{"damage":26,"enemies":"Reptomancer","floor":44,"turns":5},{"damage":6,"enemies":"Jaw Worm Horde","floor":45,"turns":3},{"damage":17,"enemies":"Maw","floor":48,"turns":7},{"damage":56,"enemies":"Donu and Deca","floor":50,"turns":8},{"damage":0,"enemies":"Shield and Spear","floor":54,"turns":1},{"damage":119,"enemies":"The Heart","floor":55,"turns":11}],"seed_played":"-7858508322494627885","potions_obtained":[{"floor":4.0,"key":"SteroidPotion"},{"floor":16.0,"key":"Strength Potion"}],"is_trial":false,"path_per_floor":["M","?","$","M","?","R","?","$","T","M","R","?","M","M","R","B",null,"M","M","$","?","M","E","R","E","T","M","R","M","M","E","R","B",null,"M","$","M","M","?","R","M","E","T","E","M","R","?","M","R","B",null,"R","$","E","B",null],"character_chosen":"THE_SEEKER","items_purchased":["Surge","SiphonPower","Vacuum","PreservedInsect","GravityWell","PaperPengwin","RodOfNegation","OrangePellets"],"campfire_rested":5,"item_purchase_floors":[3,8,20,20,20,36,53,53],"current_hp_per_floor":[73,73,73,73,73,73,71,71,71,68,68,68,56,56,56,23,75,67,67,67,67,29,20,42,42,42,39,61,52,48,18,40,39,75,59,59,47,47,47,69,49,47,47,21,15,37,37,75,75,19,75,75,75,75,36],"gold":93,"neow_bonus":"RANDOM_COMMON_RELIC","is_daily":false,"chose_seed":false,"campfire_upgraded":4,"win_rate":0.0,"timestamp":1611583447,"path_taken":["M","?","$","?","?","R","?","$","T","M","R","?","M","M","R","BOSS","M","M","$","?","M","E","R","E","T","M","R","M","M","E","R","BOSS","M","$","M","?","?","R","M","E","T","E","M","R","?","?","R","BOSS","R","$","E","BOSS"],"items_purchased_type":["Card","Card","Card","Relic","Card","Relic","Relic","Relic"],"build_version":"2020-12-22","purchased_purges":1,"victory":true,"max_hp_per_floor":[75,75,75,75,75,75,75,75,75,75,75,75,75,75,75,75,75,75,75,75,75,75,75,75,75,75,75,75,75,75,75,75,75,75,75,75,75,75,75,75,75,75,75,75,75,75,75,75,75,75,75,75,75,75,75],"card_choices":[{"not_picked":["Singularity","Wormhole"],"picked":"Genesis","floor":1.0},{"not_picked":["Syzygy","Flow"],"picked":"Flux","floor":4.0},{"not_picked":["EssenceDart","SiphonPower"],"picked":"Anomaly","floor":7.0},{"not_picked":["Retrograde","ArcaneArmor"],"picked":"Transference","floor":10.0},{"not_picked":["Corona","Singularity"],"picked":"Eureka","floor":13.0},{"not_picked":["VoidRay","PhaseCoil"],"picked":"Enigma","floor":14.0},{"not_picked":["Implosion","DimensionDoor"],"picked":"ReflectionWard","floor":16.0},{"not_picked":["Coalescence+1","Convergence"],"picked":"Flicker+1","floor":18.0},{"not_picked":["PulseBarrier","NullStorm"],"picked":"PlasmaWave","floor":19.0},{"not_picked":["Comet","Flicker+1"],"picked":"Irradiate","floor":22.0},{"not_picked":["Shimmer+1","SiphonSpeed"],"picked":"DisruptionField","floor":23.0},{"not_picked":["Flux","PlasmaWave"],"picked":"Irradiate","floor":25.0},{"not_picked":["EssenceDart","Channel"],"picked":"GravityWell+1","floor":27.0},{"not_picked":["Vacuum+1","DarkMatter+1"],"picked":"Hypothesis+1","floor":27.0},{"not_picked":["ThoughtRaze","ArcaneArmor","Retrograde"],"picked":"SKIP","floor":29.0},{"not_picked":["Irradiate","PulseBarrier","Flow"],"picked":"SKIP","floor":29.0},{"not_picked":["Convergence","EtherBlast"],"picked":"Creativity","floor":30.0},{"not_picked":["Flow","Transference"],"picked":"NullStorm+1","floor":30.0},{"not_picked":["Flux","Retrograde"],"picked":"MeteorShower","floor":31.0},{"not_picked":["ForceRipple","PeriaptOfPotency"],"picked":"PowerOverwhelming","floor":33.0},{"not_picked":[],"picked":"VoidRay+1","floor":35.0},{"not_picked":["Singularity+1"],"picked":"SKIP","floor":35.0},{"not_picked":[],"picked":"Flux+1","floor":37.0},{"not_picked":["Surge"],"picked":"SKIP","floor":37.0},{"not_picked":[],"picked":"EventHorizon+1","floor":38.0},{"not_picked":[],"picked":"StrokeOfGenius","floor":38.0},{"not_picked":[],"picked":"EventHorizon","floor":41.0},{"not_picked":["SiphonSpeed+1"],"picked":"SKIP","floor":41.0},{"not_picked":[],"picked":"Nebula","floor":42.0},{"not_picked":[],"picked":"MagicMissile+1","floor":44},{"not_picked":[],"picked":"VoidRay+1","floor":45},{"not_picked":["Retrograde+1"],"picked":"SKIP","floor":45},{"not_picked":[],"picked":"EssenceDart+1","floor":48},{"not_picked":["Brainstorm"],"picked":"SKIP","floor":48},{"not_picked":[],"picked":"Disperse","floor":54}],"player_experience":141502,"relics_obtained":[{"floor":7.0,"key":"Odd Mushroom"},{"floor":9.0,"key":"Oddly Smooth Stone"},{"floor":23.0,"key":"HornCleat"},{"floor":25.0,"key":"Prayer Wheel"},{"floor":26.0,"key":"Lantern"},{"floor":31.0,"key":"Ornamental Fan"},{"floor":42.0,"key":"InkBottle"},{"floor":44,"key":"Whetstone"},{"floor":54,"key":"Sundial"}],"event_choices":[{"cards_removed":["Defend_P"],"damage_healed":0.0,"max_hp_gain":0.0,"max_hp_loss":0.0,"gold_gain":0.0,"event_name":"Purifier","player_choice":"Purged","floor":2.0,"gold_loss":0.0,"damage_taken":0.0},{"damage_healed":0.0,"max_hp_gain":0.0,"max_hp_loss":0.0,"gold_gain":0.0,"event_name":"The Cleric","player_choice":"Leave","floor":5.0,"gold_loss":0.0,"damage_taken":0.0},{"damage_healed":0.0,"max_hp_gain":0.0,"max_hp_loss":0.0,"gold_gain":0.0,"event_name":"Mushrooms","player_choice":"Fought Mushrooms","floor":7.0,"gold_loss":0.0,"damage_taken":0.0},{"damage_healed":0.0,"max_hp_gain":0.0,"max_hp_loss":0.0,"gold_gain":71.0,"event_name":"Golden Wing","player_choice":"Gained Gold","floor":12.0,"gold_loss":0.0,"damage_taken":0.0},{"damage_healed":0.0,"max_hp_gain":0.0,"max_hp_loss":0.0,"gold_gain":0.0,"event_name":"FaceTrader","player_choice":"Trade","floor":21.0,"gold_loss":0.0,"damage_taken":0.0,"relics_obtained":["SsserpentHead"]},{"damage_healed":0.0,"max_hp_gain":0.0,"max_hp_loss":0.0,"gold_gain":0.0,"event_name":"Mysterious Sphere","player_choice":"Ignored","floor":39.0,"gold_loss":0.0,"damage_taken":0.0},{"cards_removed":["Defend_P"],"damage_healed":0,"gold_gain":0,"player_choice":"Purged","damage_taken":0,"max_hp_gain":0,"max_hp_loss":0,"event_name":"Purifier","floor":47,"gold_loss":0}],"is_beta":false,"boss_relics":[{"not_picked":["Fusion Hammer","Ectoplasm"],"picked":"Sozu"},{"not_picked":["Velvet Choker","Runic Pyramid"],"picked":"Busted Crown"}],"items_purged_floors":[36],"is_endless":false,"potions_floor_spawned":[4,16,18,25,27,30,41,44,45,48,54],"ascension_level":0}}