{"host":"9slw7l0ws16384qq","time":1611586343,"event":{"mods":["A Penny For Your Troubles","BaseMod","Clockwork Mod","Colored Map","Evolution","Hubris","Minty Spire (QoL Compilation)","Replay The Spire","Shedinja","StS++","StSLib","The Dragon Tamer","The Marked"],"gold_per_floor":[117,44,44,58,73,73,103,114,114,133,133,150,164,176,176,272,272,283,302,3,3,17,17,42,57,81,81,81,81,81,92,92,190,190,203,203,203,203,19,19,34,34,102,102,116,116,127,140,140,141],"floor_reached":51,"language":"FRA","playtime":1377,"items_purged":["Defend_B","Self Repair+1"],"score":596,"play_id":"fb76ae42-1628-4ea9-872c-2fe7cf764f2b","local_time":"20210125155223","is_ascension_mode":false,"campfire_choices":[{"data":"Barrage","floor":6,"key":"SMITH"},{"data":"Barrage","floor":11,"key":"SMITH"},{"floor":15,"key":"DIG"},{"data":"StSpp:Fierceness","floor":23,"key":"SMITH"},{"data":"StSpp:Saturation","floor":28,"key":"SMITH"},{"data":"Double Energy","floor":32,"key":"SMITH"},{"data":"StSpp:Cataclysm","floor":40,"key":"SMITH"},{"floor":42,"key":"RECALL"},{"floor":46,"key":"REST"}],"circlet_count":0,"master_deck":["Barrage+1","Barrage+1","Barrage+1","Barrage+1","Conserve Battery+1","Conserve Battery+1","Conserve Battery+1","Zap+1","FTL+1","Time Bomb+1","StSpp:Saturation+1","Electrodynamics+1","Glacier+1","StSpp:Fierceness+1","Double Energy+1","StSpp:Cataclysm+1","Reboot+1"],"relics":["Cracked Core","EVO:Axolotl","Ancient Tea Set","HornCleat","Juzu Bracelet","Busted Crown","Chemical X","StSpp:SailorCap","Blue Doll","hubris:Towel","Philosopher\u0027s Stone","Mark of the Bloom","Bottled Flame"],"acts_visited":["Exordium","TheCity","TheBeyond"],"potions_floor_usage":[50,50,50],"damage_taken":[{"damage":0,"enemies":"Jaw Worm","floor":1,"turns":2},{"damage":0,"enemies":"Cultist","floor":4,"turns":2},{"damage":0,"enemies":"Small Slimes","floor":5,"turns":3},{"damage":0,"enemies":"Gremlin Nob","floor":7,"turns":2},{"damage":1,"enemies":"Exordium Wildlife","floor":8,"turns":3},{"damage":0,"enemies":"Red Slaver","floor":10,"turns":3},{"damage":0,"enemies":"Blue Slaver","floor":12,"turns":3},{"damage":9,"enemies":"Large Slime","floor":13,"turns":2},{"damage":3,"enemies":"Exordium Wildlife","floor":14,"turns":2},{"damage":18,"enemies":"Fading Forest","floor":16,"turns":11},{"damage":8,"enemies":"2 Thieves","floor":18,"turns":3},{"damage":0,"enemies":"Shell Parasite","floor":19,"turns":3},{"damage":0,"enemies":"Snecko","floor":22,"turns":5},{"damage":0,"enemies":"Replay:Snechameleon","floor":24,"turns":4},{"damage":11,"enemies":"Sentry and Sphere","floor":25,"turns":4},{"damage":0,"enemies":"3 Cultists","floor":31,"turns":2},{"damage":21,"enemies":"Automaton","floor":33,"turns":5},{"damage":0,"enemies":"3 Shapes","floor":35,"turns":3},{"damage":0,"enemies":"Orb Walker","floor":41,"turns":2},{"damage":0,"enemies":"Spire Growth","floor":45,"turns":2},{"damage":0,"enemies":"Transient","floor":47,"turns":5},{"damage":0,"enemies":"Maw","floor":48,"turns":3},{"damage":21,"enemies":"Replay:Hell Engine","floor":50,"turns":3}],"seed_played":"2274315733376539855","potions_obtained":[{"floor":1,"key":"Elixir"},{"floor":7,"key":"AttackPotion"},{"floor":8,"key":"Cursed Concoction"},{"floor":13,"key":"Cursed Concoction"}],"is_trial":false,"path_per_floor":["M","$","?","M","M","R","E","M","T","M","R","M","M","M","R_BF","B",null,"M","M","$","?","M","R","E","M","T","?","R","?","?","M","R","B",null,"M","?","?","$","$","R","M","R","T","?","M","R","M","M","R_BF","B",null],"character_chosen":"DEFECT","items_purchased":["Time Bomb","Glacier","Chemical X","StSpp:Cataclysm"],"campfire_rested":1,"item_purchase_floors":[2,20,20,39],"current_hp_per_floor":[82,82,82,82,82,82,82,81,81,82,82,82,80,77,77,74,82,81,82,82,82,82,82,82,78,78,78,78,78,78,82,82,68,82,82,82,82,82,82,82,82,82,82,82,82,82,82,82,82,61],"gold":141,"neow_bonus":"TEN_PERCENT_HP_BONUS","is_daily":false,"chose_seed":false,"campfire_upgraded":6,"win_rate":0.0,"timestamp":1611586343,"path_taken":["M","$","?","M","M","R","E","M","T","M","R","M","M","?","R_BF","BOSS","M","M","$","?","M","R","E","M","T","?","R","?","?","M","R","BOSS","M","?","?","?","$","R","M","R","T","?","M","R","M","M","R_BF","BOSS"],"items_purchased_type":["Card","Card","Relic","Card"],"build_version":"2020-12-22","purchased_purges":2,"victory":true,"max_hp_per_floor":[82,82,82,82,82,82,82,82,82,82,82,82,82,82,82,82,82,82,82,82,82,82,82,82,82,82,82,82,82,82,82,82,82,82,82,82,82,82,82,82,82,82,82,82,82,82,82,82,82,82],"card_choices":[{"not_picked":["Steam Power","Steam"],"picked":"FTL","floor":1},{"not_picked":["Steam","Darkness","Cold Snap"],"picked":"SKIP","floor":4},{"not_picked":["Redo","ReplaySolidLightProjector","Recycle"],"picked":"SKIP","floor":5},{"not_picked":["ReplayTheSpireMod:GoodbyeWorld","Recycle","Compile Driver"],"picked":"SKIP","floor":7},{"not_picked":["Barrage","BootSequence"],"picked":"Self Repair","floor":8},{"not_picked":["Conserve Battery","StSpp:TargetLocked","Go for the Eyes"],"picked":"SKIP","floor":10},{"not_picked":["ReplayGash","Skim"],"picked":"StSpp:Saturation","floor":12},{"not_picked":["BasicCrystalCard","Consume","Beam Cell"],"picked":"SKIP","floor":13},{"not_picked":["ReplayTheSpireMod:Reroute Power","Go for the Eyes","BasicCrystalCard"],"picked":"SKIP","floor":14},{"not_picked":["ReplayRNGCard","Fission"],"picked":"Electrodynamics","floor":16},{"not_picked":["Conserve Battery"],"picked":"SKIP","floor":18},{"not_picked":["Recycle"],"picked":"SKIP","floor":19},{"not_picked":[],"picked":"StSpp:Fierceness","floor":22},{"not_picked":["Barrage"],"picked":"SKIP","floor":24},{"not_picked":["ReplayTheSpireMod:GoodbyeWorld"],"picked":"SKIP","floor":25},{"not_picked":["Stack"],"picked":"SKIP","floor":31},{"not_picked":["Rebound"],"picked":"SKIP","floor":35},{"not_picked":["StSpp:TargetLocked"],"picked":"SKIP","floor":41},{"not_picked":["Leap+1"],"picked":"SKIP","floor":45},{"not_picked":["Redo+1"],"picked":"SKIP","floor":47},{"not_picked":[],"picked":"Reboot","floor":48}],"player_experience":1789146,"relics_obtained":[{"floor":7,"key":"Ancient Tea Set"},{"floor":9,"key":"HornCleat"},{"floor":15,"key":"Juzu Bracelet"},{"floor":24,"key":"StSpp:SailorCap"},{"floor":26,"key":"Blue Doll"},{"floor":43,"key":"Bottled Flame"}],"event_choices":[{"damage_healed":0,"gold_gain":0,"player_choice":"Ignored","damage_taken":0,"max_hp_gain":0,"max_hp_loss":0,"event_name":"N\u0027loth","floor":21,"gold_loss":0},{"damage_healed":0,"gold_gain":0,"player_choice":"Read","damage_taken":0,"max_hp_gain":0,"max_hp_loss":0,"event_name":"The Library","floor":29,"gold_loss":0,"cards_obtained":["Double Energy"]},{"damage_healed":0,"gold_gain":0,"player_choice":"Ignored","damage_taken":0,"max_hp_gain":0,"max_hp_loss":0,"event_name":"Vampires","floor":30,"gold_loss":0},{"damage_healed":0,"gold_gain":0,"player_choice":"Ignored","damage_taken":0,"max_hp_gain":0,"max_hp_loss":0,"event_name":"Tomb of Lord Red Mask","floor":36,"gold_loss":0},{"damage_healed":0,"gold_gain":0,"player_choice":"Upgrade","damage_taken":0,"relics_obtained":["Mark of the Bloom"],"max_hp_gain":0,"max_hp_loss":0,"event_name":"MindBloom","floor":37,"gold_loss":0,"cards_upgraded":["Barrage","Barrage","Conserve Battery","Conserve Battery","Conserve Battery","Zap","FTL","Time Bomb","Self Repair","Electrodynamics","Glacier"]},{"damage_healed":0,"gold_gain":0,"player_choice":"Ignored","damage_taken":0,"max_hp_gain":0,"max_hp_loss":0,"event_name":"Transmorgrifier","floor":44,"gold_loss":0}],"is_beta":false,"boss_relics":[{"not_picked":["Replay:Wanted Poster","Replay:Bronze Core"],"picked":"Busted Crown"},{"not_picked":["Black Star","ChewingGum"],"picked":"Philosopher\u0027s Stone"}],"items_purged_floors":[20,39],"is_endless":false,"potions_floor_spawned":[1,7,8,13,16,19,22,24,25,48],"ascension_level":0}}