{"host":"z9811rt50ti81n54","time":1611550723,"event":{"mods":["BaseMod","Better Match","Better Skull","Better Third Choice","Minty Spire (QoL Compilation)","Permanent Neow","StSLib","SuperFastMode"],"gold_per_floor":[211,67,80,134,144,144,144,154,223,223,238,253,253,269,269,372,372,388,488,507,507,541,541,552,562,562,487,40,40,40,59,59,162,162,172,8,8,8,8,8,58,73,73,87,101,323,342,73,73,73],"floor_reached":51,"language":"ENG","playtime":1460,"items_purged":["Strike_G+1","Parasite"],"score":739,"play_id":"0147db5e-b591-40a7-8d0c-8973fc7d6e74","local_time":"20210125135843","is_ascension_mode":false,"campfire_choices":[{"data":"Adrenaline","floor":6,"key":"SMITH"},{"data":"Neutralize","floor":10,"key":"SMITH"},{"data":"Crippling Poison","floor":15,"key":"SMITH"},{"floor":23,"key":"RECALL"},{"floor":30,"key":"REST"},{"floor":32,"key":"REST"},{"floor":40,"key":"REST"},{"floor":49,"key":"REST"}],"circlet_count":0,"master_deck":["Defend_G+1","Defend_G+1","Defend_G+1","Defend_G+1","Defend_G+1","Survivor","Neutralize+1","Crippling Poison+1","Wraith Form v2","Cloak And Dagger","Adrenaline+1","Endless Agony","All Out Attack","Predator","Deadly Poison","Escape Plan","Crippling Poison","Infinite Blades","Corpse Explosion","Sucker Punch+1","PiercingWail","Doppelganger","Footwork","PiercingWail+1","Apotheosis","Apotheosis","Backflip","After Image","Flechettes+1","Night Terror+1","Deadly Poison+1","Blur","Venomology","Apotheosis","Dark Shackles","Forethought","Prepared+1","Bullet Time","Tools of the Trade","Terror","Acrobatics"],"relics":["Ring of the Snake","Orrery","Paper Crane","Fusion Hammer","Red Mask","Bottled Lightning","Nloth\u0027s Gift","Astrolabe","The Specimen","Blue Candle","ClockworkSouvenir"],"acts_visited":["Exordium","TheCity","TheBeyond"],"potions_floor_usage":[20,33,33,41,41,41,42,44,50,50],"damage_taken":[{"damage":1,"enemies":"Cultist","floor":1,"turns":4},{"damage":4,"enemies":"Jaw Worm","floor":3,"turns":4},{"damage":0,"enemies":"2 Louse","floor":5,"turns":1},{"damage":0,"enemies":"Looter","floor":8,"turns":2},{"damage":0,"enemies":"Lots of Slimes","floor":11,"turns":1},{"damage":0,"enemies":"Large Slime","floor":12,"turns":3},{"damage":0,"enemies":"3 Louse","floor":14,"turns":1},{"damage":25,"enemies":"The Guardian","floor":16,"turns":10},{"damage":0,"enemies":"Chosen","floor":18,"turns":4},{"damage":0,"enemies":"2 Thieves","floor":20,"turns":3},{"damage":0,"enemies":"Masked Bandits","floor":22,"turns":1},{"damage":0,"enemies":"3 Cultists","floor":24,"turns":3},{"damage":4,"enemies":"Snecko","floor":25,"turns":4},{"damage":2,"enemies":"Centurion and Healer","floor":31,"turns":4},{"damage":27,"enemies":"Champ","floor":33,"turns":14},{"damage":4,"enemies":"Orb Walker","floor":35,"turns":3},{"damage":0,"enemies":"Mind Bloom Boss Battle","floor":41,"turns":7},{"damage":1,"enemies":"3 Darklings","floor":42,"turns":2},{"damage":25,"enemies":"Transient","floor":44,"turns":5},{"damage":12,"enemies":"4 Shapes","floor":45,"turns":3},{"damage":0,"enemies":"Writhing Mass","floor":47,"turns":5},{"damage":6,"enemies":"Donu and Deca","floor":50,"turns":9}],"seed_played":"5618528314082394955","potions_obtained":[{"floor":5,"key":"Block Potion"},{"floor":8,"key":"Energy Potion"},{"floor":18,"key":"Dexterity Potion"},{"floor":25,"key":"Poison Potion"},{"floor":41,"key":"SpeedPotion"}],"is_trial":false,"path_per_floor":["M","$","M","?","M","R","?","M","T","R","M","M","?","M","R","B",null,"M","?","M","?","?","R","M","M","T","?","$","?","R","M","R","B",null,"M","$","?","?","$","R","?","M","T","M","M","?","M","$","R","B",null],"character_chosen":"THE_SILENT","items_purchased":["Orrery","Apotheosis","DollysMirror","Backflip","Venomology","ClockworkSouvenir","Acrobatics"],"campfire_rested":4,"item_purchase_floors":[2,28,28,28,36,48,48],"current_hp_per_floor":[69,69,65,65,65,65,65,65,65,65,65,65,70,70,70,45,75,75,75,75,75,75,75,75,71,71,71,71,71,75,73,75,48,75,71,71,61,61,61,75,75,74,74,49,37,37,37,37,58,52],"gold":73,"neow_bonus":"HUNDRED_GOLD","is_daily":false,"chose_seed":false,"campfire_upgraded":3,"win_rate":0.0,"timestamp":1611550723,"path_taken":["M","$","?","?","M","R","?","?","T","R","M","M","?","M","R","BOSS","M","?","?","?","?","R","M","M","T","?","$","?","R","M","R","BOSS","M","?","?","?","$","R","?","M","T","M","M","?","M","?","R","BOSS"],"items_purchased_type":["Relic","Card","Relic","Card","Card","Relic","Card"],"build_version":"2020-12-22","purchased_purges":2,"victory":true,"max_hp_per_floor":[70,70,70,70,70,70,70,70,70,70,70,70,75,75,75,75,75,75,75,75,75,75,75,75,75,75,75,75,75,75,75,75,75,75,75,75,75,75,75,75,75,75,75,75,75,75,75,72,72,72],"card_choices":[{"not_picked":["PiercingWail","Cloak And Dagger"],"picked":"Crippling Poison","floor":1},{"not_picked":["Acrobatics","Bouncing Flask"],"picked":"Wraith Form v2","floor":2},{"not_picked":["Quick Slash","Poisoned Stab"],"picked":"Cloak And Dagger","floor":2},{"not_picked":["Blur","Reflex"],"picked":"Die Die Die","floor":2},{"not_picked":["Bouncing Flask","Finisher"],"picked":"Adrenaline","floor":2},{"not_picked":["Dagger Spray","Sucker Punch"],"picked":"Endless Agony","floor":2},{"not_picked":["Caltrops","Sucker Punch"],"picked":"All Out Attack","floor":3},{"not_picked":["Escape Plan","Leg Sweep"],"picked":"Predator","floor":5},{"not_picked":["Accuracy","Predator"],"picked":"Deadly Poison","floor":8},{"not_picked":["Blade Dance","PiercingWail"],"picked":"Escape Plan","floor":11},{"not_picked":["Distraction","Acrobatics"],"picked":"Crippling Poison","floor":12},{"not_picked":["Poisoned Stab","Slice"],"picked":"Infinite Blades","floor":14},{"not_picked":["Burst","Unload"],"picked":"Corpse Explosion","floor":16},{"not_picked":["Noxious Fumes","Prepared"],"picked":"Sucker Punch+1","floor":18},{"not_picked":["Dagger Throw","Backstab"],"picked":"PiercingWail","floor":20},{"not_picked":["Dash","Finisher"],"picked":"Doppelganger","floor":24},{"not_picked":["Slice","Blade Dance+1"],"picked":"Footwork","floor":25},{"not_picked":["Deflect+1","Slice+1"],"picked":"PiercingWail+1","floor":27},{"not_picked":["Quick Slash","Tactician","Setup"],"picked":"SKIP","floor":31},{"not_picked":["Glass Knife","Storm of Steel"],"picked":"After Image","floor":33},{"not_picked":["Prepared","Outmaneuver"],"picked":"Blur","floor":35},{"not_picked":["Deep Breath","Swift Strike"],"picked":"Apotheosis","floor":37},{"not_picked":["Sadistic Nature","Discovery"],"picked":"Dark Shackles","floor":37},{"not_picked":["Swift Strike","HandOfGreed"],"picked":"Forethought","floor":37},{"not_picked":["Cloak And Dagger+1","Underhanded Strike+1"],"picked":"Prepared+1","floor":42},{"not_picked":["Flying Knee","Well Laid Plans"],"picked":"Bullet Time","floor":44},{"not_picked":["Dagger Spray+1","Flying Knee+1"],"picked":"Tools of the Trade","floor":45},{"not_picked":["Poisoned Stab","Dagger Spray"],"picked":"Terror","floor":47}],"player_experience":411029,"relics_obtained":[{"floor":9,"key":"Paper Crane"},{"floor":22,"key":"Red Mask"},{"floor":26,"key":"Bottled Lightning"},{"floor":41,"key":"The Specimen"},{"floor":43,"key":"Blue Candle"}],"event_choices":[{"damage_healed":0,"gold_gain":54,"player_choice":"Gained Gold","damage_taken":0,"max_hp_gain":0,"max_hp_loss":0,"event_name":"Golden Wing","floor":4,"gold_loss":0},{"cards_removed":["Strike_G"],"damage_healed":0,"gold_gain":0,"player_choice":"Purged","damage_taken":0,"max_hp_gain":0,"max_hp_loss":0,"event_name":"Purifier","floor":7,"gold_loss":0},{"damage_healed":0,"gold_gain":0,"player_choice":"Donut","damage_taken":0,"max_hp_gain":5,"max_hp_loss":0,"event_name":"Big Fish","floor":13,"gold_loss":0},{"damage_healed":0,"gold_gain":100,"player_choice":"Pray","damage_taken":0,"max_hp_gain":0,"max_hp_loss":0,"event_name":"Golden Shrine","floor":19,"gold_loss":0},{"damage_healed":0,"gold_gain":0,"player_choice":"Simplicity","damage_taken":0,"max_hp_gain":0,"max_hp_loss":0,"event_name":"Back to Basics","floor":21,"gold_loss":0,"cards_upgraded":["Strike_G","Strike_G","Strike_G","Strike_G","Defend_G","Defend_G","Defend_G","Defend_G","Defend_G"]},{"damage_healed":0,"gold_gain":0,"player_choice":"Fought Bandits","damage_taken":0,"max_hp_gain":0,"max_hp_loss":0,"event_name":"Masked Bandits","floor":22,"gold_loss":0},{"damage_healed":0,"gold_gain":0,"player_choice":"2","damage_taken":0,"max_hp_gain":0,"max_hp_loss":0,"event_name":"betterMatch:BetterMatch","floor":27,"gold_loss":0,"cards_obtained":["betterMatch:CommonCard"]},{"damage_healed":0,"gold_gain":0,"player_choice":"Traded Relic","damage_taken":0,"relics_obtained":["Nloth\u0027s Gift"],"max_hp_gain":0,"max_hp_loss":0,"event_name":"N\u0027loth","floor":29,"relics_lost":["DollysMirror"],"gold_loss":0},{"damage_healed":0,"gold_gain":0,"player_choice":"Memory 3","damage_taken":10,"max_hp_gain":0,"max_hp_loss":0,"event_name":"SensoryStone","floor":37,"gold_loss":0},{"cards_removed":["Die Die Die"],"damage_healed":0,"gold_gain":0,"player_choice":"Removed Attack","damage_taken":0,"max_hp_gain":0,"max_hp_loss":0,"event_name":"Falling","floor":38,"gold_loss":0},{"damage_healed":0,"gold_gain":0,"player_choice":"Fight","damage_taken":0,"max_hp_gain":0,"max_hp_loss":0,"event_name":"MindBloom","floor":41,"gold_loss":0},{"damage_healed":0,"gold_gain":222,"player_choice":"Wore Mask","damage_taken":0,"max_hp_gain":0,"max_hp_loss":0,"event_name":"Tomb of Lord Red Mask","floor":46,"gold_loss":0}],"is_beta":false,"boss_relics":[{"not_picked":["Calling Bell","SacredBark"],"picked":"Fusion Hammer"},{"not_picked":["Busted Crown","Black Star"],"picked":"Astrolabe"}],"items_purged_floors":[28,48],"is_endless":false,"potions_floor_spawned":[5,8,18,25,41,47],"ascension_level":0}}