{"host":"xmrw7jl1ir2912vf","time":1611536741,"event":{"mods":["BaseMod","Minty Spire (QoL Compilation)"],"gold_per_floor":[14,14,30,30,30,30,46,46,98,119,119,197,197,211,211,302,302,317,340,340,353,376,417,17,50,50,50,50,50,70,95,95,184,184,203,183,207,207,207,207,231,274,274,274,274,305,305,40,40,40,40,40,40,40,40],"floor_reached":54,"language":"ENG","playtime":2662,"items_purged":["Strike_R"],"score":1225,"play_id":"6b2426c8-4d39-4e71-bc30-18bab7a20f22","local_time":"20210124200541","is_ascension_mode":true,"campfire_choices":[{"data":"1","floor":6,"key":"LIFT"},{"data":"2","floor":8,"key":"LIFT"},{"data":"Sword Boomerang","floor":11,"key":"SMITH"},{"floor":15,"key":"REST"},{"data":"3","floor":27,"key":"LIFT"},{"data":"Heavy Blade","floor":29,"key":"SMITH"},{"floor":32,"key":"REST"},{"floor":40,"key":"RECALL"},{"data":"Inflame","floor":45,"key":"SMITH"},{"data":"Disarm","floor":49,"key":"SMITH"},{"data":"Brutality","floor":52,"key":"SMITH"}],"circlet_count":0,"master_deck":["AscendersBane","Strike_R+1","Strike_R+1","Strike_R+1","Defend_R+1","Defend_R+1","Defend_R+1","Defend_R+1","Bash","Inflame+1","Anger","Sword Boomerang+1","Pommel Strike","Rampage","Heavy Blade+1","Brutality+1","Disarm+1","Shockwave","Spot Weakness+1","Shockwave+1","Shrug It Off","Dual Wield","Headbutt","Reaper","Dropkick","Headbutt","Warcry+1","Rupture+1","Rupture+1","Rupture+1","Dropkick","Dropkick"],"relics":["Burning Blood","Girya","Golden Idol","MealTicket","Velvet Choker","MutagenicStrength","Pantograph","Medical Kit","Toy Ornithopter","Turnip","Cursed Key","Frozen Egg 2","Charon\u0027s Ashes","Orrery"],"acts_visited":["Exordium","TheCity","TheBeyond","TheEnding"],"potions_floor_usage":[12,16,16,22,23,24,25,33,38,42,44,50,50],"damage_taken":[{"damage":1,"enemies":"Cultist","floor":1,"turns":3},{"damage":6,"enemies":"Jaw Worm","floor":3,"turns":4},{"damage":0,"enemies":"2 Louse","floor":7,"turns":2},{"damage":6,"enemies":"Exordium Wildlife","floor":10,"turns":2},{"damage":20,"enemies":"3 Sentries","floor":12,"turns":6},{"damage":0,"enemies":"Large Slime","floor":14,"turns":3},{"damage":33,"enemies":"The Guardian","floor":16,"turns":7},{"damage":4,"enemies":"Chosen","floor":18,"turns":3},{"damage":12,"enemies":"3 Byrds","floor":19,"turns":4},{"damage":18,"enemies":"Snake Plant","floor":21,"turns":4},{"damage":9,"enemies":"Cultist and Chosen","floor":22,"turns":4},{"damage":20,"enemies":"Slavers","floor":23,"turns":3},{"damage":29,"enemies":"Book of Stabbing","floor":25,"turns":4},{"damage":4,"enemies":"3 Cultists","floor":30,"turns":4},{"damage":9,"enemies":"Centurion and Healer","floor":31,"turns":3},{"damage":69,"enemies":"Collector","floor":33,"turns":7},{"damage":14,"enemies":"3 Shapes","floor":35,"turns":5},{"damage":10,"enemies":"3 Darklings","floor":37,"turns":3},{"damage":0,"enemies":"Spire Growth","floor":38,"turns":1},{"damage":3,"enemies":"Maw","floor":41,"turns":6},{"damage":26,"enemies":"Reptomancer","floor":42,"turns":6},{"damage":55,"enemies":"Giant Head","floor":44,"turns":6},{"damage":24,"enemies":"Mind Bloom Boss Battle","floor":46,"turns":5},{"damage":99,"enemies":"Time Eater","floor":50,"turns":8},{"damage":77,"enemies":"Shield and Spear","floor":54,"turns":3}],"seed_played":"-1334851097194298554","potions_obtained":[{"floor":7,"key":"Weak Potion"},{"floor":10,"key":"Ancient Potion"},{"floor":12,"key":"Strength Potion"},{"floor":14,"key":"SkillPotion"},{"floor":19,"key":"DuplicationPotion"},{"floor":21,"key":"ColorlessPotion"},{"floor":22,"key":"SmokeBomb"},{"floor":31,"key":"Weak Potion"},{"floor":35,"key":"Block Potion"},{"floor":42,"key":"SmokeBomb"},{"floor":46,"key":"Swift Potion"}],"is_trial":false,"path_per_floor":["M","?","M","?","$","R","M","R","T","M","R","?","?","M","R","B",null,"M","M","?","M","M","E","$","E","T","R","?","R","M","M","R","B",null,"M","?","M","M","?","R","M","E","T","E","R","?","?","$","R","B",null,"R","$","E"],"character_chosen":"IRONCLAD","items_purchased":["Medical Kit","Shrug It Off","Fruit Juice","SkillPotion","Rupture+1","Orrery","BloodPotion"],"campfire_rested":2,"item_purchase_floors":[24,24,24,24,48,48,48],"current_hp_per_floor":[73,47,47,24,24,24,30,30,30,30,30,16,16,22,44,17,61,63,57,57,45,42,28,48,25,25,25,25,25,27,24,48,15,64,76,76,72,80,80,80,80,65,65,32,32,49,49,64,64,17,61,61,76,0,0],"gold":40,"neow_bonus":"ONE_RARE_RELIC","is_daily":false,"chose_seed":false,"campfire_upgraded":5,"win_rate":0.0,"timestamp":1611536741,"path_taken":["M","?","M","?","$","R","M","R","T","M","R","?","?","M","R","BOSS","M","M","?","M","M","E","$","E","T","R","?","R","M","M","R","BOSS","M","?","?","M","?","R","?","E","T","E","R","?","?","$","R","BOSS","R","$","E"],"items_purchased_type":["Relic","Card","Potion","Potion","Card","Relic","Potion"],"build_version":"2020-12-22","purchased_purges":1,"victory":false,"max_hp_per_floor":[75,75,75,75,75,75,75,75,75,75,75,75,75,75,75,75,75,75,75,75,75,75,75,80,80,80,80,80,80,80,80,80,80,80,80,80,80,80,80,80,80,80,80,80,80,80,76,76,76,76,76,76,76,76,76],"card_choices":[{"not_picked":["Headbutt","Fire Breathing"],"picked":"Inflame","floor":1},{"not_picked":["Havoc","Sever Soul"],"picked":"Anger","floor":3},{"not_picked":["Reckless Charge","Flex","Burning Pact"],"picked":"SKIP","floor":7},{"not_picked":["Pommel Strike","Clothesline"],"picked":"Sword Boomerang","floor":10},{"not_picked":["Body Slam","Barricade"],"picked":"Pommel Strike","floor":12},{"not_picked":["Havoc","Shockwave"],"picked":"Heavy Blade","floor":14},{"not_picked":["Berserk","Bludgeon"],"picked":"Brutality","floor":16},{"not_picked":["Body Slam","Perfected Strike","Wild Strike"],"picked":"SKIP","floor":18},{"not_picked":["Pommel Strike","Anger"],"picked":"Disarm","floor":19},{"not_picked":["Iron Wave","Thunderclap"],"picked":"Shockwave","floor":21},{"not_picked":["Cleave","Bloodletting"],"picked":"Spot Weakness","floor":22},{"not_picked":["Perfected Strike","Brutality"],"picked":"Shockwave+1","floor":23},{"not_picked":["Power Through","Armaments","Intimidate+1"],"picked":"SKIP","floor":25},{"not_picked":["Clothesline","Anger"],"picked":"Dual Wield","floor":30},{"not_picked":["Twin Strike","Sentinel"],"picked":"Headbutt","floor":31},{"not_picked":["Exhume","Juggernaut"],"picked":"Reaper","floor":33},{"not_picked":["Dual Wield","Armaments"],"picked":"Dropkick","floor":35},{"not_picked":["Feel No Pain","Combust","Reckless Charge+1"],"picked":"SKIP","floor":37},{"not_picked":["Clothesline+1","Havoc"],"picked":"Headbutt","floor":41},{"not_picked":["Headbutt","Uppercut"],"picked":"Warcry+1","floor":42},{"not_picked":["Shrug It Off","Flame Barrier"],"picked":"Rupture+1","floor":48},{"not_picked":["Metallicize+1","Iron Wave"],"picked":"Rupture+1","floor":48},{"not_picked":["Seeing Red","Body Slam"],"picked":"Dropkick","floor":48},{"not_picked":["Demon Form+1","Cleave"],"picked":"Dropkick","floor":48}],"player_experience":400398,"relics_obtained":[{"floor":23,"key":"Pantograph"},{"floor":25,"key":"Toy Ornithopter"},{"floor":26,"key":"Turnip"},{"floor":42,"key":"Frozen Egg 2"},{"floor":46,"key":"Charon\u0027s Ashes"}],"event_choices":[{"damage_healed":0,"gold_gain":0,"player_choice":"Take Damage","damage_taken":26,"relics_obtained":["Golden Idol"],"max_hp_gain":0,"max_hp_loss":0,"event_name":"Golden Idol","floor":2,"gold_loss":0},{"damage_healed":0,"gold_gain":0,"player_choice":"Entered Light","damage_taken":23,"max_hp_gain":0,"max_hp_loss":0,"event_name":"Shining Light","floor":4,"gold_loss":0,"cards_upgraded":["Strike_R","Strike_R"]},{"damage_healed":0,"gold_gain":0,"player_choice":"Searched \u00272\u0027 times","damage_taken":0,"relics_obtained":["MealTicket"],"max_hp_gain":0,"max_hp_loss":0,"event_name":"Dead Adventurer","floor":12,"gold_loss":0},{"damage_healed":0,"gold_gain":0,"cards_transformed":["Strike_R"],"player_choice":"Change","damage_taken":0,"max_hp_gain":0,"max_hp_loss":0,"event_name":"Living Wall","floor":13,"gold_loss":0,"cards_obtained":["Rampage"]},{"damage_healed":0,"gold_gain":0,"player_choice":"Inject Mutagens","damage_taken":0,"relics_obtained":["MutagenicStrength"],"max_hp_gain":0,"max_hp_loss":0,"event_name":"Drug Dealer","floor":20,"gold_loss":0},{"damage_healed":0,"gold_gain":0,"player_choice":"Simplicity","damage_taken":0,"max_hp_gain":0,"max_hp_loss":0,"event_name":"Back to Basics","floor":28,"gold_loss":0,"cards_upgraded":["Strike_R","Defend_R","Defend_R","Defend_R","Defend_R"]},{"damage_healed":0,"gold_gain":0,"player_choice":"Bought 1 Potion","damage_taken":0,"max_hp_gain":0,"max_hp_loss":0,"event_name":"The Woman in Blue","floor":36,"gold_loss":0},{"damage_healed":0,"gold_gain":0,"player_choice":"Upgraded","damage_taken":0,"max_hp_gain":0,"max_hp_loss":0,"event_name":"Upgrade Shrine","floor":39,"gold_loss":0,"cards_upgraded":["Spot Weakness"]},{"damage_healed":0,"gold_gain":0,"player_choice":"Fight","damage_taken":0,"max_hp_gain":0,"max_hp_loss":0,"event_name":"MindBloom","floor":46,"gold_loss":0},{"damage_healed":0,"gold_gain":0,"player_choice":"Max HP","damage_taken":0,"max_hp_gain":0,"max_hp_loss":4,"event_name":"Winding Halls","floor":47,"gold_loss":0}],"is_beta":false,"boss_relics":[{"not_picked":["Runic Pyramid","Empty Cage"],"picked":"Velvet Choker"},{"not_picked":["Sozu","SacredBark"],"picked":"Cursed Key"}],"items_purged_floors":[24],"is_endless":false,"potions_floor_spawned":[7,10,12,14,19,21,22,31,35,42,44,46],"killed_by":"Shield and Spear","ascension_level":15}}