{"host":"mi0eibewekhugwl1","time":1611591803,"event":{"mods":["AchievementEnabler","BaseMod","Colored Map","Colored Powertips","DeckTracker","Keyboard Shortcuts","Minty Spire (QoL Compilation)","Quick Restart","Rare Cards Sparkle","Relic Stats","StSLib","SuperFastMode","everything is the same but u backflip on backflip"],"gold_per_floor":[116,116,136,136,154,154,171,171,221,238,258,26,60,34,34,111,111,123,48,48,48,67,67,81,100,100,100,113,163,163,178,178,178,178],"floor_reached":33,"language":"KOR","playtime":509,"items_purged":["Defend_R"],"score":498,"play_id":"86dc5f27-fbf0-4ef1-abaa-bcc9e8bed8fc","local_time":"20210126012323","is_ascension_mode":true,"campfire_choices":[{"data":"Uppercut","floor":6,"key":"SMITH"},{"data":"Whirlwind","floor":8,"key":"SMITH"},{"data":"Pommel Strike","floor":15,"key":"SMITH"},{"floor":23,"key":"REST"},{"data":"Immolate","floor":27,"key":"SMITH"},{"floor":30,"key":"REST"},{"floor":32,"key":"REST"}],"circlet_count":0,"master_deck":["AscendersBane","Strike_R","Strike_R","Defend_R","Defend_R","Defend_R","Bash","Pommel Strike+1","Uppercut+1","Whirlwind+1","Second Wind","Wild Strike","Twin Strike","Immolate+1","Shrug It Off","Feel No Pain","Shrug It Off","Wild Strike","Rage","Disarm"],"relics":["Burning Blood","NeowsBlessing","Vajra","Orrery","Juzu Bracelet","Philosopher\u0027s Stone","Frozen Egg 2"],"acts_visited":["Exordium","TheCity"],"potions_floor_usage":[7,16,31,33],"damage_taken":[{"damage":0,"enemies":"Jaw Worm","floor":1,"turns":1},{"damage":0,"enemies":"Cultist","floor":3,"turns":1},{"damage":0,"enemies":"Small Slimes","floor":5,"turns":1},{"damage":5,"enemies":"Gremlin Gang","floor":7,"turns":3},{"damage":4,"enemies":"Exordium Thugs","floor":10,"turns":3},{"damage":1,"enemies":"2 Fungi Beasts","floor":11,"turns":2},{"damage":20,"enemies":"Lagavulin","floor":13,"turns":5},{"damage":44,"enemies":"Slime Boss","floor":16,"turns":9},{"damage":35,"enemies":"Shell Parasite","floor":18,"turns":3},{"damage":0,"enemies":"Chosen","floor":22,"turns":2},{"damage":18,"enemies":"Snecko","floor":24,"turns":4},{"damage":5,"enemies":"Chosen and Byrds","floor":25,"turns":5},{"damage":30,"enemies":"Shelled Parasite and Fungi","floor":28,"turns":4},{"damage":26,"enemies":"Snake Plant","floor":31,"turns":3},{"damage":67,"enemies":"Collector","floor":33,"turns":6}],"seed_played":"-8420787313393440749","potions_obtained":[{"floor":5,"key":"Explosive Potion"},{"floor":7,"key":"LiquidMemories"},{"floor":10,"key":"FearPotion"},{"floor":24,"key":"SteroidPotion"},{"floor":31,"key":"BloodPotion"}],"is_trial":false,"path_per_floor":["M","?","M","?","M","R","M","R","T","M","M","$","E","$","R","B",null,"M","?","?","?","M","R","M","M","T","R","M","?","R","M","R","B"],"character_chosen":"IRONCLAD","items_purchased":["Orrery","Twin Strike"],"campfire_rested":3,"item_purchase_floors":[12,14],"current_hp_per_floor":[74,74,75,75,75,75,75,75,75,75,75,75,61,61,61,23,62,33,33,33,33,39,61,49,50,50,50,26,26,48,43,65,0,0],"gold":178,"neow_bonus":"THREE_ENEMY_KILL","is_daily":false,"chose_seed":false,"campfire_upgraded":4,"win_rate":0.0,"timestamp":1611591803,"path_taken":["M","?","?","?","M","R","?","R","T","M","M","?","E","$","R","BOSS","M","?","?","?","M","R","M","M","T","R","M","?","R","M","R","BOSS"],"items_purchased_type":["Relic","Card"],"build_version":"2020-12-22","purchased_purges":1,"victory":false,"max_hp_per_floor":[75,75,75,75,75,75,75,75,75,75,75,75,75,75,75,75,75,75,75,75,75,75,75,75,75,75,75,75,75,75,75,75,75,75],"relic_stats":{"counters":[15,52],"Juzu Bracelet":0,"obtain_stats":[{"NeowsBlessing":0,"Vajra":9,"Orrery":12,"Philosopher\u0027s Stone":17,"Juzu Bracelet":13,"Frozen Egg 2":26,"Burning Blood":0},{"NeowsBlessing":0,"Vajra":4,"Orrery":6,"Philosopher\u0027s Stone":8,"Juzu Bracelet":7,"Frozen Egg 2":12,"Burning Blood":0},{"NeowsBlessing":0,"Vajra":6,"Orrery":11,"Philosopher\u0027s Stone":25,"Juzu Bracelet":16,"Frozen Egg 2":39,"Burning Blood":0}],"Burning Blood":65},"card_choices":[{"not_picked":["Shrug It Off","Disarm"],"picked":"Pommel Strike","floor":1},{"not_picked":["Headbutt","Dropkick"],"picked":"Uppercut","floor":3},{"not_picked":["Intimidate","Thunderclap","Uppercut"],"picked":"SKIP","floor":5},{"not_picked":["Pommel Strike","Perfected Strike"],"picked":"Whirlwind","floor":7},{"not_picked":["Havoc","Anger","Exhume"],"picked":"SKIP","floor":10},{"not_picked":["Anger","Whirlwind","Clothesline"],"picked":"SKIP","floor":11},{"not_picked":["Pommel Strike","Clash"],"picked":"Second Wind","floor":12},{"not_picked":["True Grit","Pommel Strike"],"picked":"Wild Strike","floor":12},{"not_picked":["Reaper","Flex","Uppercut"],"picked":"SKIP","floor":13},{"not_picked":["Fiend Fire","Demon Form"],"picked":"Immolate","floor":16},{"not_picked":["Pommel Strike","Clash"],"picked":"Shrug It Off","floor":18},{"not_picked":["Flex","Entrench","Heavy Blade+1"],"picked":"SKIP","floor":22},{"not_picked":["Rampage","Pommel Strike"],"picked":"Shrug It Off","floor":24},{"not_picked":["Warcry","Perfected Strike"],"picked":"Wild Strike","floor":25},{"not_picked":["Sword Boomerang","Clothesline"],"picked":"Rage","floor":28},{"not_picked":["Rampage","Pommel Strike"],"picked":"Disarm","floor":31}],"player_experience":1757848,"relics_obtained":[{"floor":9,"key":"Vajra"},{"floor":13,"key":"Juzu Bracelet"},{"floor":26,"key":"Frozen Egg 2"}],"event_choices":[{"cards_removed":["Strike_R"],"damage_healed":0,"gold_gain":0,"player_choice":"Purged","damage_taken":0,"max_hp_gain":0,"max_hp_loss":0,"event_name":"Purifier","floor":2,"gold_loss":0},{"cards_removed":["Strike_R"],"damage_healed":0,"gold_gain":0,"player_choice":"Offered Basic","damage_taken":0,"max_hp_gain":0,"max_hp_loss":0,"event_name":"Bonfire Elementals","floor":4,"gold_loss":0},{"cards_removed":["Strike_R"],"damage_healed":0,"gold_gain":0,"player_choice":"Gave Gold","damage_taken":0,"max_hp_gain":0,"max_hp_loss":0,"event_name":"Beggar","floor":19,"gold_loss":75},{"damage_healed":0,"gold_gain":0,"player_choice":"Ignored","damage_taken":0,"max_hp_gain":0,"max_hp_loss":0,"event_name":"Vampires","floor":20,"gold_loss":0},{"damage_healed":0,"gold_gain":0,"player_choice":"Read","damage_taken":0,"max_hp_gain":0,"max_hp_loss":0,"event_name":"The Library","floor":21,"gold_loss":0,"cards_obtained":["Feel No Pain"]},{"damage_healed":0,"gold_gain":50,"player_choice":"Stole From Cult","damage_taken":0,"max_hp_gain":0,"max_hp_loss":0,"event_name":"Nest","floor":29,"gold_loss":0}],"is_beta":false,"boss_relics":[{"not_picked":["SacredBark","Tiny House"],"picked":"Philosopher\u0027s Stone"}],"items_purged_floors":[12],"is_endless":false,"potions_floor_spawned":[5,7,10,24,31],"killed_by":"Collector","ascension_level":20}}