{"host":"lte3xujvwediduij","time":1611586461,"event":{"mods":["Aspiration","BaseMod","Better-Laid Plans","Decade(王小明)","Minty Spire (QoL Compilation)","Permanent Neow","Spicy Shops","StSLib","【遗物卡牌】REMEMod","篝火指南"],"gold_per_floor":[119,136,61,76,96,96,121,121,147,147,157,2,14,24,24,124,124,140,140,65,65,65,100,89,89,115,135,166,176,193,17,17,113,113,123,51,51,51,0,27,27,40,116,150,161,181,200,220,220,220,220,5,5,34,34],"floor_reached":56,"language":"ZHS","playtime":8519,"items_purged":["Decade_Attack"],"score":1226,"play_id":"2e77ab6b-aa8e-47e2-bdfb-128f078eb0af","local_time":"20210125225421","is_ascension_mode":false,"campfire_choices":[{"data":"KamenRide","floor":6.0,"key":"SMITH"},{"data":"Decade_SpecialSkill","floor":10.0,"key":"SMITH"},{"floor":15.0,"key":"RECALL"},{"data":"KamenRideKuuga","floor":25.0,"key":"SMITH"},{"data":"Dragreder","floor":32.0,"key":"SMITH"},{"data":"KamenRideDecade","floor":41.0,"key":"SMITH"},{"data":"Kabuto_ClockUp","floor":49.0,"key":"SMITH"}],"circlet_count":0,"master_deck":["Decade_Attack+1","Decade_Attack+1","Decade_Attack+1","KamenRide+1","Decade_SpecialSkill+1","Decade_Defend+1","Decade_Defend+1","Decade_Defend+1","Decade_Defend+1","DevaForm+1","DragClaw","RideBooker_Skill_1","PhotonAcceleration","Dragreder+1","Kuuga_GouramAttack","AutoVajin","KamenRideKuuga+1","Blade_Metal","DenO_Ax+1","KamenRideDecade+1","FormRideStorm+9","Clumsy","RideBooker_Skill_2+1","FormRideStorm+9","DenO_Ax","Hibiki_Attack2","Kabuto_ClockUp+1","DecadeViolentEmotion","RideBooker_Skill_3","RideBooker_Skill_2+1","FormRide+1","RideBooker+1","PrometheusPower+1","PrometheusPower+1","MirrorWorld"],"relics":["Decadriver","TOEIDeficitBill","REME_ComplimentaryCards","War Paint","REME_HandOfSuture","Cursed Key","aspiration:RitualStick","Potion Belt","MealTicket","aspiration:ChemicalBlood","aspiration:SeaSaltIceCream","aspiration:MysteriousAuxiliaryCore","Empty Cage","Oddly Smooth Stone","Red Mask","Omamori","Pantograph","FossilizedHelix","Membership Card","Unceasing Top","Pen Nib"],"acts_visited":["Exordium","TheCity","TheBeyond","TheEnding"],"potions_floor_usage":[54,54,54,55,55,55,55,55,55,55,55],"damage_taken":[{"damage":15.0,"enemies":"Jaw Worm","floor":1.0,"turns":4.0},{"damage":4.0,"enemies":"Cultist","floor":2.0,"turns":4.0},{"damage":0.0,"enemies":"2 Louse","floor":4.0,"turns":2.0},{"damage":9.0,"enemies":"Looter","floor":5.0,"turns":5.0},{"damage":5.0,"enemies":"Lagavulin","floor":7.0,"turns":6.0},{"damage":9.0,"enemies":"2 Fungi Beasts","floor":11.0,"turns":3.0},{"damage":0.0,"enemies":"Lots of Slimes","floor":13.0,"turns":2.0},{"damage":9.0,"enemies":"3 Louse","floor":14.0,"turns":4.0},{"damage":30.0,"enemies":"Hexaghost","floor":16.0,"turns":7.0},{"damage":5.0,"enemies":"3 Byrds","floor":18.0,"turns":4.0},{"damage":7.0,"enemies":"Gremlin Leader","floor":23.0,"turns":5.0},{"damage":16.0,"enemies":"2 Thieves","floor":24.0,"turns":4.0},{"damage":5.0,"enemies":"Snake Plant","floor":27.0,"turns":2.0},{"damage":43.0,"enemies":"Slavers","floor":28.0,"turns":5.0},{"damage":0.0,"enemies":"Sentry and Sphere","floor":29.0,"turns":5.0},{"damage":10.0,"enemies":"Cultist and Chosen","floor":30.0,"turns":4.0},{"damage":30.0,"enemies":"Collector","floor":33.0,"turns":7.0},{"damage":0.0,"enemies":"3 Shapes","floor":35.0,"turns":5.0},{"damage":0.0,"enemies":"Giant Head","floor":40.0,"turns":6.0},{"damage":0.0,"enemies":"Orb Walker","floor":42.0,"turns":3.0},{"damage":54.0,"enemies":"Nemesis","floor":44.0,"turns":7.0},{"damage":8.0,"enemies":"Transient","floor":45.0,"turns":5.0},{"damage":0.0,"enemies":"Writhing Mass","floor":46.0,"turns":4.0},{"damage":0.0,"enemies":"3 Darklings","floor":47.0,"turns":2.0},{"damage":0.0,"enemies":"Maw","floor":48.0,"turns":7.0},{"damage":11.0,"enemies":"Donu and Deca","floor":50.0,"turns":6.0},{"damage":46,"enemies":"Shield and Spear","floor":54,"turns":5},{"damage":56,"enemies":"The Heart","floor":55,"turns":5}],"seed_played":"4532669462070612411","potions_obtained":[{"floor":4.0,"key":"SneckoOil"},{"floor":5.0,"key":"GamblersBrew"},{"floor":11.0,"key":"ColorlessPotion"},{"floor":14.0,"key":"Energy Potion"},{"floor":24.0,"key":"SpeedPotion"},{"floor":28.0,"key":"Fire Potion"},{"floor":29.0,"key":"LiquidBronze"},{"floor":33.0,"key":"Strength Potion"},{"floor":44.0,"key":"Strength Potion"},{"floor":44.0,"key":"SmokeBomb"},{"floor":47.0,"key":"CultistPotion"},{"floor":50.0,"key":"DuplicationPotion"},{"floor":54,"key":"Fruit Juice"},{"floor":54,"key":"Ancient Potion"},{"floor":54,"key":"BlessingOfTheForge"},{"floor":54,"key":"EntropicBrew"},{"floor":55,"key":"SkillPotion"}],"is_trial":false,"path_per_floor":["M","M","$","M","M","R","E","?","T","R","M","$","M","M","R","B",null,"M","?","?","?","?","E","M","R","T","M","E","M","M","$","R","B",null,"M","$","?","?","?","E","R","M","T","E","M","M","M","M","R","B",null,"R","$","E","B",null],"character_chosen":"Decade","items_purchased":["REME_HandOfSuture","aspiration:SeaSaltIceCream","Hibiki_Attack2","Oddly Smooth Stone","Membership Card","Unceasing Top"],"campfire_rested":0,"item_purchase_floors":[12,31,31,36,52,52],"current_hp_per_floor":[55,51,51,51,48,48,46,46,46,46,40,40,40,45,45,48,70,65,65,65,51,70,70,69,69,69,65,51,65,55,70,70,45,70,70,70,66,66,66,66,66,66,66,12,26,54,60,60,60,55,66,66,66,42,71],"gold":34,"neow_bonus":"UPGRADE_CARD","is_daily":false,"chose_seed":false,"campfire_upgraded":6,"win_rate":0.0,"timestamp":1611586461,"path_taken":["M","M","$","M","M","R","E","?","T","R","M","$","M","?","R","BOSS","M","?","?","?","?","E","M","R","T","M","E","M","M","$","R","BOSS","M","?","?","?","?","E","R","M","T","E","M","M","M","M","R","BOSS","R","$","E","BOSS"],"items_purchased_type":["Relic","Relic","Card","Relic","Relic","Relic"],"build_version":"2020-12-22","purchased_purges":1,"victory":true,"max_hp_per_floor":[70,70,70,70,70,70,70,70,70,70,70,70,70,70,70,70,70,70,70,70,70,70,70,70,70,70,70,70,70,70,70,70,70,70,70,70,66,66,66,66,66,66,66,66,66,66,66,66,66,66,66,66,66,71,71],"card_choices":[{"not_picked":["Hibiki_Attack1","FormRide"],"picked":"DragClaw","floor":1.0},{"not_picked":["FormRide","UnarmedAttack7"],"picked":"RideBooker_Skill_1","floor":2.0},{"not_picked":["KamenRideKuuga","NMDAZYYGL"],"picked":"PhotonAcceleration","floor":2.0},{"not_picked":["UnarmedAttack4","FormRideFlame"],"picked":"FormRideBasshaa","floor":4.0},{"not_picked":["Hibiki_Attack1","Blade_Slash"],"picked":"FormRideDogga","floor":4.0},{"not_picked":["Kiva_Bats","Blade_Slash"],"picked":"Dragreder","floor":5.0},{"not_picked":["DenO_Ax","Blade_Kick"],"picked":"Kuuga_GouramAttack","floor":5.0},{"not_picked":["Blade_Beat","UnarmedAttack5"],"picked":"FormRideDragon","floor":7.0},{"not_picked":["Kiva_Eat","FormRidePegasus"],"picked":"AutoVajin","floor":7.0},{"not_picked":["UnarmedAttack4","Decade_Defend2"],"picked":"KamenRideKuuga","floor":11.0},{"not_picked":["Kiva_Bats","FormRidePegasus"],"picked":"Blade_Metal","floor":11.0},{"not_picked":["UnarmedAttack4","FormRideStorm"],"picked":"DenO_Ax+1","floor":18.0},{"not_picked":["FormRideDogga","AutoVajin"],"picked":"KamenRideDecade","floor":23.0},{"not_picked":["UnarmedAttack5","Hibiki_Attack2+1"],"picked":"FormRideStorm+1","floor":24.0},{"not_picked":["Hibiki_Attack2","DenO_Sword"],"picked":"RideBooker_Skill_2+1","floor":28.0},{"not_picked":["FormRideBasshaa","Hibiki_Attack1"],"picked":"FormRideStorm","floor":28.0},{"not_picked":["UnarmedAttack3","FormRideBasshaa"],"picked":"DenO_Ax","floor":30.0},{"not_picked":["Kuuga_GouramAttack","FormRideBasshaa+1"],"picked":"KamenRideKabuto","floor":30.0},{"not_picked":["Kiva_Swallow","DenO_Climax"],"picked":"Kabuto_ClockUp","floor":33.0},{"not_picked":["FormRideAxel","DenO_Climax"],"picked":"DecadeViolentEmotion","floor":33.0},{"not_picked":["UnarmedAttack5+1","Hibiki_Attack3"],"picked":"RideBooker_Skill_3","floor":35.0},{"not_picked":["FormRideFlame","UnarmedAttack4"],"picked":"RideBooker_Skill_2+1","floor":40.0},{"not_picked":["UnarmedAttack4","UnarmedAttack7+1"],"picked":"FormRide+1","floor":40.0},{"not_picked":["KamenRideKabuto+1","Hibiki_Attack1"],"picked":"RideBooker+1","floor":42.0},{"not_picked":["FormRide+1","KamenRideAgito"],"picked":"PrometheusPower+1","floor":44.0},{"not_picked":["UnarmedAttack5","Kiva_Frozen"],"picked":"PrometheusPower+1","floor":45.0},{"not_picked":["FormRideAxel","UnarmedAttack7+1"],"picked":"MirrorWorld","floor":46.0}],"player_experience":39254,"relics_obtained":[{"floor":7.0,"key":"War Paint"},{"floor":23.0,"key":"Potion Belt"},{"floor":26.0,"key":"MealTicket"},{"floor":28.0,"key":"aspiration:ChemicalBlood"},{"floor":40.0,"key":"Omamori"},{"floor":43.0,"key":"Pantograph"},{"floor":44.0,"key":"FossilizedHelix"},{"floor":54,"key":"Pen Nib"}],"event_choices":[{"damage_healed":0.0,"max_hp_gain":0.0,"max_hp_loss":0.0,"gold_gain":0.0,"event_name":"The Woman in Blue","player_choice":"Bought 0 Potions","floor":8.0,"gold_loss":0.0,"damage_taken":0.0},{"damage_healed":0.0,"max_hp_gain":0.0,"max_hp_loss":0.0,"gold_gain":0.0,"event_name":"Back to Basics","player_choice":"Simplicity","floor":19.0,"gold_loss":0.0,"damage_taken":0.0,"cards_upgraded":["Decade_Attack","Decade_Attack","Decade_Attack","Decade_Defend","Decade_Defend","Decade_Defend"]},{"cards_removed":["FormRideDogga"],"damage_healed":0.0,"max_hp_gain":0.0,"max_hp_loss":0.0,"gold_gain":0.0,"event_name":"Beggar","player_choice":"Gave Gold","floor":20.0,"gold_loss":75.0,"damage_taken":0.0},{"damage_healed":19.0,"max_hp_gain":0.0,"max_hp_loss":0.0,"gold_gain":0.0,"event_name":"Wheel of Change","player_choice":"Full Heal","floor":22.0,"gold_loss":0.0,"damage_taken":0.0},{"damage_healed":0.0,"max_hp_gain":0.0,"max_hp_loss":4.0,"gold_gain":0.0,"event_name":"Winding Halls","player_choice":"Max HP","floor":37.0,"gold_loss":0.0,"damage_taken":0.0},{"cards_removed":["KamenRideKabuto"],"damage_healed":0.0,"max_hp_gain":0.0,"max_hp_loss":0.0,"gold_gain":0.0,"event_name":"Falling","player_choice":"Removed Power","floor":38.0,"gold_loss":0.0,"damage_taken":0.0},{"damage_healed":0.0,"max_hp_gain":0.0,"max_hp_loss":0.0,"gold_gain":0.0,"event_name":"Tomb of Lord Red Mask","player_choice":"Paid","floor":39.0,"gold_loss":51.0,"damage_taken":0.0,"relics_obtained":["Red Mask"]}],"is_beta":false,"boss_relics":[{"not_picked":["aspiration:PoetsPen_weak","Busted Crown"],"picked":"Cursed Key"},{"not_picked":["aspiration:FutureDiary","aspiration:SilentSkillbook"],"picked":"Empty Cage"}],"items_purged_floors":[3],"is_endless":false,"potions_floor_spawned":[4,5,11,14,24,28,29,35,42,47,48,54],"ascension_level":0}}