{"host":"bxyl4n8onrqni51y","time":1611611015,"event":{"mods":["BaseMod","BetterRewards","Colored Map","Downfall","Hubris","Marisa????????","Minty Spire (QoL Compilation)","Replay The Spire","StSLib","Td1madao Mod","The Animator","The Cursed","The Jungle","The Necromancer","The Servant 0.9.4"],"gold_per_floor":[123,73,73,73,93,130,156,207,262,274,303,332,344,368,380,392,404,518,530,555,167,167,167,167,195,195,145,200,200,200,200],"floor_reached":30,"language":"ENG","playtime":2550,"items_purged":[],"score":279,"play_id":"f726e912-4eef-43c2-9278-1d0bdb7c629e","local_time":"20210125224335","is_ascension_mode":false,"campfire_choices":[{"data":"animator:Sora","floor":10,"key":"SMITH"},{"floor":17,"key":"REST"},{"floor":29,"key":"REST"}],"circlet_count":0,"master_deck":["animator:Strike_Konosuba","animator:Defend_Konosuba","animator:Strike","animator:Strike","animator:Strike","animator:Defend","animator:Defend","animator:Kazuma","animator:Aqua","animator:SuzuneAmano","Pain","animator:Tatsumaki","animator:Sora+1","animator:Megumin+2","animator:Emonzaemon","animator:FielNirvalen","animator:HomuraAkemi","animator:Kazuma","animator:Saitama","animator:Geryuganshoop","animator:TakanashiRikka","animator:MisakiNakahara","Shame","hubris:NaturalOne"],"relics":["animator:LivingPicture","animator:TheMissingPiece","NeowsBlessing","WarpedTongs","animator:ShionDessert","Nunchaku","MawBank","Art of War","SacredBark","PrismaticShard","hubris:Icosahedron","theJungle:SneckoAutograph","hubris:Towel","Golden Egg","theJungle:BirthdayCakeSlice","Smiling Mask"],"acts_visited":["Exordium","theJungle:Jungle"],"potions_floor_usage":[6,8,8,18,25,25],"damage_taken":[{"damage":0,"enemies":"2 Louse","floor":1,"turns":1},{"damage":1,"enemies":"Cultist","floor":5,"turns":1},{"damage":0,"enemies":"Gremlin Nob","floor":6,"turns":1},{"damage":5,"enemies":"Small Slimes","floor":7,"turns":3},{"damage":21,"enemies":"3 Sentries","floor":8,"turns":5},{"damage":15,"enemies":"Exordium Wildlife","floor":11,"turns":4},{"damage":10,"enemies":"2 Fungi Beasts","floor":12,"turns":3},{"damage":1,"enemies":"3 Louse","floor":14,"turns":2},{"damage":33,"enemies":"Fading Forest","floor":18,"turns":11},{"damage":12,"enemies":"theJungle:5_Spyders","floor":20,"turns":7},{"damage":100,"enemies":"theJungle:Cassacara","floor":25,"turns":9},{"damage":38,"enemies":"theJungle:GiantWrat","floor":30,"turns":5}],"seed_played":"-1429734094865725322","potions_obtained":[{"floor":6,"key":"EntropicBrew"},{"floor":11,"key":"sneckomod:MuddlingPotion"},{"floor":18,"key":"Reflective Coating"},{"floor":20,"key":"AttackPotion"}],"is_trial":false,"path_per_floor":["M","?","$","?","M","E","M","E","T","R","M","M","?","M","PTL","PTL","R","B",null,"M","$","?","?","?","E","?","?","T","R","M"],"character_chosen":"THE_ANIMATOR","items_purchased":["PrismaticShard","animator:TakanashiRikka","animator:MisakiNakahara"],"campfire_rested":2,"item_purchase_floors":[21,21,21],"current_hp_per_floor":[66,66,66,66,65,65,62,46,46,46,35,28,28,27,27,27,47,38,68,56,56,56,56,56,1,6,6,6,27,0,0],"gold":200,"neow_bonus":"THREE_ENEMY_KILL","is_daily":false,"chose_seed":false,"campfire_upgraded":1,"win_rate":0.0,"timestamp":1611611015,"path_taken":["M","?","$","?","M","E","M","E","T","R","M","?","?","?","PTL","PTL","R","BOSS","M","$","?","?","?","E","?","?","T","R","M"],"items_purchased_type":["Relic","Card","Card"],"build_version":"2020-12-22","purchased_purges":0,"victory":false,"max_hp_per_floor":[66,66,66,66,66,66,66,66,66,66,67,68,68,68,68,68,68,68,68,68,68,68,68,68,68,73,73,73,73,73,73],"card_choices":[{"not_picked":["animator:Verdia","animator:DolaCouronne"],"picked":"animator:SuzuneAmano","floor":1},{"not_picked":["animator:DolaSchwi","animator:MaesHughes"],"picked":"animator:Tatsumaki","floor":5},{"not_picked":["animator:IzunaHatsuse","animator:DolaRiku"],"picked":"animator:Sora","floor":6},{"not_picked":["animator:Darkness","animator:Kazuma"],"picked":"animator:Megumin","floor":7},{"not_picked":["animator:UneriGinkaku","animator:DolaSchwi"],"picked":"animator:Emonzaemon","floor":8},{"not_picked":["animator:Chris","animator:SilverFang"],"picked":"animator:FielNirvalen","floor":11},{"not_picked":["animator:Konayuki","animator:SayakaMiki"],"picked":"animator:HomuraAkemi","floor":12},{"not_picked":["animator:Chris","animator:YunYun"],"picked":"animator:Kazuma","floor":14},{"not_picked":["animator:Envy","animator:Sora"],"picked":"animator:Saitama","floor":18},{"not_picked":["animator:Laby","animator:ChlammyZell"],"picked":"animator:Geryuganshoop","floor":20},{"not_picked":["TheCursedMod:RavingStaff","StarBarrage","WindmillStrike"],"picked":"SKIP","floor":25}],"player_experience":42357,"relics_obtained":[{"floor":6,"key":"animator:ShionDessert"},{"floor":8,"key":"Nunchaku"},{"floor":9,"key":"MawBank"},{"floor":25,"key":"Golden Egg"},{"floor":28,"key":"Smiling Mask"}],"event_choices":[{"cards_removed":["animator:Defend"],"damage_healed":0,"gold_gain":0,"player_choice":"Card Removal","damage_taken":0,"max_hp_gain":0,"max_hp_loss":0,"event_name":"The Cleric","floor":2,"gold_loss":50},{"damage_healed":0,"gold_gain":0,"player_choice":"Rummage","damage_taken":0,"relics_obtained":["WarpedTongs"],"max_hp_gain":0,"max_hp_loss":0,"event_name":"Accursed Blacksmith","floor":4,"gold_loss":0,"cards_obtained":["Pain"]},{"damage_healed":0,"gold_gain":0,"player_choice":"Gave Potion","damage_taken":0,"relics_obtained":["Art of War"],"max_hp_gain":0,"max_hp_loss":0,"event_name":"WeMeetAgain","floor":13,"gold_loss":0}],"is_beta":false,"boss_relics":[{"not_picked":["Ectoplasm","Tiny House"],"picked":"SacredBark"}],"items_purged_floors":[],"is_endless":false,"potions_floor_spawned":[6,7,11,18,20],"killed_by":"theJungle:GiantWrat","ascension_level":0}}