{"host":"sc0o2qwpf9j16a4i","time":1611601345,"event":{"mods":["AchievementEnabler","BaseMod","BetterRewards","Block Reminder","Colored Map","Colored Powertips","Custom Start","Highlight Path","Minty Spire (QoL Compilation)","Relic Stats"],"gold_per_floor":[112,132,147,147,166,201,221,233,233,260,278,36,36,52,52,153,153,169,182,182,197,217,242,242,255,255,255,109,209,243,254,254,359,359,373,373,391,351,367,367,396,396,446,466,499,518,518,569,569,569],"floor_reached":51,"language":"ENG","playtime":2847,"items_purged":[],"score":838,"play_id":"5e7ff193-563b-4cc8-80f6-35dfc8b6ee04","local_time":"20210125210225","daily_mods":["Shiny","Green Cards","Binary"],"is_ascension_mode":false,"campfire_choices":[{"floor":15.0,"key":"REST"},{"data":"After Image","floor":27.0,"key":"SMITH"},{"floor":32,"key":"REST"},{"data":"Biased Cognition","floor":42,"key":"SMITH"},{"floor":49,"key":"REST"}],"circlet_count":0,"master_deck":["Venomology","Corpse Explosion","Malaise","Die Die Die","Adrenaline","Burst","Wraith Form v2","Tools of the Trade","Night Terror","After Image+1","Bullet Time","Glass Knife","A Thousand Cuts","Grand Finale+1","Multi-Cast","Hyperbeam","Thunder Strike","Biased Cognition+1","Machine Learning","Electrodynamics","Buffer","Rainbow","Seek","Meteor Strike","Echo Form","All For One","Reboot","Amplify","Creative AI","Fission","Core Surge","Cold Snap","PiercingWail","Defragment","Wraith Form v2+1","Hologram","Aggregate","Capacitor","Adrenaline","Backflip","Crippling Poison","Coolheaded","Hyperbeam","Beam Cell","Coolheaded","Core Surge","Core Surge","Go for the Eyes+1","FTL+1","Loop+1","Glacier+1","Panacea","Consume","Calculated Gamble+1"],"relics":["Cracked Core","Cables","Thread and Needle","Ginger","Singing Bowl","Matryoshka","Snecko Eye","CaptainsWheel","Dream Catcher","Frozen Egg 2","Bottled Lightning","DollysMirror","StoneCalendar","Bottled Flame","InkBottle","Astrolabe","HornCleat","Kunai","Anchor","MealTicket","Pocketwatch"],"acts_visited":["Exordium","TheCity","TheBeyond"],"potions_floor_usage":[30,31,31,33,41,41,45,45,46,50],"damage_taken":[{"damage":0.0,"enemies":"Cultist","floor":1.0,"turns":2.0},{"damage":0.0,"enemies":"2 Louse","floor":2.0,"turns":2.0},{"damage":0.0,"enemies":"Jaw Worm","floor":3.0,"turns":1.0},{"damage":0.0,"enemies":"Lots of Slimes","floor":5.0,"turns":1.0},{"damage":32.0,"enemies":"Gremlin Nob","floor":6.0,"turns":4.0},{"damage":6.0,"enemies":"Large Slime","floor":7.0,"turns":5.0},{"damage":0.0,"enemies":"Exordium Wildlife","floor":8.0,"turns":6.0},{"damage":5.0,"enemies":"3 Sentries","floor":10.0,"turns":2.0},{"damage":3.0,"enemies":"Looter","floor":11.0,"turns":3.0},{"damage":0.0,"enemies":"Gremlin Gang","floor":14.0,"turns":1.0},{"damage":9.0,"enemies":"The Guardian","floor":16.0,"turns":11.0},{"damage":0.0,"enemies":"3 Byrds","floor":18.0,"turns":3.0},{"damage":0.0,"enemies":"Spheric Guardian","floor":19.0,"turns":2.0},{"damage":5.0,"enemies":"Cultist and Chosen","floor":21.0,"turns":3.0},{"damage":0.0,"enemies":"Snecko","floor":22.0,"turns":4.0},{"damage":0.0,"enemies":"Gremlin Leader","floor":23.0,"turns":4.0},{"damage":0.0,"enemies":"Snake Plant","floor":25.0,"turns":2.0},{"damage":10.0,"enemies":"Colosseum Slavers","floor":29.0,"turns":2.0},{"damage":7.0,"enemies":"Colosseum Nobs","floor":29.0,"turns":3.0},{"damage":14,"enemies":"Book of Stabbing","floor":30,"turns":7},{"damage":0,"enemies":"3 Cultists","floor":31,"turns":3},{"damage":6,"enemies":"Automaton","floor":33,"turns":7},{"damage":0,"enemies":"3 Shapes","floor":35,"turns":3},{"damage":0,"enemies":"3 Darklings","floor":37,"turns":2},{"damage":3,"enemies":"Writhing Mass","floor":39,"turns":8},{"damage":32,"enemies":"Nemesis","floor":41,"turns":7},{"damage":0,"enemies":"Maw","floor":44,"turns":5},{"damage":10,"enemies":"Reptomancer","floor":45,"turns":6},{"damage":0,"enemies":"Transient","floor":46,"turns":5},{"damage":7,"enemies":"2 Orb Walkers","floor":48,"turns":5},{"damage":50,"enemies":"Time Eater","floor":50,"turns":16}],"seed_played":"-3818658598231326817","potions_obtained":[{"floor":2.0,"key":"PowerPotion"},{"floor":5.0,"key":"SpeedPotion"},{"floor":6.0,"key":"SmokeBomb"},{"floor":7.0,"key":"AttackPotion"},{"floor":14.0,"key":"Energy Potion"},{"floor":16.0,"key":"SmokeBomb"},{"floor":18.0,"key":"Strength Potion"},{"floor":19.0,"key":"ColorlessPotion"},{"floor":25.0,"key":"Dexterity Potion"},{"floor":30,"key":"EntropicBrew"},{"floor":33,"key":"EssenceOfDarkness"},{"floor":41,"key":"SmokeBomb"},{"floor":45,"key":"Weak Potion"},{"floor":48,"key":"Explosive Potion"}],"is_trial":true,"path_per_floor":["M","M","M","?","M","E","M","M","T","E","M","$","?","M","R","B",null,"M","M","?","M","M","E","?","M","T","R","$","?","E","M","R","B",null,"M","?","M","?","M","?","E","R","T","M","E","M","?","?","R","B",null],"character_chosen":"DEFECT","items_purchased":["Matryoshka","DollysMirror"],"campfire_rested":3,"item_purchase_floors":[12,28],"current_hp_per_floor":[75,75,75,68,68,36,30,30,30,27,26,26,19,19,42,33,79,79,79,79,76,78,78,78,78,78,78,78,63,51,53,81,75,91,93,93,95,95,94,92,74,74,74,76,66,68,62,55,85,35],"gold":569,"neow_bonus":"","is_daily":false,"chose_seed":false,"campfire_upgraded":2,"win_rate":0.0,"timestamp":1611601345,"path_taken":["M","?","?","?","M","E","M","M","T","E","M","$","?","M","R","BOSS","M","M","?","M","?","E","?","M","T","R","$","?","E","M","R","BOSS","M","?","M","?","?","?","E","R","T","M","E","M","?","?","R","BOSS"],"items_purchased_type":["Relic","Relic"],"build_version":"2020-12-22","purchased_purges":0,"victory":true,"max_hp_per_floor":[75,75,75,75,75,75,75,75,75,77,79,79,79,79,79,79,79,79,79,79,81,83,83,83,83,83,83,83,85,87,89,91,91,91,93,93,95,95,97,92,94,94,94,96,96,98,102,102,102,102],"relic_stats":{"Singing Bowl":32,"counters":[31,135],"Astrolabe":["Go for the Eyes","FTL","Loop"],"StoneCalendar":[174],"Ginger":[14],"Cables":[102,54,30,1,17],"Dream Catcher":2,"Snecko Eye":[201,240,203,194],"MealTicket":0,"Kunai":[8],"obtain_stats":[{"Singing Bowl":10,"Astrolabe":34,"Thread and Needle":6,"StoneCalendar":29,"Ginger":9,"Frozen Egg 2":26,"Cables":4,"CaptainsWheel":20,"Dream Catcher":23,"Bottled Flame":29,"Anchor":43,"Matryoshka":12,"HornCleat":41,"DollysMirror":28,"Snecko Eye":17,"MealTicket":45,"Bottled Lightning":26,"Kunai":43,"Cracked Core":0,"InkBottle":30,"Pocketwatch":48},{"Singing Bowl":8,"Astrolabe":22,"Thread and Needle":5,"StoneCalendar":19,"Ginger":7,"Frozen Egg 2":17,"Cables":3,"CaptainsWheel":13,"Dream Catcher":16,"Bottled Flame":19,"Anchor":26,"Matryoshka":9,"HornCleat":26,"DollysMirror":17,"Snecko Eye":11,"MealTicket":28,"Bottled Lightning":17,"Kunai":26,"Cracked Core":0,"InkBottle":20,"Pocketwatch":30},{"Singing Bowl":23,"Astrolabe":78,"Thread and Needle":10,"StoneCalendar":61,"Ginger":21,"Frozen Egg 2":56,"Cables":5,"CaptainsWheel":43,"Dream Catcher":54,"Bottled Flame":61,"Anchor":98,"Matryoshka":26,"HornCleat":98,"DollysMirror":56,"Snecko Eye":38,"MealTicket":109,"Bottled Lightning":56,"Kunai":98,"Cracked Core":0,"InkBottle":68,"Pocketwatch":119}],"InkBottle":[32],"Pocketwatch":[8]},"card_choices":[{"not_picked":["Hologram"],"picked":"Cold Snap","floor":1.0},{"not_picked":["Rebound"],"picked":"PiercingWail","floor":2.0},{"not_picked":["Rebound"],"picked":"Defragment","floor":3.0},{"not_picked":["Prepared","Chaos"],"picked":"SKIP","floor":5.0},{"not_picked":["Ball Lightning"],"picked":"Wraith Form v2","floor":6.0},{"not_picked":["Cloak And Dagger"],"picked":"Hologram","floor":7.0},{"not_picked":["Sweeping Beam"],"picked":"Aggregate","floor":8.0},{"not_picked":["Infinite Blades","Barrage"],"picked":"Singing Bowl","floor":10.0},{"not_picked":["Terror","PiercingWail"],"picked":"Singing Bowl","floor":11.0},{"not_picked":["Deflect"],"picked":"Capacitor","floor":14.0},{"not_picked":["Creative AI"],"picked":"Adrenaline","floor":16.0},{"not_picked":["Cold Snap+1"],"picked":"Backflip","floor":18.0},{"not_picked":["Force Field"],"picked":"Crippling Poison","floor":19.0},{"not_picked":["Go for the Eyes","Dagger Spray+1"],"picked":"Singing Bowl","floor":21.0},{"not_picked":["Storm+1","Dagger Throw"],"picked":"Singing Bowl","floor":22.0},{"not_picked":["Scrape"],"picked":"Coolheaded","floor":23.0},{"not_picked":["Steam Power"],"picked":"Coolheaded","floor":25.0},{"not_picked":["Sucker Punch+1","Unload"],"picked":"Singing Bowl","floor":29},{"not_picked":["Heel Hook","Deadly Poison"],"picked":"Singing Bowl","floor":30},{"not_picked":["Gash+1","Conserve Battery+1"],"picked":"Singing Bowl","floor":31},{"not_picked":["Underhanded Strike","Tactician"],"picked":"Singing Bowl","floor":32},{"not_picked":["Tools of the Trade+1"],"picked":"Core Surge","floor":33},{"not_picked":["Tempest","Cloak And Dagger+1"],"picked":"Singing Bowl","floor":35},{"not_picked":["Poisoned Stab+1","Scrape"],"picked":"Singing Bowl","floor":37},{"not_picked":["Poisoned Stab","Beam Cell"],"picked":"Singing Bowl","floor":39},{"not_picked":["Slice","Predator"],"picked":"Singing Bowl","floor":41},{"not_picked":["Deadly Poison+1","Double Energy+1"],"picked":"Singing Bowl","floor":44},{"not_picked":["Hologram"],"picked":"Glacier+1","floor":45},{"not_picked":["Finisher","Hologram"],"picked":"Singing Bowl","floor":46},{"not_picked":["Sadistic Nature+1","Trip"],"picked":"Singing Bowl","floor":47},{"not_picked":["Blind"],"picked":"Panacea","floor":47},{"not_picked":["Finesse","Master of Strategy"],"picked":"Singing Bowl","floor":47},{"not_picked":["Chill"],"picked":"Consume","floor":48},{"not_picked":["Dagger Throw"],"picked":"Calculated Gamble+1","floor":49}],"player_experience":961964,"relics_obtained":[{"floor":6.0,"key":"Thread and Needle"},{"floor":9.0,"key":"Ginger"},{"floor":10.0,"key":"Singing Bowl"},{"floor":23.0,"key":"Dream Catcher"},{"floor":26.0,"key":"Frozen Egg 2"},{"floor":26.0,"key":"Bottled Lightning"},{"floor":29,"key":"StoneCalendar"},{"floor":29,"key":"Bottled Flame"},{"floor":30,"key":"InkBottle"},{"floor":41,"key":"HornCleat"},{"floor":43,"key":"Kunai"},{"floor":43,"key":"Anchor"},{"floor":45,"key":"MealTicket"},{"floor":48,"key":"Pocketwatch"}],"event_choices":[{"damage_healed":0.0,"max_hp_gain":0.0,"max_hp_loss":0.0,"gold_gain":0.0,"event_name":"Scrap Ooze","player_choice":"Success","floor":4.0,"gold_loss":0.0,"damage_taken":7.0,"relics_obtained":["Cables"]},{"damage_healed":0.0,"max_hp_gain":0.0,"max_hp_loss":0.0,"gold_gain":0.0,"event_name":"Wheel of Change","player_choice":"Damaged","floor":13.0,"gold_loss":0.0,"damage_taken":7.0},{"damage_healed":0.0,"max_hp_gain":0.0,"max_hp_loss":0.0,"gold_gain":0.0,"event_name":"WeMeetAgain","player_choice":"Gave Potion","floor":20.0,"gold_loss":0.0,"damage_taken":0.0,"relics_obtained":["CaptainsWheel"]},{"damage_healed":0.0,"max_hp_gain":0.0,"max_hp_loss":0.0,"gold_gain":0.0,"cards_transformed":["Phantasmal Killer","Doppelganger"],"event_name":"Drug Dealer","player_choice":"Became Test Subject","floor":24.0,"gold_loss":0.0,"damage_taken":0.0,"cards_obtained":["Hyperbeam","Beam Cell"]},{"damage_healed":0.0,"max_hp_gain":0.0,"max_hp_loss":0.0,"gold_gain":0.0,"event_name":"Colosseum","player_choice":"Fight","floor":29.0,"gold_loss":0.0,"damage_taken":0.0},{"damage_healed":0.0,"max_hp_gain":0.0,"max_hp_loss":0.0,"gold_gain":0.0,"event_name":"Colosseum","player_choice":"Fought Nobs","floor":29.0,"gold_loss":0.0,"damage_taken":0.0},{"damage_healed":0,"gold_gain":0,"player_choice":"Ignored","damage_taken":0,"max_hp_gain":0,"max_hp_loss":0,"event_name":"Tomb of Lord Red Mask","floor":36,"gold_loss":0},{"damage_healed":0,"gold_gain":0,"player_choice":"Upgraded Two","damage_taken":0,"max_hp_gain":0,"max_hp_loss":0,"event_name":"Designer","floor":38,"gold_loss":40,"cards_upgraded":["Grand Finale","Wraith Form v2"]},{"damage_healed":0,"gold_gain":0,"player_choice":"Max HP","damage_taken":0,"max_hp_gain":0,"max_hp_loss":5,"event_name":"Winding Halls","floor":40,"gold_loss":0},{"damage_healed":0,"gold_gain":0,"player_choice":"Memory 3","damage_taken":10,"max_hp_gain":0,"max_hp_loss":0,"event_name":"SensoryStone","floor":47,"gold_loss":0},{"damage_healed":0,"gold_gain":0,"player_choice":"Fight","damage_taken":0,"max_hp_gain":0,"max_hp_loss":0,"event_name":"Mysterious Sphere","floor":48,"gold_loss":0}],"is_beta":false,"boss_relics":[{"not_picked":["Inserter","Runic Pyramid"],"picked":"Snecko Eye"},{"not_picked":["Tiny House","SacredBark"],"picked":"Astrolabe"}],"items_purged_floors":[],"is_endless":false,"potions_floor_spawned":[2,5,6,7,14,16,18,19,25,29,30,33,35,41,45,48],"ascension_level":0}}