{"host":"3vhe2wr81aw5r9bm","time":1611540046,"event":{"mods":["AchievementEnabler","BaseMod","Colored Powertips","Hermit","Lobotomy","Minty Spire (QoL Compilation)","Quick Restart","Replay The Spire","StSLib"],"gold_per_floor":[113,123,135,148,168,168,199,199,199,210,210,210,220,232,232,311,311,329,347,60,76,76,76],"floor_reached":22,"language":"ENG","playtime":2393,"items_purged":["Laetitia"],"score":270,"play_id":"a641195d-ede3-42ef-83be-4130a1a38ff4","local_time":"20210124210046","is_ascension_mode":true,"campfire_choices":[{"floor":6,"key":"REST"},{"floor":8,"key":"REST"},{"floor":15,"key":"REST"}],"circlet_count":0,"master_deck":["hermit:Strike_Hermit","hermit:Strike_Hermit","hermit:Strike_Hermit","hermit:Strike_Hermit","hermit:Defend_Hermit","hermit:Defend_Hermit","hermit:Defend_Hermit","hermit:Defend_Hermit","hermit:Snapshot","hermit:Covet","SpiderBud","hermit:Malice","Scorched","hermit:Ricochet","Freischutz","hermit:Roughhouse","Rudolta","hermit:LuckOfTheDraw","hermit:CursedWeapon","SnowQueen","hermit:Determination","OldLady","hermit:BigShot","Regret","SingingMachine","hermit:GoldenBullet","Bloodbath","hermit:Gambit+1","RedShoes","hermit:Magnum+1","HappyTeddy","hermit:Vantage","Wellcheers","hermit:CalledShot+1","hermit:Combo+1","LittlePrince","hermit:Brawl"],"relics":["hermit:Momento","CogitoBucket","Toy Ornithopter","StrikeDummy","Golden Egg","Boot","Pet Ghost","ChangeAnything","Black Star","Blue Doll"],"acts_visited":["Exordium","TheCity"],"potions_floor_usage":[7,7,13,16,16,21],"damage_taken":[{"damage":1,"enemies":"Cultist","floor":1,"turns":4},{"damage":0,"enemies":"Small Slimes","floor":2,"turns":2},{"damage":30,"enemies":"2 Louse","floor":3,"turns":1},{"damage":29,"enemies":"Large Slime","floor":4,"turns":4},{"damage":0,"enemies":"Lots of Slimes","floor":5,"turns":1},{"damage":27,"enemies":"Lagavulin","floor":7,"turns":4},{"damage":15,"enemies":"3 Sentries","floor":10,"turns":5},{"damage":0,"enemies":"Gremlin Nob","floor":13,"turns":2},{"damage":0,"enemies":"3 Louse","floor":14,"turns":2},{"damage":57,"enemies":"Fading Forest","floor":16,"turns":11},{"damage":30,"enemies":"Spheric Guardian","floor":18,"turns":4},{"damage":14,"enemies":"Chosen","floor":19,"turns":4},{"damage":42,"enemies":"Centurion and Healer","floor":21,"turns":6},{"damage":22,"enemies":"Snake Plant","floor":22,"turns":1}],"seed_played":"3707423444974842407","potions_obtained":[{"floor":2,"key":"SkillPotion"},{"floor":4,"key":"DuplicationPotion"},{"floor":5,"key":"FearPotion"},{"floor":7,"key":"Explosive Potion"},{"floor":13,"key":"Energy Potion"},{"floor":19,"key":"Swift Potion"}],"is_trial":false,"path_per_floor":["M","M","M","M","M","R","E","R","T","E","?","?","E","M","R","B",null,"M","M","$","M","M"],"character_chosen":"HERMIT","items_purchased":["Blue Doll","hermit:Combo"],"campfire_rested":3,"item_purchase_floors":[20,20],"current_hp_per_floor":[74,74,44,15,15,37,10,32,32,20,20,20,25,25,47,15,75,45,31,31,4,0,0],"gold":76,"neow_bonus":"","is_daily":false,"chose_seed":false,"campfire_upgraded":0,"win_rate":0.0,"timestamp":1611540046,"path_taken":["M","M","M","M","?","R","E","R","T","E","?","?","E","M","R","BOSS","M","M","$","?","M"],"items_purchased_type":["Relic","Card"],"build_version":"2020-12-22","purchased_purges":1,"victory":false,"max_hp_per_floor":[75,75,75,75,75,75,75,75,75,75,75,75,75,75,75,75,75,75,75,75,75,75,75],"card_choices":[{"not_picked":["Bloodbath","MeatLantern"],"picked":"SpiderBud","floor":1},{"not_picked":["hermit:Vantage","hermit:SprayPray"],"picked":"hermit:Malice","floor":1},{"not_picked":["MHz","CrumblingArmor"],"picked":"Scorched","floor":2},{"not_picked":["hermit:TrackingShot","hermit:ItchyTrigger"],"picked":"hermit:Ricochet","floor":2},{"not_picked":["MeatLantern","Murderer"],"picked":"Freischutz","floor":3},{"not_picked":["hermit:Horror","hermit:Gestalt"],"picked":"hermit:Roughhouse","floor":3},{"not_picked":["Murderer","DreamingCurrent"],"picked":"Rudolta","floor":4},{"not_picked":["hermit:TrackingShot","hermit:Feint"],"picked":"hermit:LuckOfTheDraw","floor":4},{"not_picked":["ShyLook","UniverseFragment"],"picked":"Laetitia","floor":5},{"not_picked":["hermit:Vantage","hermit:Headshot"],"picked":"hermit:CursedWeapon","floor":5},{"not_picked":["UniverseFragment","Funeral"],"picked":"SnowQueen","floor":7},{"not_picked":["hermit:Coalescence","hermit:Ricochet"],"picked":"hermit:Determination","floor":7},{"not_picked":["CherryBlossoms","UniverseFragment"],"picked":"OldLady","floor":10},{"not_picked":["hermit:Quickdraw","hermit:Showdown"],"picked":"hermit:BigShot","floor":10},{"not_picked":["MHz","BeautyBeast"],"picked":"SingingMachine","floor":13},{"not_picked":["hermit:LowProfile","hermit:DeadMansHand"],"picked":"hermit:GoldenBullet","floor":13},{"not_picked":["MHz","MeatLantern"],"picked":"Bloodbath","floor":14},{"not_picked":["hermit:WideOpen","hermit:Brawl"],"picked":"hermit:Gambit","floor":14},{"not_picked":["FieryBird","BlueStar"],"picked":"RedShoes","floor":16},{"not_picked":["hermit:Dissolve","hermit:EternalForm"],"picked":"hermit:Magnum","floor":16},{"not_picked":["NakedNest","Variant"],"picked":"HappyTeddy","floor":18},{"not_picked":["hermit:TrackingShot","hermit:Manifest"],"picked":"hermit:Vantage","floor":18},{"not_picked":["UniverseFragment","OSAHOGD"],"picked":"Wellcheers","floor":19},{"not_picked":["hermit:TrackingShot","hermit:Dive"],"picked":"hermit:CalledShot+1","floor":19},{"not_picked":["ShyLook","MHz"],"picked":"LittlePrince","floor":21},{"not_picked":["hermit:Feint","hermit:BodyArmor+1"],"picked":"hermit:Brawl","floor":21}],"player_experience":330101,"relics_obtained":[{"floor":7,"key":"Toy Ornithopter"},{"floor":9,"key":"StrikeDummy"},{"floor":10,"key":"Golden Egg"},{"floor":13,"key":"Pet Ghost"}],"event_choices":[{"damage_healed":0,"gold_gain":0,"player_choice":"Ignored","damage_taken":0,"max_hp_gain":0,"max_hp_loss":0,"event_name":"Shining Light","floor":11,"gold_loss":0},{"damage_healed":0,"gold_gain":0,"player_choice":"Box","damage_taken":0,"relics_obtained":["Boot"],"max_hp_gain":0,"max_hp_loss":0,"event_name":"Big Fish","floor":12,"gold_loss":0,"cards_obtained":["Regret"]}],"is_beta":false,"boss_relics":[{"not_picked":["ChewingGum","Empty Cage"],"picked":"Black Star"}],"items_purged_floors":[20],"is_endless":false,"potions_floor_spawned":[2,4,5,7,13,19],"killed_by":"Snake Plant","ascension_level":1}}