{"host":"jmumkimrafwvkspb","time":1611598258,"event":{"mods":["AchievementEnabler","BaseMod","Colored Map","Minty Spire (QoL Compilation)","Replay The Spire","StSLib"],"gold_per_floor":[116,130,130,142,162,192,192,192,219,262,262,337,355,389,389,479,479,495,495,510,528,553,589,589,628,653,689,689,218,232,46,46,145,145,170,186,186,201,224,257,275,314,366,366,432,475,475,500,500,500,500],"floor_reached":52,"language":"ENG","playtime":2958,"items_purged":["Sickly","ForeignInfluence"],"score":2644,"play_id":"00ed2d47-3838-4b2a-b4f1-14812751c93e","local_time":"20210125191058","is_ascension_mode":true,"campfire_choices":[{"data":"MentalFortress","floor":7.0,"key":"SMITH"},{"data":"Alpha","floor":11.0,"key":"SMITH"},{"floor":15.0,"key":"REST"},{"floor":24,"key":"REST"},{"floor":28,"key":"REST"},{"data":"Omniscience","floor":32,"key":"SMITH"},{"data":"Meditate","floor":47,"key":"SMITH"},{"data":"SpiritShield","floor":49,"key":"SMITH"}],"circlet_count":0,"master_deck":["AscendersBane","Eruption+1","Vigilance","EmptyFist","Crescendo","FollowUp","EmptyBody","MentalFortress+1","Alpha+1","FearNoEvil","ThirdEye","Omniscience+1","JustLucky","ThirdEye","BowlingBash","Replay:AtTheReady","DeusExMachina","Prostrate","Replay:AllIn","Protect","Replay:DivineShield","Meditate","Replay:ManipulateFuture+1","Scrawl","MentalFortress+1","Perseverance","SpiritShield+1","PanicButton","PanicButton","Meditate+1","Establishment","Meditate+1"],"relics":["Painkiller Herb","Orichalcum","Golden Idol","Art of War","ReplayTheSpireMod:Lightbulb","InkBottle","Whetstone","Pandora\u0027s Box","Ring of Peace","Replay:Kaleidoscope","Replay:Purple Gloves","Blood Vial","Incense Burner","ChewingGum","Kunai","TungstenRod","Strawberry","Dream Catcher","GoldenEye"],"acts_visited":["Exordium","TheCity","TheBeyond"],"potions_floor_usage":[20,23],"damage_taken":[{"damage":0.0,"enemies":"Cultist","floor":1.0,"turns":2.0},{"damage":0.0,"enemies":"Jaw Worm","floor":2.0,"turns":3.0},{"damage":0.0,"enemies":"Small Slimes","floor":4.0,"turns":3.0},{"damage":11.0,"enemies":"Looter","floor":5.0,"turns":3.0},{"damage":0.0,"enemies":"Lagavulin","floor":6.0,"turns":4.0},{"damage":1.0,"enemies":"Replay:BlueRogue","floor":10.0,"turns":7.0},{"damage":4.0,"enemies":"Blue Slaver","floor":13.0,"turns":4.0},{"damage":26.0,"enemies":"Gremlin Nob","floor":14.0,"turns":4.0},{"damage":0.0,"enemies":"The Guardian","floor":16.0,"turns":7.0},{"damage":1.0,"enemies":"Shell Parasite","floor":18.0,"turns":3.0},{"damage":8,"enemies":"2 Thieves","floor":20,"turns":3},{"damage":0,"enemies":"Centurion and Healer","floor":21,"turns":3},{"damage":0,"enemies":"Shelled Parasite and Fungi","floor":22,"turns":2},{"damage":19,"enemies":"Book of Stabbing","floor":23,"turns":5},{"damage":15,"enemies":"Slavers","floor":25,"turns":5},{"damage":5,"enemies":"Book of Stabbing","floor":27,"turns":5},{"damage":4,"enemies":"Snake Plant","floor":30,"turns":5},{"damage":0,"enemies":"Champ","floor":33,"turns":8},{"damage":0,"enemies":"3 Shapes","floor":35,"turns":3},{"damage":0,"enemies":"3 Darklings","floor":36,"turns":3},{"damage":0,"enemies":"Jaw Worm Horde","floor":38,"turns":4},{"damage":3,"enemies":"Spire Growth","floor":39,"turns":6},{"damage":0,"enemies":"Nemesis","floor":40,"turns":5},{"damage":0,"enemies":"Writhing Mass","floor":41,"turns":4},{"damage":0,"enemies":"Giant Head","floor":42,"turns":8},{"damage":0,"enemies":"R_Hoarder","floor":46,"turns":6},{"damage":0,"enemies":"Maw","floor":48,"turns":7},{"damage":0,"enemies":"Time Eater","floor":50,"turns":9},{"damage":11,"enemies":"Donu and Deca","floor":51,"turns":7}],"seed_played":"7418447181135195507","potions_obtained":[{"floor":2.0,"key":"Flashbang"},{"floor":4.0,"key":"Adrenaline Potion"},{"floor":10.0,"key":"Regen Potion"},{"floor":14.0,"key":"Weak Potion"},{"floor":16.0,"key":"LiquidBronze"},{"floor":18.0,"key":"Swift Potion"},{"floor":22,"key":"Dexterity Potion"},{"floor":25,"key":"Adrenaline Potion"},{"floor":30,"key":"LiquidMemories"},{"floor":35,"key":"DuplicationPotion"}],"is_trial":false,"path_per_floor":["?","?","?","?","?","E","T","?","T","E","T","T","?","E","T","B",null,"?","?","?","?","?","E","T","E","T","E","T","T","?","T","T","B",null,"?","?","?","?","?","E","?","E","T","?","?","E","T","?","T","B","B",null],"character_chosen":"WATCHER","items_purchased":["PathToVictory","Incense Burner","Perseverance"],"campfire_rested":3,"item_purchase_floors":[29,29,31],"current_hp_per_floor":[61,61,41,41,30,30,30,30,30,29,29,29,25,11,29,29,54,53,53,45,45,45,26,44,29,29,24,42,42,40,40,40,42,57,59,61,51,53,52,54,56,58,65,65,39,41,41,43,43,45,36],"gold":500,"neow_bonus":"BOSS_RELIC","is_daily":false,"chose_seed":false,"campfire_upgraded":5,"win_rate":0.0,"timestamp":1611598258,"path_taken":["?","?","?","?","?","E","T","?","T","E","T","?","?","E","T","BOSS","?","?","?","?","?","E","T","E","T","E","T","T","?","T","T","BOSS","?","?","?","?","?","E","?","E","T","?","?","E","T","?","T","BOSS","BOSS"],"items_purchased_type":["Card","Relic","Card"],"build_version":"2020-12-22","purchased_purges":2,"victory":true,"max_hp_per_floor":[68,68,68,68,68,68,68,62,62,62,62,62,62,62,62,62,62,62,62,62,62,62,62,62,62,62,62,62,62,62,62,62,62,62,62,62,62,62,62,62,62,62,69,69,69,69,69,69,69,69,69],"card_choices":[{"not_picked":["SashWhip","JustLucky"],"picked":"EmptyFist","floor":1.0},{"not_picked":["EmptyFist","ClearTheMind"],"picked":"Crescendo","floor":2.0},{"not_picked":["EmptyMind","SashWhip"],"picked":"FollowUp","floor":4.0},{"not_picked":["Replay:ManipulateFuture","ClearTheMind"],"picked":"EmptyBody","floor":5.0},{"not_picked":["FlyingSleeves","BattleHymn"],"picked":"MentalFortress","floor":6.0},{"not_picked":["SashWhip","EmptyBody"],"picked":"Alpha","floor":10.0},{"not_picked":["BowlingBash","PathToVictory"],"picked":"FearNoEvil","floor":13.0},{"not_picked":["Replay:ManipulateFuture","EmptyFist"],"picked":"ThirdEye","floor":14.0},{"not_picked":["MasterReality","Alpha"],"picked":"Omniscience","floor":16.0},{"not_picked":["Prostrate","FlyingSleeves"],"picked":"Protect","floor":18.0},{"not_picked":["Prostrate","FlurryOfBlows"],"picked":"Replay:DivineShield","floor":20},{"not_picked":["EmptyBody","Conclude"],"picked":"Meditate","floor":21},{"not_picked":["Evaluate","FlyingSleeves"],"picked":"Replay:ManipulateFuture+1","floor":22},{"not_picked":["ThirdEye","SashWhip"],"picked":"Scrawl","floor":23},{"not_picked":["FollowUp+1","Consecrate","Prostrate"],"picked":"SKIP","floor":25},{"not_picked":["SpiritShield","SignatureMove"],"picked":"MentalFortress+1","floor":27},{"not_picked":["Replay:AtTheReady","EmptyFist","Crescendo"],"picked":"SKIP","floor":30},{"not_picked":["Establishment","MasterReality"],"picked":"SpiritShield","floor":33},{"not_picked":["WindmillStrike","Evaluate","JustLucky"],"picked":"SKIP","floor":35},{"not_picked":["JustLucky","Judgement","Wallop"],"picked":"SKIP","floor":36},{"not_picked":["Good Instincts","Secret Weapon"],"picked":"PanicButton","floor":37},{"not_picked":["Trip","Deep Breath"],"picked":"PanicButton","floor":37},{"not_picked":["JustLucky","Halt+1"],"picked":"Meditate","floor":38},{"not_picked":["Replay:ManipulateFuture","Protect","FlurryOfBlows"],"picked":"SKIP","floor":39},{"not_picked":["Nirvana","Conclude","EmptyFist+1"],"picked":"SKIP","floor":40},{"not_picked":["FearNoEvil","JustLucky","FlurryOfBlows"],"picked":"SKIP","floor":41},{"not_picked":["Replay:AtTheReady","ClearTheMind"],"picked":"Establishment","floor":42},{"not_picked":["InnerPeace+1","CrushJoints+1"],"picked":"Meditate+1","floor":45},{"not_picked":["Replay:BluntJabs","FlyingSleeves","WheelKick"],"picked":"SKIP","floor":46},{"not_picked":["FlyingSleeves","EmptyBody","Establishment"],"picked":"SKIP","floor":48}],"player_experience":1599697,"relics_obtained":[{"floor":6.0,"key":"Orichalcum"},{"floor":9.0,"key":"Art of War"},{"floor":10.0,"key":"ReplayTheSpireMod:Lightbulb"},{"floor":12.0,"key":"InkBottle"},{"floor":14.0,"key":"Whetstone"},{"floor":19.0,"key":"Ring of Peace"},{"floor":23,"key":"Replay:Kaleidoscope"},{"floor":25,"key":"Replay:Purple Gloves"},{"floor":27,"key":"Blood Vial"},{"floor":40,"key":"Kunai"},{"floor":42,"key":"TungstenRod"},{"floor":43,"key":"Strawberry"},{"floor":45,"key":"Dream Catcher"},{"floor":46,"key":"GoldenEye"}],"event_choices":[{"damage_healed":0.0,"max_hp_gain":0.0,"max_hp_loss":0.0,"gold_gain":0.0,"event_name":"Shining Light","player_choice":"Entered Light","floor":3.0,"gold_loss":0.0,"damage_taken":20.0,"cards_upgraded":["Defend_P","Strike_P"]},{"damage_healed":0.0,"max_hp_gain":0.0,"max_hp_loss":6.0,"gold_gain":0.0,"event_name":"Golden Idol","player_choice":"Lose Max HP","floor":8.0,"gold_loss":0.0,"damage_taken":0.0,"relics_obtained":["Golden Idol"]},{"damage_healed":0,"gold_gain":0,"player_choice":"Memory 3","damage_taken":10,"max_hp_gain":0,"max_hp_loss":0,"event_name":"SensoryStone","floor":37,"gold_loss":0},{"cards_removed":["PathToVictory"],"damage_healed":0,"gold_gain":0,"player_choice":"Removed Skill","damage_taken":0,"max_hp_gain":0,"max_hp_loss":0,"event_name":"Falling","floor":44,"gold_loss":0}],"is_beta":false,"boss_relics":[{"not_picked":["Runic Pyramid","Replay:Ancient Bell"],"picked":"Pandora\u0027s Box"},{"not_picked":["SacredBark","Sozu"],"picked":"ChewingGum"}],"items_purged_floors":[29,31],"is_endless":false,"potions_floor_spawned":[2,4,10,14,16,18,22,25,30,33,35,38,42,48],"ascension_level":20}}