{"host":"iph0xvuia0glosgr","time":1611615409,"event":{"mods":["AchievementEnabler","BaseMod","Minty Spire (QoL Compilation)"],"gold_per_floor":[99,117,127,147,147,173,173,193,193,205,205,221,221,235,235,334,334,347,362,452,464,480,480,498,159,214,214,214,233,1,101,101,197,197,208,208,231,241,261,261,271,291,291,314,26,26,37,54,54,54,54],"floor_reached":50,"language":"ENG","playtime":3518,"items_purged":["Normality"],"score":527,"play_id":"d48dcf67-8899-44c0-8ac5-2accb2bdd279","local_time":"20210125225649","is_ascension_mode":false,"campfire_choices":[{"floor":7,"key":"RECALL"},{"floor":11,"key":"REST"},{"data":"Inflame","floor":13,"key":"SMITH"},{"floor":15,"key":"REST"},{"floor":23,"key":"REST"},{"floor":28,"key":"REST"},{"floor":32,"key":"REST"},{"floor":40,"key":"REST"},{"floor":49,"key":"REST"}],"circlet_count":0,"master_deck":["Strike_R","Strike_R","Strike_R","Strike_R","Strike_R","Defend_R","Defend_R","Defend_R","Defend_R","Bash","Sword Boomerang","Inflame+1","Flex","Carnage","Cleave","Cleave","Rage","Ghostly Armor","Immolate","Wild Strike","Shrug It Off","Thunderclap+1","Twin Strike","Trip","Anger+1","Iron Wave","Immolate","Iron Wave+1","Sever Soul","Parasite","Perfected Strike","Infernal Blade+1","Twin Strike+1","Shame","Injury","Immolate","Enlightenment","Evolve+1","Anger"],"relics":["Burning Blood","NeowsBlessing","Mango","Cursed Key","Red Skull","Tiny Chest","Happy Flower","Du-Vu Doll","White Beast Statue","Velvet Choker","MealTicket","InkBottle","Blood Vial","HandDrill"],"acts_visited":["Exordium","TheCity","TheBeyond"],"potions_floor_usage":[6,16,21,22,24,29,31,31,31,31,31,33,33,38,39,41,42,42,50,50,50],"damage_taken":[{"damage":0,"enemies":"2 Louse","floor":1,"turns":1},{"damage":0,"enemies":"Cultist","floor":2,"turns":1},{"damage":0,"enemies":"Small Slimes","floor":3,"turns":1},{"damage":20,"enemies":"Gremlin Gang","floor":4,"turns":5},{"damage":32,"enemies":"3 Sentries","floor":6,"turns":10},{"damage":26,"enemies":"Lots of Slimes","floor":8,"turns":4},{"damage":5,"enemies":"3 Louse","floor":10,"turns":2},{"damage":9,"enemies":"Blue Slaver","floor":12,"turns":3},{"damage":3,"enemies":"2 Fungi Beasts","floor":14,"turns":3},{"damage":0,"enemies":"Slime Boss","floor":16,"turns":8},{"damage":20,"enemies":"Spheric Guardian","floor":18,"turns":4},{"damage":23,"enemies":"Shell Parasite","floor":19,"turns":4},{"damage":17,"enemies":"Snecko","floor":21,"turns":4},{"damage":11,"enemies":"Snake Plant","floor":22,"turns":4},{"damage":16,"enemies":"Chosen and Byrds","floor":24,"turns":5},{"damage":20,"enemies":"Sentry and Sphere","floor":29,"turns":5},{"damage":22,"enemies":"Colosseum Slavers","floor":31,"turns":3},{"damage":14,"enemies":"Colosseum Nobs","floor":31,"turns":3},{"damage":63,"enemies":"Collector","floor":33,"turns":6},{"damage":0,"enemies":"Orb Walker","floor":35,"turns":3},{"damage":5,"enemies":"3 Darklings","floor":38,"turns":4},{"damage":53,"enemies":"Maw","floor":39,"turns":7},{"damage":13,"enemies":"Transient","floor":41,"turns":5},{"damage":25,"enemies":"Spire Growth","floor":42,"turns":3},{"damage":13,"enemies":"Sphere and 2 Shapes","floor":47,"turns":3},{"damage":0,"enemies":"Jaw Worm Horde","floor":48,"turns":2},{"damage":105,"enemies":"Awakened One","floor":50,"turns":10}],"seed_played":"-3823296506149292222","potions_obtained":[{"floor":3,"key":"EssenceOfSteel"},{"floor":10,"key":"LiquidMemories"},{"floor":12,"key":"DuplicationPotion"},{"floor":16,"key":"Ancient Potion"},{"floor":18,"key":"FearPotion"},{"floor":21,"key":"ElixirPotion"},{"floor":22,"key":"BlessingOfTheForge"},{"floor":24,"key":"Energy Potion"},{"floor":33,"key":"DistilledChaos"},{"floor":35,"key":"Dexterity Potion"},{"floor":38,"key":"Strength Potion"},{"floor":39,"key":"Weak Potion"},{"floor":41,"key":"SpeedPotion"},{"floor":42,"key":"Dexterity Potion"},{"floor":47,"key":"Swift Potion"},{"floor":48,"key":"Weak Potion"}],"is_trial":false,"path_per_floor":["M","M","M","M","?","E","R","M","T","M","R","M","R","M","R","B",null,"M","M","?","M","M","R","M","$","T","?","R","M","$","?","R","B",null,"M","?","T","M","M","R","M","M","T","T","$","?","M","M","R","B"],"character_chosen":"IRONCLAD","items_purchased":["Red Skull","EntropicBrew","Trip","Happy Flower","HandDrill","Immolate"],"campfire_rested":7,"item_purchase_floors":[25,25,25,30,45,45],"current_hp_per_floor":[80,80,80,66,80,68,68,48,48,49,77,74,74,77,94,94,94,80,63,51,40,35,63,53,53,53,53,81,67,67,61,89,32,94,94,94,94,94,47,75,68,49,49,49,64,64,59,67,94,0,0],"gold":54,"neow_bonus":"THREE_ENEMY_KILL","is_daily":false,"chose_seed":false,"campfire_upgraded":1,"win_rate":0.0,"timestamp":1611615409,"path_taken":["M","M","M","M","?","E","R","M","T","M","R","M","R","M","R","BOSS","M","?","?","?","M","R","M","?","T","?","R","M","$","?","R","BOSS","M","?","?","?","M","R","M","M","T","?","$","?","M","M","R","BOSS"],"items_purchased_type":["Relic","Potion","Card","Relic","Relic","Card"],"build_version":"2020-12-22","purchased_purges":1,"victory":false,"max_hp_per_floor":[80,80,80,80,80,94,94,94,94,94,94,94,94,94,94,94,94,94,94,94,94,94,94,94,94,94,94,94,94,94,94,94,94,94,94,94,94,94,94,94,94,94,94,94,94,94,94,94,94,94,94],"card_choices":[{"not_picked":["Armaments","Rampage","Shrug It Off"],"picked":"SKIP","floor":1},{"not_picked":["Clash","Havoc"],"picked":"Sword Boomerang","floor":2},{"not_picked":["Thunderclap","Rage"],"picked":"Inflame","floor":3},{"not_picked":["Armaments","Sever Soul"],"picked":"Flex","floor":4},{"not_picked":["Exhume","Warcry"],"picked":"Carnage","floor":6},{"not_picked":["Entrench","Sword Boomerang"],"picked":"Cleave","floor":8},{"not_picked":["Clash","Fire Breathing"],"picked":"Cleave","floor":10},{"not_picked":["Flex","Armaments"],"picked":"Rage","floor":12},{"not_picked":["True Grit","Body Slam"],"picked":"Ghostly Armor","floor":14},{"not_picked":["Double Tap","Feed"],"picked":"Immolate","floor":16},{"not_picked":["Anger","Clothesline"],"picked":"Wild Strike","floor":18},{"not_picked":["Clothesline","Second Wind+1"],"picked":"Shrug It Off","floor":19},{"not_picked":["Rupture+1","Evolve+1"],"picked":"Thunderclap+1","floor":21},{"not_picked":["Juggernaut","Body Slam"],"picked":"Twin Strike","floor":22},{"not_picked":["Pummel","Havoc"],"picked":"Searing Blow","floor":24},{"not_picked":["Thunderclap","Dropkick"],"picked":"Anger+1","floor":29},{"not_picked":["Bloodletting+1","Hemokinesis"],"picked":"Iron Wave","floor":31},{"not_picked":["Offering","Bludgeon"],"picked":"Immolate","floor":33},{"not_picked":["Rage","True Grit+1"],"picked":"Iron Wave+1","floor":35},{"not_picked":["Iron Wave","Clothesline"],"picked":"Perfected Strike","floor":38},{"not_picked":["Ghostly Armor","Combust+1"],"picked":"Infernal Blade+1","floor":39},{"not_picked":["Shrug It Off","Sword Boomerang","Havoc"],"picked":"SKIP","floor":41},{"not_picked":["Evolve","Clash+1"],"picked":"Twin Strike+1","floor":42},{"not_picked":["Deep Breath","Madness"],"picked":"Enlightenment","floor":46},{"not_picked":["Body Slam+1","Clash"],"picked":"Evolve+1","floor":47},{"not_picked":["Combust+1","Burning Pact+1"],"picked":"Anger","floor":48}],"player_experience":265297,"relics_obtained":[{"floor":6,"key":"Mango"},{"floor":26,"key":"Tiny Chest"},{"floor":31,"key":"Du-Vu Doll"},{"floor":31,"key":"White Beast Statue"},{"floor":37,"key":"MealTicket"},{"floor":43,"key":"InkBottle"},{"floor":44,"key":"Blood Vial"}],"event_choices":[{"damage_healed":14,"gold_gain":0,"player_choice":"Full Heal","damage_taken":0,"max_hp_gain":0,"max_hp_loss":0,"event_name":"Wheel of Change","floor":5,"gold_loss":0},{"damage_healed":0,"gold_gain":90,"player_choice":"GOLD ","damage_taken":12,"max_hp_gain":0,"max_hp_loss":0,"event_name":"Knowing Skull","floor":20,"potions_obtained":[],"gold_loss":0,"cards_obtained":[]},{"damage_healed":0,"gold_gain":0,"player_choice":"Ignored","damage_taken":0,"max_hp_gain":0,"max_hp_loss":0,"event_name":"Ghosts","floor":27,"gold_loss":0},{"damage_healed":0,"gold_gain":0,"player_choice":"Fight","damage_taken":0,"max_hp_gain":0,"max_hp_loss":0,"event_name":"Colosseum","floor":31,"gold_loss":0},{"damage_healed":0,"gold_gain":0,"player_choice":"Fought Nobs","damage_taken":0,"max_hp_gain":0,"max_hp_loss":0,"event_name":"Colosseum","floor":31,"gold_loss":0},{"damage_healed":0,"gold_gain":0,"cards_transformed":["Searing Blow"],"player_choice":"Transformed","damage_taken":0,"max_hp_gain":0,"max_hp_loss":0,"event_name":"Transmorgrifier","floor":36,"gold_loss":0,"cards_obtained":["Sever Soul"]},{"damage_healed":0,"gold_gain":0,"player_choice":"Memory 1","damage_taken":0,"max_hp_gain":0,"max_hp_loss":0,"event_name":"SensoryStone","floor":46,"gold_loss":0}],"is_beta":false,"boss_relics":[{"not_picked":["Ectoplasm","Tiny House"],"picked":"Cursed Key"},{"not_picked":["SlaversCollar","Calling Bell"],"picked":"Velvet Choker"}],"items_purged_floors":[30],"is_endless":false,"potions_floor_spawned":[3,10,12,16,18,21,22,24,33,35,38,39,41,42,47,48],"killed_by":"Awakened One","ascension_level":0}}