{"host":"pletss163z7s8pvv","time":1611540082,"event":{"mods":["AchievementEnabler","BaseMod","Better Altar","Better Match","Better Note","Better Sensory Stone","Better Skull","Better Third Choice","BetterRewards","CapriCore","ChefMod","Colored Map","Colored Powertips","Conspire","Energized Spire","Evolution","GifTheSpireLib","Hermit","Ironclad Rager","Marked Mod","Minty Spire (QoL Compilation)","Retaliation","Spicy Shops","StS++","StSLib","The Blue Laboratory","The Cursed","The Disciple","The Forsaken"],"gold_per_floor":[118,133,133,152,16,16,30,3,3,18,31,31,31,50,50,153,153,142,6,6,6,6,6],"floor_reached":22,"language":"ENG","playtime":643,"items_purged":[],"score":176,"play_id":"cb99b987-2a57-4f79-ba9b-6d898ce8e010","local_time":"20210124200122","is_ascension_mode":false,"campfire_choices":[{"data":"StSpp:LatentStrike","floor":6,"key":"SMITH"},{"floor":13,"key":"REST"},{"floor":15,"key":"REST"}],"circlet_count":0,"master_deck":["CutThroughFate","CutThroughFate","Strike_P","Strike_P","Defend_P","Defend_P","Defend_P","Defend_P","Eruption","Vigilance","StSpp:LatentStrike","StSpp:LatentStrike+1","InnerPeace","Parasite","MarkedMod:FirstStrike","FollowUp","Nirvana","StSpp:LatentStrike","FollowUp","LessonLearned","Worship+1","Prostrate","CutThroughFate","Sunder"],"relics":["PureWater","EVO:Axolotl","Membership Card","theForsaken:Lifeblossom","Darkstone Periapt","The Courier","energizedSpire:BlackCloud","Eternal Feather","betterThird:NestCultRelic"],"acts_visited":["Exordium","TheCity"],"potions_floor_usage":[11,16,16],"damage_taken":[{"damage":0,"enemies":"Cultist","floor":1,"turns":2},{"damage":10,"enemies":"Small Slimes","floor":2,"turns":3},{"damage":7,"enemies":"conspire:RoseBush","floor":4,"turns":3},{"damage":11,"enemies":"Large Slime","floor":7,"turns":4},{"damage":11,"enemies":"2 Fungi Beasts","floor":10,"turns":4},{"damage":13,"enemies":"Blue Slaver","floor":11,"turns":3},{"damage":26,"enemies":"Gremlin Gang","floor":14,"turns":4},{"damage":65,"enemies":"The Guardian","floor":16,"turns":7},{"damage":32,"enemies":"2 Thieves","floor":18,"turns":4},{"damage":42,"enemies":"Chosen","floor":22,"turns":6}],"seed_played":"-3060606376630755457","potions_obtained":[{"floor":0,"key":"blueLaboratory:ArtificerPotion"},{"floor":0,"key":"blueLaboratory:RecallPotion"},{"floor":0,"key":"blueLaboratory:PhilterOfMotion"},{"floor":1,"key":"StSpp:SecondWindPotion"},{"floor":4,"key":"blueLaboratory:FruitPunch"},{"floor":11,"key":"blueLaboratory:FaithlessPotion"}],"is_trial":false,"path_per_floor":["M","M","$","M","$","R","M","$","T","M","M","?","R","M","R","B",null,"M","$","?","?","M"],"character_chosen":"WATCHER","items_purchased":["Membership Card","theForsaken:Lifeblossom","FollowUp","Eternal Feather","Prostrate","CutThroughFate"],"campfire_rested":2,"item_purchase_floors":[5,5,8,19,19,19],"current_hp_per_floor":[72,62,62,55,55,55,50,50,50,45,39,39,61,41,63,4,74,45,45,45,45,9,9],"gold":6,"neow_bonus":"THREE_SMALL_POTIONS","is_daily":false,"chose_seed":false,"campfire_upgraded":1,"win_rate":0.0,"timestamp":1611540082,"path_taken":["M","?","?","M","$","R","M","$","T","M","M","?","R","M","R","BOSS","M","$","?","?","M"],"items_purchased_type":["Relic","Relic","Card","Relic","Card","Card"],"build_version":"2020-12-22","purchased_purges":0,"victory":false,"max_hp_per_floor":[72,72,72,72,72,72,72,72,72,72,74,74,74,74,74,74,74,74,74,74,74,74,74],"card_choices":[{"not_picked":["Halt","Crescendo"],"picked":"StSpp:LatentStrike","floor":1},{"not_picked":["Fasting2","JustLucky"],"picked":"StSpp:LatentStrike","floor":2},{"not_picked":["Collect","Blasphemy"],"picked":"InnerPeace","floor":4},{"not_picked":["EmptyBody","Study"],"picked":"MarkedMod:FirstStrike","floor":7},{"not_picked":["StSpp:Renounce","BattleHymn"],"picked":"Nirvana","floor":10},{"not_picked":["Protect","TalkToTheHand"],"picked":"StSpp:LatentStrike","floor":11},{"not_picked":["SashWhip","Alpha"],"picked":"FollowUp","floor":14},{"not_picked":["Vault","Ragnarok"],"picked":"LessonLearned","floor":16},{"not_picked":["Study","BowlingBash"],"picked":"Worship+1","floor":18}],"player_experience":444460,"relics_obtained":[{"floor":9,"key":"Darkstone Periapt"}],"event_choices":[{"cards_removed":["Parasite"],"damage_healed":0,"gold_gain":0,"player_choice":"Take \u0026 Give","damage_taken":0,"max_hp_gain":0,"max_hp_loss":0,"event_name":"betterNote:BetterNote","floor":20,"gold_loss":0,"cards_obtained":["Sunder"]},{"damage_healed":0,"gold_gain":0,"player_choice":"Madness","damage_taken":0,"relics_obtained":["betterThird:NestCultRelic"],"max_hp_gain":0,"max_hp_loss":0,"event_name":"betterThird:BetterNest","floor":21,"gold_loss":0}],"is_beta":false,"boss_relics":[{"not_picked":["conspire:RunicOctahedron","Runic Dome"],"picked":"energizedSpire:BlackCloud"}],"items_purged_floors":[],"is_endless":false,"potions_floor_spawned":[1,4,11,14],"killed_by":"Chosen","ascension_level":0}}