{"host":"zx8rmvlb08usbkpl","time":1611534938,"event":{"mods":["BaseMod","BetterRewards","Colored Powertips","Dota2Spire","Downfall","GifTheSpireLib","Marisa????????","Minty Spire (QoL Compilation)","Quick Restart","StSLib","Stuff the Spire","The Bug Knight","The Senshi"],"gold_per_floor":[113,288,307,307,153,182,182,11,36,46,46,58,76,95,95,192,192,204,204,204,204,204,204,129,145,145,145,99,115,125,125,125,227,227,246,246,259,259,170,170,182,182,182,182,192,8,58,78,78,78,78],"floor_reached":50,"language":"ENG","playtime":5002,"items_purged":["Doubt"],"score":442,"play_id":"8ce80dab-e428-475f-81a0-c64397fa6fc4","local_time":"20210124193538","is_ascension_mode":false,"campfire_choices":[{"data":"Rupture","floor":7.0,"key":"SMITH"},{"data":"Rupture","floor":11.0,"key":"SMITH"},{"data":"Bash","floor":15.0,"key":"SMITH"},{"data":"J.A.X.","floor":23.0,"key":"SMITH"},{"data":"Armaments","floor":27.0,"key":"SMITH"},{"floor":32.0,"key":"REST"},{"floor":40.0,"key":"REST"},{"floor":42.0,"key":"RECALL"},{"floor":49.0,"key":"REST"}],"circlet_count":0,"master_deck":["Strike_R+1","Strike_R+1","Defend_R+1","Defend_R+1","Defend_R+1","Defend_R+1","Bash+1","Bloodletting","Dropkick","Rupture+1","Rupture+1","Metallicize","Rage","Sword Boomerang","Wild Strike","Juggernaut","True Grit+1","J.A.X.+1","Armaments+1","Warcry+1","Seeing Red+1","Fiend Fire","Flame Barrier+1","StuffTheSpire:BrainWave","Combust+1","Metamorphosis","Heavy Blade+1","StuffTheSpire:BrainWave"],"relics":["Burning Blood","StuffTheSpire:Experiment12","Turnip","Membership Card","Empty Cage","White Beast Statue","Dota2Spire:Bloodstone","The Courier","StuffTheSpire:Expresso","DollysMirror","Dota2Spire:Butterfly"],"acts_visited":["Exordium","TheCity","TheBeyond"],"potions_floor_usage":[50,50],"damage_taken":[{"damage":3.0,"enemies":"Small Slimes","floor":1.0,"turns":4.0},{"damage":6.0,"enemies":"Jaw Worm","floor":3.0,"turns":4.0},{"damage":32.0,"enemies":"Gremlin Nob","floor":6.0,"turns":4.0},{"damage":7.0,"enemies":"Cultist","floor":10.0,"turns":4.0},{"damage":13.0,"enemies":"3 Louse","floor":12.0,"turns":5.0},{"damage":10.0,"enemies":"Blue Slaver","floor":13.0,"turns":5.0},{"damage":3.0,"enemies":"2 Fungi Beasts","floor":14.0,"turns":4.0},{"damage":39.0,"enemies":"The Guardian","floor":16.0,"turns":9.0},{"damage":16.0,"enemies":"Shell Parasite","floor":18.0,"turns":4.0},{"damage":12.0,"enemies":"Spheric Guardian","floor":25.0,"turns":4.0},{"damage":29.0,"enemies":"Snake Plant","floor":29.0,"turns":6.0},{"damage":14.0,"enemies":"Centurion and Healer","floor":30.0,"turns":6.0},{"damage":62.0,"enemies":"Collector","floor":33.0,"turns":10.0},{"damage":57.0,"enemies":"3 Darklings","floor":35.0,"turns":8.0},{"damage":9.0,"enemies":"3 Shapes","floor":37.0,"turns":7.0},{"damage":0.0,"enemies":"3 Darklings","floor":38.0,"turns":2.0},{"damage":11.0,"enemies":"Maw","floor":41.0,"turns":8.0},{"damage":20.0,"enemies":"Spire Growth","floor":45.0,"turns":5.0},{"damage":46.0,"enemies":"Mind Bloom Boss Battle","floor":47.0,"turns":8.0},{"damage":41.0,"enemies":"Jaw Worm Horde","floor":48.0,"turns":5.0},{"damage":41,"enemies":"Time Eater","floor":50,"turns":6}],"seed_played":"2908106343948304904","potions_obtained":[{"floor":1.0,"key":"LiquidBronze"},{"floor":3.0,"key":"DuplicationPotion"},{"floor":10.0,"key":"SmokeBomb"},{"floor":18.0,"key":"Regen Potion"},{"floor":29.0,"key":"Dota2Spire:HealingSalve"},{"floor":30.0,"key":"FairyPotion"},{"floor":33.0,"key":"ElixirPotion"},{"floor":41.0,"key":"bronze:BurnAndBuffPotion"},{"floor":47.0,"key":"Dexterity Potion"}],"is_trial":false,"path_per_floor":["M","?","M","?","$","E","R","$","T","M","R","M","M","M","R","B",null,"M","?","?","?","?","R","?","M","T","R","$","M","M","?","R","B",null,"M","?","M","M","$","R","M","R","T","?","M","$","?","M","R","B"],"character_chosen":"IRONCLAD","items_purchased":["Rupture","Membership Card","Metallicize","Flash of Steel","Metamorphosis","StuffTheSpire:Expresso","DollysMirror"],"campfire_rested":3,"item_purchase_floors":[5,8,8,28,39,46,46],"current_hp_per_floor":[80,80,80,80,80,54,54,54,54,53,53,46,42,45,45,12,80,70,70,70,55,55,55,55,61,61,61,61,38,45,45,70,14,85,34,34,31,37,37,60,55,55,55,55,41,41,44,9,32,0,0],"gold":78,"neow_bonus":"RANDOM_COMMON_RELIC","is_daily":false,"chose_seed":false,"campfire_upgraded":5,"win_rate":0.0,"timestamp":1611534938,"path_taken":["M","?","M","?","$","E","R","?","T","M","R","?","M","M","R","BOSS","M","?","?","?","?","R","?","M","T","R","$","?","M","?","R","BOSS","M","?","M","M","$","R","M","R","T","?","M","$","?","M","R","BOSS"],"items_purchased_type":["Card","Relic","Card","Card","Card","Relic","Relic"],"build_version":"2020-12-22","purchased_purges":1,"victory":false,"max_hp_per_floor":[80,80,80,80,80,80,80,80,80,80,80,80,80,80,80,80,80,80,80,80,85,85,85,85,85,85,85,85,85,85,85,85,85,85,85,77,77,77,77,77,77,77,77,77,77,77,77,77,77,77,77],"card_choices":[{"not_picked":["Whirlwind","Iron Wave"],"picked":"Bloodletting","floor":1.0},{"not_picked":["Anger","Wild Strike"],"picked":"Dropkick","floor":3.0},{"not_picked":["Seeing Red","Heavy Blade"],"picked":"Rupture","floor":6.0},{"not_picked":["Cleave","StuffTheSpire:BloodClot","Body Slam"],"picked":"SKIP","floor":10.0},{"not_picked":["Intimidate","Thunderclap"],"picked":"Rage","floor":12.0},{"not_picked":["Twin Strike","StuffTheSpire:Resist"],"picked":"Sword Boomerang","floor":13.0},{"not_picked":["StuffTheSpire:RockThrow","Evolve"],"picked":"Wild Strike","floor":14.0},{"not_picked":["Corruption","Feed"],"picked":"Juggernaut","floor":16.0},{"not_picked":["Disarm+1","Clothesline"],"picked":"True Grit+1","floor":18.0},{"not_picked":["Clash","StuffTheSpire:BloodClot"],"picked":"Armaments","floor":25.0},{"not_picked":["Thunderclap","Body Slam"],"picked":"Warcry+1","floor":29.0},{"not_picked":["Clothesline+1","Twin Strike+1"],"picked":"Seeing Red+1","floor":30.0},{"not_picked":["Exhume","Corruption"],"picked":"Fiend Fire","floor":33.0},{"not_picked":["Sword Boomerang","Intimidate"],"picked":"Flame Barrier+1","floor":35.0},{"not_picked":["Clash","Sword Boomerang+1"],"picked":"Combust+1","floor":37.0},{"not_picked":["Twin Strike","Battle Trance+1"],"picked":"Heavy Blade+1","floor":41.0},{"not_picked":["Perfected Strike","Heavy Blade+1","Flame Barrier+1"],"picked":"SKIP","floor":45.0},{"not_picked":["Body Slam","StuffTheSpire:Slingshot+1","Sever Soul"],"picked":"SKIP","floor":48.0}],"player_experience":973436,"relics_obtained":[{"floor":6.0,"key":"Turnip"},{"floor":26.0,"key":"White Beast Statue"},{"floor":43.0,"key":"The Courier"},{"floor":47.0,"key":"Dota2Spire:Butterfly"}],"event_choices":[{"damage_healed":0.0,"max_hp_gain":0.0,"max_hp_loss":0.0,"gold_gain":175.0,"event_name":"Liars Game","player_choice":"AGREE","floor":2.0,"gold_loss":0.0,"damage_taken":0.0,"cards_obtained":["Doubt"]},{"damage_healed":0.0,"max_hp_gain":0.0,"max_hp_loss":0.0,"gold_gain":0.0,"event_name":"Back to Basics","player_choice":"Simplicity","floor":19.0,"gold_loss":0.0,"damage_taken":0.0,"cards_upgraded":["Strike_R","Strike_R","Strike_R","Defend_R","Defend_R","Defend_R","Defend_R"]},{"damage_healed":0.0,"max_hp_gain":0.0,"max_hp_loss":0.0,"gold_gain":0.0,"event_name":"Cursed Tome","player_choice":"Ignored","floor":20.0,"gold_loss":0.0,"damage_taken":0.0},{"damage_healed":0.0,"max_hp_gain":5.0,"max_hp_loss":0.0,"gold_gain":0.0,"event_name":"Forgotten Altar","player_choice":"Shed Blood","floor":21.0,"gold_loss":0.0,"damage_taken":20.0},{"damage_healed":0.0,"max_hp_gain":0.0,"max_hp_loss":0.0,"gold_gain":0.0,"event_name":"Drug Dealer","player_choice":"Obtain J.A.X.","floor":22.0,"gold_loss":0.0,"damage_taken":0.0,"cards_obtained":["J.A.X."]},{"cards_removed":["Strike_R"],"damage_healed":0.0,"max_hp_gain":0.0,"max_hp_loss":0.0,"gold_gain":0.0,"event_name":"Beggar","player_choice":"Gave Gold","floor":24.0,"gold_loss":75.0,"damage_taken":0.0},{"cards_removed":["Flash of Steel"],"damage_healed":0.0,"max_hp_gain":0.0,"max_hp_loss":0.0,"gold_gain":0.0,"event_name":"Falling","player_choice":"Removed Attack","floor":44.0,"gold_loss":0.0,"damage_taken":0.0},{"damage_healed":0.0,"max_hp_gain":0.0,"max_hp_loss":0.0,"gold_gain":0.0,"event_name":"MindBloom","player_choice":"Fight","floor":47.0,"gold_loss":0.0,"damage_taken":0.0}],"is_beta":false,"boss_relics":[{"not_picked":["Runic Pyramid","Philosopher\u0027s Stone"],"picked":"Empty Cage"},{"not_picked":["Pandora\u0027s Box","Cursed Key"],"picked":"Dota2Spire:Bloodstone"}],"items_purged_floors":[5],"is_endless":false,"potions_floor_spawned":[1,3,10,18,29,30,33,35,37,38,41,45,47,48],"killed_by":"Time Eater","ascension_level":0}}