{"host":"fuszjwm6fqgjjp4d","time":1611551076,"event":{"mods":["BaseMod","Bestiary","Colored Map","DeckTracker","Minty Spire (QoL Compilation)","Permanent Neow","Relic Sorter","Relic Stats","StSLib"],"gold_per_floor":[114,114,114,133,185,185,225,241,241,241,275,275,275,294,294,294,294],"floor_reached":16,"language":"ENG","playtime":322,"items_purged":[],"score":216,"play_id":"2a5e72b4-36c9-4b4e-8e21-0ec0ee598381","local_time":"20210124230436","is_ascension_mode":true,"campfire_choices":[{"data":"Sunder","floor":6.0,"key":"SMITH"},{"floor":10.0,"key":"REST"},{"floor":12.0,"key":"REST"},{"data":"Static Discharge","floor":15.0,"key":"SMITH"}],"circlet_count":0,"master_deck":["AscendersBane","Strike_B","Strike_B","Strike_B","Strike_B","Defend_B","Defend_B","Defend_B","Defend_B","Zap","Dualcast","Sunder+1","Static Discharge+1","Self Repair"],"relics":["Cracked Core","Art of War","Golden Idol","WingedGreaves","Tiny Chest","Sundial","Omamori"],"acts_visited":["Exordium"],"potions_floor_usage":[16],"damage_taken":[{"damage":7.0,"enemies":"Small Slimes","floor":1.0,"turns":3.0},{"damage":0.0,"enemies":"2 Louse","floor":4.0,"turns":2.0},{"damage":32.0,"enemies":"Gremlin Nob","floor":7.0,"turns":4.0},{"damage":0.0,"enemies":"Cultist","floor":8.0,"turns":3.0},{"damage":33.0,"enemies":"3 Sentries","floor":11.0,"turns":6.0},{"damage":31.0,"enemies":"Lots of Slimes","floor":14.0,"turns":5.0},{"damage":32,"enemies":"The Guardian","floor":16,"turns":6}],"seed_played":"-5513853597332480082","potions_obtained":[{"floor":4.0,"key":"EssenceOfDarkness"},{"floor":7.0,"key":"Block Potion"}],"is_trial":false,"path_per_floor":["M","?","?","M","?","R","E","M","T","R","E","R","?","M","R","B"],"character_chosen":"DEFECT","items_purchased":[],"campfire_rested":2,"item_purchase_floors":[],"current_hp_per_floor":[57,57,46,46,46,46,14,21,21,40,14,33,54,30,30,0,0],"gold":294,"neow_bonus":"RANDOM_COMMON_RELIC","is_daily":false,"chose_seed":false,"campfire_upgraded":2,"win_rate":0.0,"timestamp":1611551076,"path_taken":["M","?","?","M","?","R","E","M","T","R","E","R","?","M","R","BOSS"],"items_purchased_type":[],"build_version":"2020-12-22","purchased_purges":0,"victory":false,"max_hp_per_floor":[71,64,64,64,64,64,64,64,64,64,64,64,64,64,64,64,64],"relic_stats":{"counters":[7,29],"Golden Idol":26,"Sundial":[2],"Tiny Chest":0,"Art of War":[5],"obtain_stats":[{"Golden Idol":2,"Sundial":9,"Tiny Chest":7,"WingedGreaves":3,"Art of War":0,"Omamori":11,"Cracked Core":0},{"Golden Idol":1,"Sundial":4,"Tiny Chest":3,"WingedGreaves":1,"Art of War":0,"Omamori":5,"Cracked Core":0},{"Golden Idol":3,"Sundial":12,"Tiny Chest":9,"WingedGreaves":3,"Art of War":0,"Omamori":18,"Cracked Core":0}]},"card_choices":[{"not_picked":["Gash","Beam Cell"],"picked":"Sunder","floor":1.0},{"not_picked":["Rebound","Self Repair"],"picked":"Static Discharge","floor":4.0},{"not_picked":["All For One","Machine Learning"],"picked":"Self Repair","floor":7.0},{"not_picked":["Hologram","Static Discharge","Steam"],"picked":"SKIP","floor":8.0},{"not_picked":["Hologram","Static Discharge","Steam"],"picked":"SKIP","floor":8.0},{"not_picked":["Sunder","Sweeping Beam","Gash"],"picked":"SKIP","floor":11.0},{"not_picked":["Leap","Gash","Compile Driver"],"picked":"SKIP","floor":14.0}],"player_experience":1345697,"relics_obtained":[{"floor":7.0,"key":"Tiny Chest"},{"floor":9.0,"key":"Sundial"},{"floor":11.0,"key":"Omamori"}],"event_choices":[{"damage_healed":0.0,"max_hp_gain":0.0,"max_hp_loss":7.0,"gold_gain":0.0,"event_name":"Golden Idol","player_choice":"Lose Max HP","floor":2.0,"gold_loss":0.0,"damage_taken":0.0,"relics_obtained":["Golden Idol"]},{"damage_healed":0.0,"max_hp_gain":0.0,"max_hp_loss":0.0,"gold_gain":0.0,"event_name":"Scrap Ooze","player_choice":"Success","floor":3.0,"gold_loss":0.0,"damage_taken":11.0,"relics_obtained":["WingedGreaves"]},{"damage_healed":0.0,"max_hp_gain":0.0,"max_hp_loss":0.0,"gold_gain":52.0,"event_name":"Golden Wing","player_choice":"Gained Gold","floor":5.0,"gold_loss":0.0,"damage_taken":0.0},{"damage_healed":21.0,"max_hp_gain":0.0,"max_hp_loss":0.0,"gold_gain":0.0,"event_name":"Big Fish","player_choice":"Banana","floor":13.0,"gold_loss":0.0,"damage_taken":0.0}],"is_beta":false,"boss_relics":[],"items_purged_floors":[],"is_endless":false,"potions_floor_spawned":[4,7,8],"killed_by":"The Guardian","ascension_level":20}}