{"host":"0v07cr0k93jhgkpm","time":1611606095,"event":{"mods":["BaseMod","Colored Map","DeckTracker","Minty Spire (QoL Compilation)","Quick Restart","SuperFastMode"],"gold_per_floor":[117,117,134,134,147,147,228,228,228,228,263,278,305,305,305,305,305],"floor_reached":16,"language":"KOR","playtime":458,"items_purged":[],"score":266,"play_id":"fb1e48cc-d3ea-48ba-9044-cb31df69d202","local_time":"20210126052135","is_ascension_mode":true,"campfire_choices":[{"data":"Deadly Poison","floor":6.0,"key":"SMITH"},{"data":"Malaise","floor":10.0,"key":"SMITH"},{"floor":15.0,"key":"REST"}],"circlet_count":0,"master_deck":["AscendersBane","Strike_G","Strike_G","Strike_G","Strike_G","Strike_G","Defend_G+1","Defend_G","Defend_G","Defend_G","Defend_G","Survivor","Neutralize+1","Impatience","PiercingWail","Deadly Poison+1","Malaise+1","Bane","Footwork","Acrobatics","Wraith Form v2"],"relics":["Ring of the Snake","Singing Bowl","Bag of Marbles","Nunchaku","Golden Idol"],"acts_visited":["Exordium"],"potions_floor_usage":[16,16],"damage_taken":[{"damage":5.0,"enemies":"2 Louse","floor":1.0,"turns":4.0},{"damage":0.0,"enemies":"Cultist","floor":3.0,"turns":4.0},{"damage":1.0,"enemies":"Small Slimes","floor":5.0,"turns":4.0},{"damage":0.0,"enemies":"Lagavulin","floor":11.0,"turns":7.0},{"damage":6.0,"enemies":"Exordium Wildlife","floor":12.0,"turns":4.0},{"damage":11.0,"enemies":"Gremlin Nob","floor":13.0,"turns":4.0},{"damage":42,"enemies":"Slime Boss","floor":16,"turns":10}],"seed_played":"7901154421006464132","potions_obtained":[{"floor":3.0,"key":"EssenceOfSteel"},{"floor":11.0,"key":"GhostInAJar"},{"floor":12.0,"key":"Dexterity Potion"},{"floor":13.0,"key":"Weak Potion"}],"is_trial":false,"path_per_floor":["M","?","M","?","M","R","T","?","T","R","E","M","E","?","R","B"],"character_chosen":"THE_SILENT","items_purchased":[],"campfire_rested":1,"item_purchase_floors":[],"current_hp_per_floor":[54,54,54,34,33,33,33,38,38,38,38,32,23,23,42,0,0],"gold":305,"neow_bonus":"RANDOM_COLORLESS","is_daily":false,"chose_seed":false,"campfire_upgraded":2,"win_rate":0.0,"timestamp":1611606095,"path_taken":["M","?","?","?","M","R","?","?","T","R","E","M","E","?","R","BOSS"],"items_purchased_type":[],"build_version":"2020-12-22","purchased_purges":0,"victory":false,"max_hp_per_floor":[66,66,66,66,66,66,66,71,71,71,71,71,73,66,66,66,66],"card_choices":[{"not_picked":["Dramatic Entrance","Flash of Steel"],"picked":"Impatience","floor":0.0},{"not_picked":["Quick Slash","Cloak And Dagger"],"picked":"PiercingWail","floor":1.0},{"not_picked":["Concentrate","Underhanded Strike"],"picked":"Bane","floor":3.0},{"not_picked":["Poisoned Stab","Finisher"],"picked":"Footwork","floor":5.0},{"not_picked":["Blade Dance","Sucker Punch"],"picked":"Acrobatics","floor":11.0},{"not_picked":["Flying Knee","Dagger Spray"],"picked":"Wraith Form v2","floor":12.0},{"not_picked":["Choke","Underhanded Strike","Flying Knee"],"picked":"Singing Bowl","floor":13.0}],"player_experience":2507003,"relics_obtained":[{"floor":9.0,"key":"Singing Bowl"},{"floor":11.0,"key":"Bag of Marbles"},{"floor":13.0,"key":"Nunchaku"}],"event_choices":[{"damage_healed":0.0,"max_hp_gain":0.0,"max_hp_loss":0.0,"gold_gain":0.0,"event_name":"Match and Keep!","player_choice":"2 cards matched","floor":2.0,"gold_loss":0.0,"damage_taken":0.0,"cards_obtained":["Deadly Poison","Malaise"]},{"damage_healed":0.0,"max_hp_gain":0.0,"max_hp_loss":0.0,"gold_gain":0.0,"event_name":"Shining Light","player_choice":"Entered Light","floor":4.0,"gold_loss":0.0,"damage_taken":20.0,"cards_upgraded":["Neutralize","Defend_G"]},{"damage_healed":0.0,"max_hp_gain":5.0,"max_hp_loss":0.0,"gold_gain":0.0,"event_name":"Big Fish","player_choice":"Donut","floor":8.0,"gold_loss":0.0,"damage_taken":0.0},{"damage_healed":0.0,"max_hp_gain":0.0,"max_hp_loss":7.0,"gold_gain":0.0,"event_name":"Golden Idol","player_choice":"Lose Max HP","floor":14.0,"gold_loss":0.0,"damage_taken":0.0,"relics_obtained":["Golden Idol"]}],"is_beta":false,"boss_relics":[],"items_purged_floors":[],"is_endless":false,"potions_floor_spawned":[3,11,12,13],"killed_by":"Slime Boss","ascension_level":20}}