{"host":"y89x8uui45kcjy42","time":1611573611,"event":{"mods":["2.2 Compatiblity","BaseMod","CapriCore","Colored Map","Colored Powertips","Custom Start","Friendly Minions","Keyboard Shortcuts","Minty Spire (QoL Compilation)","Relic Stats","Slay the Relics Exporter","StSLib","SuperFastMode","Uncapped"],"gold_per_floor":[109,109,127,127,127,152,152,185,255,286,286,286,302,337,337,413,413,426,199,31,47,62,62,76,76,158,183,458,458,484,510,510,510,510],"floor_reached":33,"language":"KOR","playtime":913,"items_purged":["Defend_G"],"score":1179,"play_id":"5b5b1e75-267c-4ca8-964b-24528e3e37e1","local_time":"20210125202011","is_ascension_mode":true,"campfire_choices":[{"data":"Tactician","floor":7,"key":"SMITH"},{"data":"Cloak And Dagger","floor":11,"key":"SMITH"},{"data":"Riddle With Holes","floor":12,"key":"SMITH"},{"data":"Malaise","floor":15,"key":"SMITH"},{"data":"Tools of the Trade","floor":23,"key":"SMITH"},{"data":"Neutralize","floor":25,"key":"SMITH"},{"data":"Burst","floor":29,"key":"SMITH"},{"data":"Accuracy","floor":32,"key":"SMITH"}],"circlet_count":0,"master_deck":["Strike_G","Strike_G","Strike_G","Strike_G+1","Defend_G","Defend_G","Defend_G","Defend_G","Survivor","Neutralize+1","All Out Attack+1","Riddle With Holes+1","Tactician+1","Cloak And Dagger+1","Malaise+1","Tools of the Trade+1","Footwork","Die Die Die","Accuracy+1","Burst+1"],"relics":["Ring of the Serpent","WristBlade","Cursed Key","Paper Crane","Snake Skull","Ninja Scroll","Tingsha","Tough Bandages","TwistedFunnel","HoveringKite","Necronomicon","Red Mask","Oddly Smooth Stone","Odd Mushroom","StrikeDummy","Anchor","Vajra","Sling","Strawberry","Chemical X","Cursed Key","Medical Kit","WingedGreaves","MealTicket","Omamori","Ornamental Fan"],"acts_visited":["Exordium","TheCity"],"potions_floor_usage":[8,16,33],"damage_taken":[{"damage":0,"enemies":"2 Louse","floor":1,"turns":1},{"damage":0,"enemies":"Cultist","floor":3,"turns":1},{"damage":0,"enemies":"Gremlin Nob","floor":6,"turns":2},{"damage":0,"enemies":"Lagavulin","floor":8,"turns":3},{"damage":0,"enemies":"3 Sentries","floor":10,"turns":3},{"damage":0,"enemies":"Jaw Worm","floor":13,"turns":1},{"damage":0,"enemies":"Gremlin Nob","floor":14,"turns":2},{"damage":0,"enemies":"Slime Boss","floor":16,"turns":4},{"damage":0,"enemies":"Spheric Guardian","floor":18,"turns":2},{"damage":0,"enemies":"Chosen","floor":21,"turns":1},{"damage":0,"enemies":"Snake Plant","floor":22,"turns":3},{"damage":0,"enemies":"Slavers","floor":27,"turns":2},{"damage":0,"enemies":"Book of Stabbing","floor":30,"turns":2},{"damage":0,"enemies":"Gremlin Leader","floor":31,"turns":2},{"damage":0,"enemies":"Collector","floor":33,"turns":2}],"seed_played":"-3198232087311009279","potions_obtained":[{"floor":6,"key":"DistilledChaos"},{"floor":8,"key":"SpeedPotion"},{"floor":10,"key":"Explosive Potion"},{"floor":16,"key":"Poison Potion"}],"is_trial":false,"path_per_floor":["M","?","M","?","?","E","R","E","T","E","R","R","M","E","R","B",null,"M","$","$","M","M","R","$","R","T","E","?","R","E","E","R","B"],"character_chosen":"THE_SILENT","items_purchased":["Die Die Die","Medical Kit","Accuracy"],"campfire_rested":0,"item_purchase_floors":[19,20,24],"current_hp_per_floor":[71,71,71,71,60,60,60,60,60,60,60,60,60,67,67,67,81,81,81,81,81,81,81,81,81,81,81,81,81,81,81,81,81,81],"gold":510,"neow_bonus":"TWENTY_PERCENT_HP_BONUS","is_daily":false,"chose_seed":false,"campfire_upgraded":8,"win_rate":0.0,"timestamp":1611573611,"path_taken":["M","?","?","?","?","E","R","E","T","E","R","R","M","E","R","BOSS","M","?","$","?","M","R","?","R","T","E","?","R","E","E","R","BOSS"],"items_purchased_type":["Card","Relic","Card"],"build_version":"2020-12-22","purchased_purges":1,"victory":false,"max_hp_per_floor":[78,78,78,78,78,78,78,78,78,78,78,78,78,85,85,85,85,85,85,85,85,85,85,85,85,85,85,85,85,85,85,85,85,85],"relic_stats":{"Tough Bandages":[18],"counters":[15,31],"Ornamental Fan":[20],"HoveringKite":[6],"Tingsha":[15],"MealTicket":0,"Snake Skull":[23],"Necronomicon":[13],"Chemical X":[4],"Cursed Key":3,"Medical Kit":[0],"obtain_stats":[{"TwistedFunnel":0,"Nilry\u0027s Codex":0,"HoveringKite":0,"Vajra":12,"Snake Skull":0,"Whetstone":6,"Cursed Key":0,"Sling":12,"Tough Bandages":0,"WristBlade":0,"Ninja Scroll":0,"Strawberry":14,"MealTicket":27,"WingedGreaves":10,"Necronomicon":0,"Red Mask":0,"Chemical X":15,"Ring of the Snake":0,"Oddly Smooth Stone":0,"Tingsha":0,"Omamori":0,"Paper Crane":0,"Odd Mushroom":0,"Medical Kit":20,"Anchor":10,"Ornamental Fan":30,"StrikeDummy":0,"Ring of the Serpent":0},{"TwistedFunnel":0,"Nilry\u0027s Codex":0,"HoveringKite":0,"Vajra":5,"Snake Skull":0,"Whetstone":3,"Cursed Key":0,"Sling":5,"Tough Bandages":0,"WristBlade":0,"Ninja Scroll":0,"Strawberry":7,"MealTicket":12,"WingedGreaves":5,"Necronomicon":0,"Red Mask":0,"Chemical X":7,"Ring of the Snake":0,"Oddly Smooth Stone":0,"Tingsha":0,"Omamori":0,"Paper Crane":0,"Odd Mushroom":0,"Medical Kit":9,"Anchor":5,"Ornamental Fan":13,"StrikeDummy":0,"Ring of the Serpent":0},{"TwistedFunnel":0,"Nilry\u0027s Codex":0,"HoveringKite":0,"Vajra":10,"Snake Skull":0,"Whetstone":4,"Cursed Key":0,"Sling":10,"Tough Bandages":0,"WristBlade":0,"Ninja Scroll":0,"Strawberry":13,"MealTicket":25,"WingedGreaves":10,"Necronomicon":0,"Red Mask":0,"Chemical X":13,"Ring of the Snake":0,"Oddly Smooth Stone":0,"Tingsha":0,"Omamori":0,"Paper Crane":0,"Odd Mushroom":0,"Medical Kit":19,"Anchor":10,"Ornamental Fan":27,"StrikeDummy":0,"Ring of the Serpent":0}]},"card_choices":[{"not_picked":["Dagger Throw","Deadly Poison"],"picked":"All Out Attack","floor":1},{"not_picked":["Quick Slash","Acrobatics"],"picked":"Tactician","floor":3},{"not_picked":["Underhanded Strike","Bane"],"picked":"Cloak And Dagger","floor":6},{"not_picked":["Predator","Bane","Doppelganger"],"picked":"SKIP","floor":8},{"not_picked":["Flechettes","Dash","Skewer"],"picked":"SKIP","floor":10},{"not_picked":["Bane","Deadly Poison","Dash"],"picked":"SKIP","floor":13},{"not_picked":["Leg Sweep","Accuracy"],"picked":"Malaise","floor":14},{"not_picked":["Doppelganger","Corpse Explosion"],"picked":"Tools of the Trade","floor":16},{"not_picked":["Masterful Stab","Well Laid Plans"],"picked":"Footwork","floor":18},{"not_picked":["Flying Knee+1","Slice","Footwork"],"picked":"SKIP","floor":21},{"not_picked":["Expertise","Flechettes","Slice"],"picked":"SKIP","floor":22},{"not_picked":["Prepared","Finisher"],"picked":"Burst","floor":27},{"not_picked":["Night Terror","PiercingWail+1","Sucker Punch+1"],"picked":"SKIP","floor":30},{"not_picked":["Wraith Form v2","Skewer","Underhanded Strike"],"picked":"SKIP","floor":31}],"player_experience":651261,"relics_obtained":[{"floor":6,"key":"Whetstone"},{"floor":10,"key":"Anchor"},{"floor":14,"key":"Strawberry"},{"floor":27,"key":"MealTicket"},{"floor":30,"key":"Ornamental Fan"}],"event_choices":[{"damage_healed":0,"gold_gain":0,"cards_transformed":["Strike_G"],"player_choice":"Transformed","damage_taken":0,"max_hp_gain":0,"max_hp_loss":0,"event_name":"Transmorgrifier","floor":2,"gold_loss":0,"cards_obtained":["Riddle With Holes"]},{"damage_healed":0,"gold_gain":0,"player_choice":"Fled","damage_taken":0,"max_hp_gain":0,"max_hp_loss":0,"event_name":"Scrap Ooze","floor":4,"gold_loss":0},{"damage_healed":0,"gold_gain":0,"player_choice":"Damaged","damage_taken":11,"max_hp_gain":0,"max_hp_loss":0,"event_name":"Wheel of Change","floor":5,"gold_loss":0},{"damage_healed":0,"gold_gain":275,"player_choice":"Desecrate","damage_taken":0,"max_hp_gain":0,"max_hp_loss":0,"event_name":"Golden Shrine","floor":28,"gold_loss":0,"cards_obtained":["Regret"]}],"is_beta":false,"boss_relics":[{"not_picked":["Runic Pyramid","Sozu"],"picked":"Cursed Key"}],"items_purged_floors":[19],"is_endless":false,"potions_floor_spawned":[6,8,10,16,22],"killed_by":"Collector","ascension_level":20}}