{"host":"aqym1xxr3lb31d9m","time":1611586202,"event":{"mods":["BaseMod","Block Reminder","Colored Map","Colored Powertips","DeckTracker","Highlight Path","Minty Spire (QoL Compilation)","Quick Restart","Random Character Button","StSLib","SuperFastMode","UnlockEverythingMod"],"gold_per_floor":[99,99,99,99,99,99,99,99,99,99,99,59,59,59,59,59,59,59,59,0,0,0,0,0,0,0,0,0,0,0,0],"floor_reached":30,"language":"JPN","playtime":1238,"items_purged":[],"score":500,"play_id":"56e19793-674d-40f8-9898-2b91ee60b457","local_time":"20210125235002","is_ascension_mode":true,"campfire_choices":[{"data":"Coolheaded","floor":6,"key":"SMITH"},{"data":"Tempest","floor":10,"key":"SMITH"},{"data":"Sweeping Beam","floor":13,"key":"SMITH"},{"floor":15,"key":"REST"},{"data":"Buffer","floor":23,"key":"SMITH"},{"floor":25,"key":"REST"},{"data":"Reinforced Body","floor":29,"key":"SMITH"}],"circlet_count":0,"master_deck":["AscendersBane","Defend_B+1","Defend_B","Defend_B","Zap","Dualcast+1","Doom and Gloom+1","Coolheaded+1","Undo","White Noise","Tempest+1","Compile Driver","Sweeping Beam+1","Redo","Buffer+1","Reboot+1","Rainbow+1","Cold Snap+1","Reinforced Body+1","Pain","Cold Snap+1","All For One","Redo","Writhe"],"relics":["Ectoplasm","MealTicket","PreservedInsect","Astrolabe","WarpedTongs","Strawberry","Toy Ornithopter","War Paint"],"acts_visited":["Exordium","TheCity"],"potions_floor_usage":[11,24,30],"damage_taken":[{"damage":7,"enemies":"Jaw Worm","floor":1,"turns":4},{"damage":0,"enemies":"Cultist","floor":2,"turns":3},{"damage":9,"enemies":"2 Louse","floor":4,"turns":4},{"damage":0,"enemies":"Lots of Slimes","floor":5,"turns":1},{"damage":11,"enemies":"3 Louse","floor":8,"turns":3},{"damage":9,"enemies":"Gremlin Gang","floor":11,"turns":2},{"damage":1,"enemies":"Looter","floor":12,"turns":3},{"damage":11,"enemies":"Gremlin Nob","floor":14,"turns":3},{"damage":25,"enemies":"Hexaghost","floor":16,"turns":8},{"damage":0,"enemies":"Spheric Guardian","floor":18,"turns":3},{"damage":21,"enemies":"2 Thieves","floor":20,"turns":4},{"damage":16,"enemies":"Sentry and Sphere","floor":22,"turns":5},{"damage":33,"enemies":"Gremlin Leader","floor":24,"turns":7},{"damage":38,"enemies":"Slavers","floor":30,"turns":2}],"seed_played":"6804756520181156535","potions_obtained":[{"floor":4,"key":"AttackPotion"},{"floor":5,"key":"Weak Potion"},{"floor":11,"key":"LiquidMemories"},{"floor":22,"key":"PowerPotion"},{"floor":24,"key":"PowerPotion"}],"is_trial":false,"path_per_floor":["M","M","?","M","M","R","T","M","T","R","M","M","R","E","R","B",null,"M","?","M","?","M","R","E","R","T","?","?","R","E"],"character_chosen":"DEFECT","items_purchased":[],"campfire_rested":2,"item_purchase_floors":[],"current_hp_per_floor":[57,57,57,48,48,48,48,37,37,37,28,27,27,16,37,12,56,56,71,50,50,34,34,8,31,31,31,31,31,0,0],"gold":0,"neow_bonus":"BOSS_RELIC","is_daily":false,"chose_seed":false,"campfire_upgraded":5,"win_rate":0.0,"timestamp":1611586202,"path_taken":["M","M","?","M","M","R","?","?","T","R","M","M","R","E","R","BOSS","M","?","?","?","?","R","E","R","T","?","?","R","E"],"items_purchased_type":[],"build_version":"2020-12-22","purchased_purges":0,"victory":false,"max_hp_per_floor":[71,71,71,71,71,71,71,71,71,71,71,71,71,71,71,71,71,71,71,71,71,71,71,78,78,78,78,78,78,78,78],"card_choices":[{"not_picked":["Leap","Self Repair"],"picked":"Doom and Gloom","floor":1},{"not_picked":["Storm","Gash"],"picked":"Coolheaded","floor":2},{"not_picked":["Sweeping Beam","Ball Lightning"],"picked":"Undo","floor":4},{"not_picked":["Leap","Barrage"],"picked":"White Noise","floor":5},{"not_picked":["Cold Snap","Leap"],"picked":"Tempest","floor":8},{"not_picked":["Conserve Battery","Undo"],"picked":"Compile Driver","floor":11},{"not_picked":["Go for the Eyes","Conserve Battery"],"picked":"Sweeping Beam","floor":12},{"not_picked":["Stack","Scrape"],"picked":"Redo","floor":14},{"not_picked":["Machine Learning","Rainbow"],"picked":"Buffer","floor":16},{"not_picked":["Go for the Eyes","Reprogram"],"picked":"Scrape","floor":18},{"not_picked":["Force Field","Beam Cell"],"picked":"Reinforced Body","floor":20},{"not_picked":["Heatsinks","Reprogram","Genetic Algorithm"],"picked":"SKIP","floor":22},{"not_picked":["Machine Learning","Reprogram"],"picked":"Cold Snap+1","floor":24}],"player_experience":4056313,"relics_obtained":[{"floor":7,"key":"MealTicket"},{"floor":14,"key":"PreservedInsect"},{"floor":24,"key":"Strawberry"},{"floor":26,"key":"Toy Ornithopter"}],"event_choices":[{"damage_healed":0,"gold_gain":0,"player_choice":"Grow","damage_taken":0,"max_hp_gain":0,"max_hp_loss":0,"event_name":"Living Wall","floor":3,"gold_loss":0,"cards_upgraded":["Doom and Gloom"]},{"cards_removed":["Scrape"],"damage_healed":15,"gold_gain":0,"player_choice":"Offered Uncommon","damage_taken":0,"max_hp_gain":0,"max_hp_loss":0,"event_name":"Bonfire Elementals","floor":19,"gold_loss":0},{"damage_healed":0,"gold_gain":0,"player_choice":"Rummage","damage_taken":0,"relics_obtained":["WarpedTongs"],"max_hp_gain":0,"max_hp_loss":0,"event_name":"Accursed Blacksmith","floor":21,"gold_loss":0,"cards_obtained":["Pain"]},{"damage_healed":0,"gold_gain":0,"cards_transformed":["Strike_B","Defend_B"],"player_choice":"Became Test Subject","damage_taken":0,"max_hp_gain":0,"max_hp_loss":0,"event_name":"Drug Dealer","floor":27,"gold_loss":0,"cards_obtained":["All For One","Redo"]},{"damage_healed":0,"gold_gain":0,"player_choice":"Opened","damage_taken":0,"relics_obtained":["War Paint"],"max_hp_gain":0,"max_hp_loss":0,"event_name":"The Mausoleum","floor":28,"gold_loss":0,"cards_obtained":["Writhe"]}],"is_beta":false,"boss_relics":[{"not_picked":["Velvet Choker","Sozu"],"picked":"Astrolabe"}],"items_purged_floors":[],"is_endless":false,"potions_floor_spawned":[4,5,11,16,22,24],"killed_by":"Slavers","ascension_level":20}}