{"host":"pyelotildgrd5mks","time":1611591315,"event":{"mods":["BaseMod","Downfall","Minty Spire (QoL Compilation)","Quick Restart","StSLib"],"gold_per_floor":[99,99,99,99,99,134,212,112,212,226,243,261,23,37,54,153,153,153,167,167,167,183,213,213,213,228,228,59,84,84,94,111,111,111,111],"floor_reached":33,"language":"ZHS","playtime":1597,"items_purged":["bronze:Strike"],"score":335,"play_id":"c7921231-640a-432b-b186-2db2ed1d6e98","local_time":"20210126001515","is_ascension_mode":false,"campfire_choices":[{"data":"bronze:Goto","floor":1.0,"key":"SMITH"},{"data":"bronze:Return","floor":8.0,"key":"SMITH"},{"data":"bronze:Replicate","floor":18.0,"key":"SMITH"},{"floor":30,"key":"RECALL"}],"circlet_count":0,"master_deck":["bronze:Defend","bronze:Defend","bronze:Defend","bronze:Defend","bronze:Replicate+1","bronze:Goto+1","bronze:Separator","bronze:Turbo+1","bronze:Return+1","bronze:Iterate","bronze:MaxOutput+1","bronze:Philosophize","bronze:TinkerersToolbox","bronze:Library","bronze:Repair","bronze:Terminator+1","bronze:ClassDefault+1","bronze:Hardcode"],"relics":["bronze:BronzeCore","downfall:HeartsMalice","Regal Pillow","downfall:HeartBlessingBlue","sneckomod:SneckoTalon","FossilizedHelix","Ancient Tea Set","Du-Vu Doll","champ:Barbells","Lantern"],"acts_visited":["Exordium","TheCity"],"potions_floor_usage":[33,33],"damage_taken":[{"damage":0.0,"enemies":"Small Slimes","floor":4.0,"turns":1.0},{"damage":0.0,"enemies":"Lagavulin","floor":6.0,"turns":1.0},{"damage":0.0,"enemies":"downfall:Heads","floor":9.0,"turns":1.0},{"damage":2.0,"enemies":"2 Louse","floor":10.0,"turns":3.0},{"damage":1.0,"enemies":"Jaw Worm","floor":11.0,"turns":2.0},{"damage":10.0,"enemies":"Exordium Thugs","floor":12.0,"turns":3.0},{"damage":10.0,"enemies":"downfall:FleeingMerchant","floor":13.0,"turns":4.0},{"damage":0.0,"enemies":"3 Louse","floor":14.0,"turns":1.0},{"damage":6.0,"enemies":"Exordium Wildlife","floor":15.0,"turns":4.0},{"damage":36.0,"enemies":"IC_STATUS_ARCHETYPE","floor":16.0,"turns":5.0},{"damage":22.0,"enemies":"Shell Parasite","floor":19.0,"turns":4.0},{"damage":0.0,"enemies":"Spheric Guardian","floor":22.0,"turns":3.0},{"damage":32.0,"enemies":"Slavers","floor":23.0,"turns":6.0},{"damage":16.0,"enemies":"3 Cultists","floor":26.0,"turns":5.0},{"damage":0.0,"enemies":"downfall:FleeingMerchant","floor":28.0,"turns":4.0},{"damage":6,"enemies":"Book of Stabbing","floor":29,"turns":4},{"damage":0,"enemies":"Cultist and Chosen","floor":31,"turns":4},{"damage":9,"enemies":"Shelled Parasite and Fungi","floor":32,"turns":4},{"damage":44,"enemies":"DF_ARCHETYPE_CLAW","floor":33,"turns":5}],"seed_played":"-2479864451525017510","potions_obtained":[{"floor":9.0,"key":"Explosive Potion"},{"floor":10.0,"key":"champ:CounterPotion"},{"floor":15.0,"key":"AttackPotion"},{"floor":16.0,"key":"GamblersBrew"},{"floor":31,"key":"Weak Potion"}],"is_trial":false,"path_per_floor":["R","?","?","M","?","E","T","R","?","M","M","M","$","M","M","B",null,"R","M","?","T","M","E","T","?","M","?","$","E","R","M","M","B"],"character_chosen":"THE_AUTOMATON","items_purchased":["bronze:TinkerersToolbox","champ:Barbells"],"campfire_rested":0,"item_purchase_floors":[13,28],"current_hp_per_floor":[70,75,75,75,75,75,75,85,85,83,82,72,62,62,56,20,85,85,63,63,63,63,38,38,38,29,29,36,37,37,44,35,0,0,0],"gold":111,"neow_bonus":"THREE_ENEMY_KILL","is_daily":false,"chose_seed":false,"campfire_upgraded":3,"win_rate":0.0,"timestamp":1611591315,"path_taken":["R","?","?","M","?","E","T","R","?","M","M","M","$","M","M","BOSS","R","M","?","?","M","E","T","?","M","?","$","E","R","M","M","BOSS"],"items_purchased_type":["Card","Relic"],"build_version":"2020-12-22","purchased_purges":1,"victory":false,"max_hp_per_floor":[70,75,75,75,75,75,75,85,85,85,85,85,85,85,85,85,85,85,85,85,85,85,85,85,85,85,85,85,85,85,85,85,85,85,85],"card_choices":[{"not_picked":["bronze:BitShift","bronze:BuggyMess"],"picked":"bronze:Turbo","floor":4.0},{"not_picked":["bronze:BuggyMess","bronze:Deprecate"],"picked":"bronze:Return","floor":6.0},{"not_picked":["bronze:DelayedSlice","bronze:WildBeam"],"picked":"bronze:MaxOutput","floor":10.0},{"not_picked":["bronze:WildBeam","bronze:Safeguard","bronze:DelayedGuard"],"picked":"SKIP","floor":11.0},{"not_picked":["bronze:Branch","bronze:Repair"],"picked":"bronze:Philosophize","floor":12.0},{"not_picked":["bronze:Frontload","bronze:ForceShield","bronze:WildBeam"],"picked":"SKIP","floor":13.0},{"not_picked":["bronze:ItsAFeature","bronze:BitShift","bronze:BronzeArmor"],"picked":"SKIP","floor":14.0},{"not_picked":["bronze:WhirlingStrike","bronze:ForceShield","bronze:DelayedSlice"],"picked":"SKIP","floor":15.0},{"not_picked":["bronze:FindAndReplace","bronze:Assembly"],"picked":"bronze:Library","floor":16.0},{"not_picked":["bronze:Shell","bronze:BitShift","bronze:WhirlingStrike+1"],"picked":"SKIP","floor":19.0},{"not_picked":["bronze:Refactor","bronze:Repair","bronze:NullPointer"],"picked":"SKIP","floor":22.0},{"not_picked":["bronze:Refactor","bronze:NullPointer"],"picked":"bronze:Repair","floor":22.0},{"not_picked":["bronze:ItsAFeature","bronze:Iterate+1"],"picked":"bronze:Terminator+1","floor":23.0},{"not_picked":["bronze:Overload","bronze:BuggyMess","bronze:Philosophize"],"picked":"SKIP","floor":26.0},{"not_picked":["bronze:Overheat","bronze:Allocate"],"picked":"bronze:ClassDefault+1","floor":28},{"not_picked":["bronze:ClassDefault","bronze:BugBarrage+1","bronze:NullPointer+1"],"picked":"SKIP","floor":29},{"not_picked":["bronze:WildBeam","bronze:Shield","bronze:Constructor"],"picked":"SKIP","floor":31},{"not_picked":["bronze:ItsAFeature","bronze:Separator+1"],"picked":"bronze:Hardcode","floor":32}],"player_experience":659922,"relics_obtained":[{"floor":6.0,"key":"Regal Pillow"},{"floor":21.0,"key":"FossilizedHelix"},{"floor":23.0,"key":"Ancient Tea Set"},{"floor":24.0,"key":"Du-Vu Doll"},{"floor":29,"key":"Lantern"}],"event_choices":[{"damage_healed":0.0,"max_hp_gain":5.0,"max_hp_loss":0.0,"gold_gain":0.0,"event_name":"Big Fish","player_choice":"Donut","floor":2.0,"gold_loss":0.0,"damage_taken":0.0},{"damage_healed":0.0,"max_hp_gain":0.0,"max_hp_loss":0.0,"gold_gain":0.0,"event_name":"Ghosts","player_choice":"Ignored","floor":20.0,"gold_loss":0.0,"damage_taken":0.0}],"is_beta":false,"boss_relics":[{"not_picked":["Calling Bell","Pandora\u0027s Box"],"picked":"sneckomod:SneckoTalon"}],"items_purged_floors":[13],"is_endless":false,"potions_floor_spawned":[9,10,15,16,22,23,29,31],"killed_by":"DF_ARCHETYPE_CLAW","ascension_level":0}}