{"host":"1qhzi8r9ejho5yph","time":1611565236,"event":{"mods":["AchievementEnabler","BaseMod","Colored Map","Colored Powertips","Highlight Path","Minty Spire (QoL Compilation)","Permanent Neow","Quick Restart","Random Character Button","StSLib","SuperFastMode"],"gold_per_floor":[112,128,78,93,105,105,105,132,158,169,12,12,21,61,61,168,168,189,189,189],"floor_reached":19,"language":"ENG","playtime":510,"items_purged":[],"score":266,"play_id":"f07281e9-319c-4f49-99a1-f433577450e6","local_time":"20210125170036","is_ascension_mode":true,"campfire_choices":[{"data":"Combust","floor":6,"key":"SMITH"},{"floor":12,"key":"REST"},{"data":"Rupture","floor":15,"key":"SMITH"}],"circlet_count":0,"master_deck":["AscendersBane","Strike_R","Strike_R","Defend_R","Defend_R","Defend_R","Defend_R+1","Bash","Combust+1","Metallicize","Pommel Strike+1","Warcry+1","Evolve","Rupture+1","Wild Strike+1","Flame Barrier","Feed","True Grit"],"relics":["Burning Blood","Boot","War Paint","CeramicFish","Whetstone","Velvet Choker"],"acts_visited":["Exordium","TheCity"],"potions_floor_usage":[16],"damage_taken":[{"damage":10,"enemies":"2 Louse","floor":1,"turns":3},{"damage":6,"enemies":"Small Slimes","floor":2,"turns":3},{"damage":15,"enemies":"Jaw Worm","floor":4,"turns":4},{"damage":18,"enemies":"Red Slaver","floor":5,"turns":4},{"damage":38,"enemies":"Lagavulin","floor":8,"turns":8},{"damage":1,"enemies":"Looter","floor":10,"turns":4},{"damage":24,"enemies":"Gremlin Nob","floor":14,"turns":4},{"damage":17,"enemies":"Hexaghost","floor":16,"turns":8},{"damage":36,"enemies":"2 Thieves","floor":18,"turns":5},{"damage":45,"enemies":"Masked Bandits","floor":19,"turns":3}],"seed_played":"-8621926617164345885","potions_obtained":[{"floor":1,"key":"SteroidPotion"},{"floor":4,"key":"PowerPotion"},{"floor":8,"key":"SkillPotion"}],"is_trial":false,"path_per_floor":["M","M","?","M","M","R","?","E","T","M","$","R","?","E","R","B",null,"M","?"],"character_chosen":"IRONCLAD","items_purchased":["CeramicFish"],"campfire_rested":1,"item_purchase_floors":[11],"current_hp_per_floor":[76,76,76,67,55,55,48,16,16,21,21,47,47,29,29,18,71,41,0,0],"gold":189,"neow_bonus":"TEN_PERCENT_HP_BONUS","is_daily":false,"chose_seed":false,"campfire_upgraded":2,"win_rate":0.0,"timestamp":1611565236,"path_taken":["M","M","?","M","M","R","?","E","T","M","$","R","?","E","R","BOSS","M","?"],"items_purchased_type":["Relic"],"build_version":"2020-12-22","purchased_purges":0,"victory":false,"max_hp_per_floor":[88,88,88,88,88,88,88,88,88,88,88,88,88,88,88,88,88,88,91,91],"card_choices":[{"not_picked":["Burning Pact","Dropkick"],"picked":"Combust","floor":1},{"not_picked":["Armaments","Wild Strike"],"picked":"Metallicize","floor":2},{"not_picked":["Ghostly Armor","Clash"],"picked":"Pommel Strike","floor":4},{"not_picked":["Clash","Uppercut"],"picked":"Warcry","floor":5},{"not_picked":["Clash","Thunderclap"],"picked":"Evolve","floor":8},{"not_picked":["Havoc","Armaments"],"picked":"Rupture","floor":10},{"not_picked":["Twin Strike","Limit Break"],"picked":"Flame Barrier","floor":14},{"not_picked":["Juggernaut","Demon Form"],"picked":"Feed","floor":16},{"not_picked":["Thunderclap","Feel No Pain"],"picked":"True Grit","floor":18}],"player_experience":325920,"relics_obtained":[{"floor":8,"key":"Boot"},{"floor":9,"key":"War Paint"},{"floor":14,"key":"Whetstone"}],"event_choices":[{"cards_removed":["Strike_R"],"damage_healed":0,"gold_gain":0,"player_choice":"Card Removal","damage_taken":0,"max_hp_gain":0,"max_hp_loss":0,"event_name":"The Cleric","floor":3,"gold_loss":50},{"cards_removed":["Strike_R"],"damage_healed":0,"gold_gain":0,"player_choice":"Card Removal","damage_taken":7,"max_hp_gain":0,"max_hp_loss":0,"event_name":"Golden Wing","floor":7,"gold_loss":0},{"damage_healed":0,"gold_gain":0,"cards_transformed":["Strike_R"],"player_choice":"Transformed","damage_taken":0,"max_hp_gain":0,"max_hp_loss":0,"event_name":"Transmorgrifier","floor":13,"gold_loss":0,"cards_obtained":["Wild Strike"]},{"damage_healed":0,"gold_gain":0,"player_choice":"Fought Bandits","damage_taken":0,"max_hp_gain":0,"max_hp_loss":0,"event_name":"Masked Bandits","floor":19,"gold_loss":0}],"is_beta":false,"boss_relics":[{"not_picked":["Astrolabe","SlaversCollar"],"picked":"Velvet Choker"}],"items_purged_floors":[],"is_endless":false,"potions_floor_spawned":[1,4,8],"killed_by":"Masked Bandits","ascension_level":10}}