{"host":"cjhtzh7tp54jdfyv","time":1611538037,"event":{"mods":["AchievementEnabler","BaseMod","Colored Map","Colored Powertips","Curses Come First","DeckTracker","Filter the Spire","Minty Spire (QoL Compilation)","RNG Fix","Relic Sorter","Relic Stats","StSLib","UnlockEverythingMod","ojb\u0027s Better Paths Mod","ojb\u0027s Info Mod"],"gold_per_floor":[109,34,46,61,77,106,106,133,133,143,1,14,41,54,54,125,125,141,141,152,171,181,227,227,242,294,326,344,80,108,121,121,198,198,208,208,219,62,62,62,78,108,108,108,108,136,136,162,162,162,162,162,162,20,53,53,53],"floor_reached":56,"language":"ENG","playtime":6301,"items_purged":["Doubt","Strike_G"],"score":2488,"play_id":"1956dab2-e342-4b81-8934-d5a0a121a87e","local_time":"20210124202717","is_ascension_mode":true,"campfire_choices":[{"data":"Apotheosis","floor":7.0,"key":"SMITH"},{"data":"Noxious Fumes","floor":15.0,"key":"SMITH"},{"data":"Night Terror","floor":24.0,"key":"SMITH"},{"data":"Adrenaline","floor":32.0,"key":"SMITH"},{"floor":40.0,"key":"RECALL"},{"data":"Malaise","floor":47.0,"key":"SMITH"},{"data":"Panache","floor":49.0,"key":"SMITH"},{"data":"Prepared","floor":53.0,"key":"SMITH"}],"circlet_count":0,"master_deck":["AscendersBane","Strike_G","Strike_G+1","Strike_G","Defend_G","Defend_G","Defend_G","Defend_G","Defend_G","Survivor","Neutralize","Apotheosis+1","Sucker Punch+1","Finisher","Die Die Die","Noxious Fumes+1","Backflip","Blade Dance","Blade Dance","Endless Agony","Venomology","Blade Dance","Adrenaline+1","CurseOfTheBell","Cloak And Dagger","Backstab","Night Terror+1","Outmaneuver","Die Die Die","Concentrate","Concentrate","Cloak And Dagger","Malaise+1","Tactician+1","Panache+1","Purity","Blind","Outmaneuver+1","Backstab","Prepared+1","Tactician+1","Caltrops+1","Blade Dance"],"relics":["Ring of the Snake","Potion Belt","Whetstone","PreservedInsect","StoneCalendar","Calling Bell","Bronze Scales","Pear","Dead Branch","Boot","Eternal Feather","Medical Kit","Bag of Preparation","Coffee Dripper","Orrery","Question Card","Frozen Egg 2","Bird Faced Urn","Omamori","Unceasing Top","Calipers"],"acts_visited":["Exordium","TheCity","TheBeyond","TheEnding"],"potions_floor_usage":[56,56,56],"damage_taken":[{"damage":0.0,"enemies":"Jaw Worm","floor":1.0,"turns":6.0},{"damage":0.0,"enemies":"Cultist","floor":3.0,"turns":5.0},{"damage":9.0,"enemies":"Small Slimes","floor":4.0,"turns":3.0},{"damage":0.0,"enemies":"2 Fungi Beasts","floor":5.0,"turns":3.0},{"damage":15.0,"enemies":"3 Sentries","floor":6.0,"turns":7.0},{"damage":0.0,"enemies":"Lagavulin","floor":8.0,"turns":7.0},{"damage":8.0,"enemies":"Blue Slaver","floor":10.0,"turns":4.0},{"damage":0.0,"enemies":"Looter","floor":12.0,"turns":2.0},{"damage":3.0,"enemies":"3 Sentries","floor":13.0,"turns":4.0},{"damage":8.0,"enemies":"Exordium Thugs","floor":14.0,"turns":3.0},{"damage":0.0,"enemies":"Hexaghost","floor":16.0,"turns":6.0},{"damage":1.0,"enemies":"Shell Parasite","floor":18.0,"turns":2.0},{"damage":9.0,"enemies":"Chosen","floor":20.0,"turns":2.0},{"damage":9.0,"enemies":"3 Cultists","floor":21.0,"turns":4.0},{"damage":2.0,"enemies":"Centurion and Healer","floor":22.0,"turns":4.0},{"damage":6.0,"enemies":"Book of Stabbing","floor":23.0,"turns":2.0},{"damage":0.0,"enemies":"Sentry and Sphere","floor":25.0,"turns":2.0},{"damage":0.0,"enemies":"Gremlin Leader","floor":27.0,"turns":3.0},{"damage":7.0,"enemies":"Snake Plant","floor":28.0,"turns":3.0},{"damage":0.0,"enemies":"Book of Stabbing","floor":30.0,"turns":2.0},{"damage":2.0,"enemies":"Centurion and Healer","floor":31.0,"turns":3.0},{"damage":12.0,"enemies":"Automaton","floor":33.0,"turns":6.0},{"damage":6.0,"enemies":"3 Darklings","floor":35.0,"turns":6.0},{"damage":0.0,"enemies":"Orb Walker","floor":37.0,"turns":2.0},{"damage":0.0,"enemies":"Transient","floor":41.0,"turns":6.0},{"damage":0.0,"enemies":"Nemesis","floor":42.0,"turns":3.0},{"damage":0.0,"enemies":"Giant Head","floor":46.0,"turns":7.0},{"damage":0.0,"enemies":"Nemesis","floor":48.0,"turns":1.0},{"damage":26.0,"enemies":"Donu and Deca","floor":50.0,"turns":5.0},{"damage":41.0,"enemies":"Awakened One","floor":51.0,"turns":11.0},{"damage":15.0,"enemies":"Shield and Spear","floor":55.0,"turns":5.0},{"damage":109,"enemies":"The Heart","floor":56,"turns":5}],"seed_played":"407372859019348135","potions_obtained":[{"floor":3.0,"key":"Block Potion"},{"floor":6.0,"key":"PowerPotion"},{"floor":8.0,"key":"Block Potion"},{"floor":13.0,"key":"SmokeBomb"},{"floor":16.0,"key":"FearPotion"},{"floor":20.0,"key":"Poison Potion"},{"floor":22.0,"key":"ColorlessPotion"},{"floor":23.0,"key":"GamblersBrew"},{"floor":28.0,"key":"Energy Potion"},{"floor":35.0,"key":"LiquidMemories"},{"floor":42.0,"key":"PowerPotion"},{"floor":55.0,"key":"DistilledChaos"}],"is_trial":false,"path_per_floor":["M","$","M","M","M","E","R","E","T","M","$","M","E","M","R","B",null,"M","$","M","M","M","E","R","M","T","E","M","$","E","M","R","B",null,"M","?","M","$","?","R","M","E","T","?","T","E","R","E","R","B","B",null,"R","$","E","B"],"character_chosen":"THE_SILENT","items_purchased":["Fire Potion","Blade Dance","Endless Agony","Medical Kit","Orrery","PowerPotion","Caltrops+1"],"campfire_rested":0,"item_purchase_floors":[11,11,11,29,38,54,54],"current_hp_per_floor":[59,59,59,50,50,35,35,35,35,27,27,27,24,16,16,16,64,63,63,54,45,43,37,37,37,37,37,30,30,30,28,46,34,66,60,50,50,50,50,71,76,76,76,76,76,76,76,76,76,54,27,64,76,76,76,0,0],"gold":53,"neow_bonus":"RANDOM_COLORLESS_2","is_daily":false,"chose_seed":false,"campfire_upgraded":7,"win_rate":0.0,"timestamp":1611538037,"path_taken":["M","$","M","M","M","E","R","E","T","M","$","M","E","M","R","BOSS","M","?","M","?","M","E","R","M","T","E","M","$","E","M","R","BOSS","M","?","M","$","?","R","M","E","T","?","?","E","R","E","R","BOSS","BOSS","R","$","E","BOSS"],"items_purchased_type":["Potion","Card","Card","Relic","Relic","Potion","Card"],"build_version":"2020-12-22","purchased_purges":2,"victory":false,"max_hp_per_floor":[66,66,66,66,66,66,66,66,66,66,66,66,66,66,66,66,76,76,76,76,76,76,76,76,76,76,76,76,76,76,76,76,76,76,76,76,76,76,76,76,76,76,76,76,76,76,76,76,76,76,76,76,76,76,76,76,76],"relic_stats":{"counters":[32,134],"Dead Branch":[487],"StoneCalendar":[52],"Eternal Feather":51,"PreservedInsect":476,"Bag of Preparation":[25],"Whetstone":["Sucker Punch","Strike_G"],"Boot":[165],"Medical Kit":[9],"Question Card":3,"Bronze Scales":[255],"Bird Faced Urn":[42],"obtain_stats":[{"Potion Belt":6,"Pear":17,"Calipers":55,"Dead Branch":17,"StoneCalendar":13,"Eternal Feather":27,"PreservedInsect":9,"Bag of Preparation":30,"Omamori":46,"Whetstone":8,"Frozen Egg 2":43,"Boot":23,"Medical Kit":29,"Question Card":42,"Calling Bell":17,"Bronze Scales":17,"Bird Faced Urn":45,"Orrery":38,"Coffee Dripper":34,"Unceasing Top":48,"Ring of the Snake":0},{"Potion Belt":5,"Pear":11,"Calipers":31,"Dead Branch":11,"StoneCalendar":9,"Eternal Feather":18,"PreservedInsect":6,"Bag of Preparation":20,"Omamori":27,"Whetstone":6,"Frozen Egg 2":26,"Boot":16,"Medical Kit":19,"Question Card":26,"Calling Bell":11,"Bronze Scales":11,"Bird Faced Urn":26,"Orrery":24,"Coffee Dripper":22,"Unceasing Top":28,"Ring of the Snake":0},{"Potion Belt":24,"Pear":50,"Calipers":129,"Dead Branch":50,"StoneCalendar":41,"Eternal Feather":69,"PreservedInsect":31,"Bag of Preparation":74,"Omamori":107,"Whetstone":31,"Frozen Egg 2":100,"Boot":64,"Medical Kit":72,"Question Card":100,"Calling Bell":50,"Bronze Scales":50,"Bird Faced Urn":100,"Orrery":91,"Coffee Dripper":83,"Unceasing Top":108,"Ring of the Snake":0}],"Unceasing Top":[3],"Ring of the Snake":[67]},"card_choices":[{"not_picked":["Magnetism","Secret Technique"],"picked":"Apotheosis","floor":0.0},{"not_picked":["Deflect","Expertise"],"picked":"Sucker Punch","floor":1.0},{"not_picked":["Cloak And Dagger","Well Laid Plans"],"picked":"Finisher","floor":3.0},{"not_picked":["Slice","Sucker Punch"],"picked":"Die Die Die","floor":4.0},{"not_picked":["Underhanded Strike","Quick Slash"],"picked":"Noxious Fumes","floor":5.0},{"not_picked":["Reflex","Dagger Spray"],"picked":"Backflip","floor":6.0},{"not_picked":["Acrobatics","Unload"],"picked":"Blade Dance","floor":8.0},{"not_picked":["Acrobatics","Well Laid Plans","Prepared"],"picked":"SKIP","floor":10.0},{"not_picked":["Caltrops","Bouncing Flask","Deflect"],"picked":"SKIP","floor":12.0},{"not_picked":["Doppelganger","Escape Plan"],"picked":"Venomology","floor":13.0},{"not_picked":["Choke","Underhanded Strike"],"picked":"Blade Dance","floor":14.0},{"not_picked":["Envenom","Storm of Steel"],"picked":"Adrenaline","floor":16.0},{"not_picked":["Quick Slash","Backflip","Bane"],"picked":"SKIP","floor":18.0},{"not_picked":["Outmaneuver","Accuracy"],"picked":"Cloak And Dagger","floor":20.0},{"not_picked":["Predator","Blur"],"picked":"Backstab","floor":21.0},{"not_picked":["Deadly Poison+1","Catalyst","Slice"],"picked":"SKIP","floor":22.0},{"not_picked":["Deadly Poison+1","Catalyst","Slice"],"picked":"SKIP","floor":22.0},{"not_picked":["Deflect","Outmaneuver"],"picked":"Night Terror","floor":23.0},{"not_picked":["Outmaneuver","Poisoned Stab","Choke"],"picked":"SKIP","floor":25.0},{"not_picked":["Poisoned Stab","Choke"],"picked":"Outmaneuver","floor":25.0},{"not_picked":["Setup","Dagger Throw"],"picked":"Die Die Die","floor":27.0},{"not_picked":["Sucker Punch","Backflip+1"],"picked":"Concentrate","floor":28.0},{"not_picked":["Predator","Masterful Stab"],"picked":"Concentrate","floor":30.0},{"not_picked":["Flying Knee","Dodge and Roll"],"picked":"Cloak And Dagger","floor":31.0},{"not_picked":["Burst","Glass Knife"],"picked":"Malaise","floor":33.0},{"not_picked":["Blur","Bane"],"picked":"Tactician+1","floor":35.0},{"not_picked":["Mind Blast","Deep Breath"],"picked":"Panache","floor":36.0},{"not_picked":["Forethought","Blind"],"picked":"Purity","floor":36.0},{"not_picked":["Enlightenment","Secret Weapon"],"picked":"Blind","floor":36.0},{"not_picked":["Caltrops","Bane","Slice"],"picked":"SKIP","floor":37.0},{"not_picked":["Underhanded Strike","Glass Knife"],"picked":"Outmaneuver+1","floor":38.0},{"not_picked":["Reflex","Bane"],"picked":"Prepared","floor":41.0},{"not_picked":["Footwork","Dagger Throw","Flying Knee"],"picked":"SKIP","floor":42.0},{"not_picked":["Underhanded Strike+1","Slice","Prepared","Dash"],"picked":"SKIP","floor":46.0},{"not_picked":["Glass Knife","Envenom+1","Dagger Spray+1"],"picked":"Tactician+1","floor":48.0},{"not_picked":["Crippling Poison+1","Dodge and Roll","Sucker Punch"],"picked":"Blade Dance","floor":55.0}],"player_experience":4528315,"relics_obtained":[{"floor":6.0,"key":"Potion Belt"},{"floor":8.0,"key":"Whetstone"},{"floor":9.0,"key":"PreservedInsect"},{"floor":13.0,"key":"StoneCalendar"},{"floor":17.0,"key":"Bronze Scales"},{"floor":17.0,"key":"Pear"},{"floor":17.0,"key":"Dead Branch"},{"floor":23.0,"key":"Boot"},{"floor":27.0,"key":"Eternal Feather"},{"floor":30.0,"key":"Bag of Preparation"},{"floor":42.0,"key":"Question Card"},{"floor":43.0,"key":"Frozen Egg 2"},{"floor":45.0,"key":"Bird Faced Urn"},{"floor":46.0,"key":"Omamori"},{"floor":48.0,"key":"Unceasing Top"},{"floor":55.0,"key":"Calipers"}],"event_choices":[{"damage_healed":0.0,"max_hp_gain":0.0,"max_hp_loss":0.0,"gold_gain":0.0,"event_name":"SensoryStone","player_choice":"Memory 3","floor":36.0,"gold_loss":0.0,"damage_taken":10.0},{"damage_healed":0.0,"max_hp_gain":0.0,"max_hp_loss":0.0,"gold_gain":0.0,"cards_transformed":["Strike_G"],"event_name":"Transmorgrifier","player_choice":"Transformed","floor":39.0,"gold_loss":0.0,"damage_taken":0.0,"cards_obtained":["Backstab"]},{"damage_healed":0.0,"max_hp_gain":0.0,"max_hp_loss":0.0,"gold_gain":0.0,"event_name":"Tomb of Lord Red Mask","player_choice":"Ignored","floor":44.0,"gold_loss":0.0,"damage_taken":0.0}],"is_beta":false,"boss_relics":[{"not_picked":["HoveringKite","Ring of the Serpent"],"picked":"Calling Bell"},{"not_picked":["Velvet Choker","SacredBark"],"picked":"Coffee Dripper"}],"items_purged_floors":[2,29],"is_endless":false,"potions_floor_spawned":[3,6,8,13,16,20,22,23,28,31,35,42,55],"killed_by":"The Heart","ascension_level":20}}