{"host":"z16h96csw6gsetxl","time":1611568551,"event":{"mods":["BaseMod","Minty Spire (QoL Compilation)"],"gold_per_floor":[118,135,155,210,210,210,239,239,266,278,48,64,64,95,95,194,194,206,225,42,59,78,78,97,132,186,186,186],"floor_reached":27,"language":"ZHS","playtime":1589,"items_purged":["Defend_P"],"score":270,"play_id":"4a8a4cd3-e172-4460-8bb0-8ac21fbb454a","local_time":"20210125175551","is_ascension_mode":false,"campfire_choices":[{"data":"Eruption","floor":6.0,"key":"SMITH"},{"floor":8.0,"key":"REST"},{"data":"DeusExMachina","floor":15.0,"key":"SMITH"},{"data":"Apotheosis","floor":23,"key":"SMITH"}],"circlet_count":0,"master_deck":["Strike_P","Strike_P","Strike_P","Strike_P","Defend_P","Defend_P","Defend_P","Eruption+1","Vigilance","WheelKick","CutThroughFate+1","ClearTheMind","DeusExMachina+1","ReachHeaven","WindmillStrike","Regret","WheelKick","Establishment","EmptyFist","Adaptation","Apotheosis+1","Wallop","Omniscience"],"relics":["PureWater","NeowsBlessing","Regal Pillow","Orichalcum","Juzu Bracelet","Eternal Feather","Happy Flower","Philosopher\u0027s Stone","Question Card","Anchor"],"acts_visited":["Exordium","TheCity"],"potions_floor_usage":[22,22,25],"damage_taken":[{"damage":0.0,"enemies":"2 Louse","floor":1.0,"turns":1.0},{"damage":0.0,"enemies":"Small Slimes","floor":2.0,"turns":1.0},{"damage":0.0,"enemies":"Jaw Worm","floor":3.0,"turns":1.0},{"damage":36.0,"enemies":"Lagavulin","floor":7.0,"turns":3.0},{"damage":0.0,"enemies":"2 Fungi Beasts","floor":10.0,"turns":2.0},{"damage":0.0,"enemies":"Large Slime","floor":12.0,"turns":2.0},{"damage":3.0,"enemies":"3 Sentries","floor":14.0,"turns":2.0},{"damage":33.0,"enemies":"The Guardian","floor":16.0,"turns":4.0},{"damage":5.0,"enemies":"Spheric Guardian","floor":18.0,"turns":3.0},{"damage":16.0,"enemies":"Shell Parasite","floor":19.0,"turns":3.0},{"damage":8,"enemies":"Snecko","floor":21,"turns":3},{"damage":0,"enemies":"Shelled Parasite and Fungi","floor":22,"turns":1},{"damage":0,"enemies":"Centurion and Healer","floor":24,"turns":2},{"damage":33,"enemies":"Slavers","floor":25,"turns":3},{"damage":22,"enemies":"Snake Plant","floor":27,"turns":2}],"seed_played":"1815254557914283012","potions_obtained":[{"floor":2.0,"key":"Ancient Potion"},{"floor":3.0,"key":"Swift Potion"},{"floor":7.0,"key":"SteroidPotion"},{"floor":10.0,"key":"Swift Potion"},{"floor":18.0,"key":"SkillPotion"},{"floor":24,"key":"BottledMiracle"}],"is_trial":false,"path_per_floor":["M","M","M","?","?","R","E","R","T","M","$","M","?","E","R","B",null,"M","M","$","M","M","R","M","E","T","M"],"character_chosen":"WATCHER","items_purchased":["Juzu Bracelet","Apotheosis"],"campfire_rested":1,"item_purchase_floors":[11,20],"current_hp_per_floor":[72,72,72,72,72,72,36,72,72,72,72,72,72,69,72,39,72,67,51,51,43,43,55,55,22,22,0,0],"gold":186,"neow_bonus":"THREE_ENEMY_KILL","is_daily":false,"chose_seed":false,"campfire_upgraded":3,"win_rate":0.0,"timestamp":1611568551,"path_taken":["M","M","M","?","?","R","E","R","T","M","$","M","?","E","R","BOSS","M","M","$","M","M","R","M","E","T","M"],"items_purchased_type":["Relic","Card"],"build_version":"2020-12-22","purchased_purges":1,"victory":false,"max_hp_per_floor":[72,72,72,72,72,72,72,72,72,72,72,72,72,72,72,72,72,72,72,72,72,72,72,72,72,72,72,72],"card_choices":[{"not_picked":["PathToVictory","Halt"],"picked":"WheelKick","floor":1.0},{"not_picked":["FollowUp","BowlingBash"],"picked":"CutThroughFate","floor":2.0},{"not_picked":["FlurryOfBlows","Crescendo"],"picked":"ClearTheMind","floor":3.0},{"not_picked":["Crescendo","JustLucky"],"picked":"DeusExMachina","floor":7.0},{"not_picked":["Perseverance","InnerPeace"],"picked":"ReachHeaven","floor":10.0},{"not_picked":["WreathOfFlame","Crescendo"],"picked":"WindmillStrike","floor":12.0},{"not_picked":["JustLucky","SashWhip"],"picked":"WheelKick","floor":14.0},{"not_picked":["Judgement","Scrawl"],"picked":"Establishment","floor":16.0},{"not_picked":["Sanctity","ThirdEye"],"picked":"EmptyFist","floor":18.0},{"not_picked":["Protect","FlurryOfBlows"],"picked":"Adaptation","floor":19.0},{"not_picked":["ReachHeaven","ClearTheMind"],"picked":"Wallop","floor":21},{"not_picked":["ClearTheMind","Consecrate+1","Swivel"],"picked":"SKIP","floor":22},{"not_picked":["CutThroughFate","Pray","Crescendo"],"picked":"SKIP","floor":24},{"not_picked":["Adaptation","LessonLearned"],"picked":"Omniscience","floor":25}],"player_experience":41398,"relics_obtained":[{"floor":7.0,"key":"Regal Pillow"},{"floor":9.0,"key":"Orichalcum"},{"floor":14.0,"key":"Happy Flower"},{"floor":25,"key":"Question Card"},{"floor":26,"key":"Anchor"}],"event_choices":[{"damage_healed":0.0,"max_hp_gain":0.0,"max_hp_loss":0.0,"gold_gain":55.0,"event_name":"Golden Wing","player_choice":"Gained Gold","floor":4.0,"gold_loss":0.0,"damage_taken":0.0},{"damage_healed":0.0,"max_hp_gain":0.0,"max_hp_loss":0.0,"gold_gain":0.0,"event_name":"Living Wall","player_choice":"Grow","floor":5.0,"gold_loss":0.0,"damage_taken":0.0,"cards_upgraded":["CutThroughFate"]},{"damage_healed":0.0,"max_hp_gain":0.0,"max_hp_loss":0.0,"gold_gain":0.0,"event_name":"Big Fish","player_choice":"Box","floor":13.0,"gold_loss":0.0,"damage_taken":0.0,"relics_obtained":["Eternal Feather"],"cards_obtained":["Regret"]}],"is_beta":false,"boss_relics":[{"not_picked":["Coffee Dripper","Cursed Key"],"picked":"Philosopher\u0027s Stone"}],"items_purged_floors":[11],"is_endless":false,"potions_floor_spawned":[2,3,7,10,18,19,24],"killed_by":"Snake Plant","ascension_level":0}}