{"host":"7vyuhf36gh5rmcz2","time":1611564453,"event":{"mods":["AchievementEnabler","BaseMod","Highlight Path","Minty Spire (QoL Compilation)","StSLib"],"gold_per_floor":[111,2,15,26,41,41,41,41,41,58,58,58,89,100,100,197,197,215,215,235,252,270,270,302,317,343,343,370,370,370],"floor_reached":29,"language":"ENG","playtime":1749,"items_purged":["Strike_B"],"score":414,"play_id":"bf77ea1c-ae9f-47f9-a46e-d9cfdc3b158b","local_time":"20210125084733","is_ascension_mode":true,"campfire_choices":[{"data":"Fission","floor":6,"key":"SMITH"},{"data":"Static Discharge","floor":8,"key":"SMITH"},{"data":"Zap","floor":15,"key":"SMITH"},{"data":"Thunder Strike","floor":23,"key":"SMITH"},{"data":"Consume","floor":27,"key":"SMITH"}],"circlet_count":0,"master_deck":["AscendersBane","Strike_B","Defend_B","Defend_B","Defend_B","Defend_B","Zap+1","Dualcast","Fission+1","Static Discharge+1","Self Repair","Turbo","Glacier","Steam","All For One","Self Repair","Melter","Thunder Strike+1","Ball Lightning+1","Leap+1","Hologram+1","Conserve Battery","Consume+1","Capacitor"],"relics":["Cracked Core","Oddly Smooth Stone","Eternal Feather","Sozu","WingedGreaves","Prayer Wheel"],"acts_visited":["Exordium","TheCity"],"potions_floor_usage":[13,16],"damage_taken":[{"damage":0,"enemies":"Small Slimes","floor":1,"turns":4},{"damage":8,"enemies":"2 Louse","floor":3,"turns":3},{"damage":6,"enemies":"Cultist","floor":4,"turns":4},{"damage":19,"enemies":"Exordium Thugs","floor":5,"turns":6},{"damage":6,"enemies":"Lots of Slimes","floor":10,"turns":7},{"damage":13,"enemies":"3 Sentries","floor":13,"turns":7},{"damage":6,"enemies":"2 Fungi Beasts","floor":14,"turns":4},{"damage":41,"enemies":"Hexaghost","floor":16,"turns":12},{"damage":10,"enemies":"2 Thieves","floor":18,"turns":4},{"damage":4,"enemies":"Spheric Guardian","floor":20,"turns":3},{"damage":1,"enemies":"Centurion and Healer","floor":21,"turns":6},{"damage":31,"enemies":"Snecko","floor":22,"turns":6},{"damage":50,"enemies":"Book of Stabbing","floor":24,"turns":5},{"damage":12,"enemies":"Chosen and Byrds","floor":25,"turns":4},{"damage":42,"enemies":"Slavers","floor":28,"turns":6},{"damage":20,"enemies":"3 Cultists","floor":29,"turns":4}],"seed_played":"-219905154389899959","potions_obtained":[{"floor":1,"key":"EssenceOfDarkness"},{"floor":13,"key":"AttackPotion"}],"is_trial":false,"path_per_floor":["M","$","M","M","M","R","?","R","T","M","?","?","E","M","R","B",null,"M","?","M","M","M","R","E","M","T","R","E","M"],"character_chosen":"DEFECT","items_purchased":["Self Repair"],"campfire_rested":0,"item_purchase_floors":[2],"current_hp_per_floor":[68,68,67,68,56,56,56,56,56,57,50,50,44,52,61,34,65,69,62,65,75,58,70,34,36,36,48,20,0,0],"gold":370,"neow_bonus":"ONE_RANDOM_RARE_CARD","is_daily":false,"chose_seed":false,"campfire_upgraded":5,"win_rate":0.0,"timestamp":1611564453,"path_taken":["M","$","M","M","M","R","?","R","T","M","?","?","E","M","R","BOSS","M","?","M","?","M","R","E","M","T","R","E","M"],"items_purchased_type":["Card"],"build_version":"2020-12-22","purchased_purges":1,"victory":false,"max_hp_per_floor":[75,75,75,75,75,75,75,75,75,75,75,75,75,75,75,75,75,75,75,75,75,75,75,75,75,75,75,75,75,75],"card_choices":[{"not_picked":["Rebound","Beam Cell"],"picked":"Static Discharge","floor":1},{"not_picked":["Beam Cell","Blizzard"],"picked":"Turbo","floor":3},{"not_picked":["Beam Cell","Streamline"],"picked":"Glacier","floor":4},{"not_picked":["Hello World","Ball Lightning","Stack"],"picked":"SKIP","floor":5},{"not_picked":["Leap","Redo"],"picked":"Steam","floor":10},{"not_picked":["Barrage","Conserve Battery"],"picked":"Self Repair","floor":13},{"not_picked":["Rebound","Recycle"],"picked":"Melter","floor":14},{"not_picked":["Core Surge","Buffer"],"picked":"Thunder Strike","floor":16},{"not_picked":["Cold Snap+1","Gash"],"picked":"Ball Lightning+1","floor":18},{"not_picked":["Coolheaded","Turbo"],"picked":"Leap+1","floor":20},{"not_picked":["Storm","Rebound+1"],"picked":"Hologram+1","floor":21},{"not_picked":["Buffer","Stack+1"],"picked":"Conserve Battery","floor":22},{"not_picked":["Static Discharge","FTL"],"picked":"Consume","floor":24},{"not_picked":["Steam","White Noise","Streamline"],"picked":"SKIP","floor":25},{"not_picked":["Barrage","Fission"],"picked":"Capacitor","floor":28}],"player_experience":550583,"relics_obtained":[{"floor":9,"key":"Oddly Smooth Stone"},{"floor":13,"key":"Eternal Feather"},{"floor":24,"key":"WingedGreaves"},{"floor":28,"key":"Prayer Wheel"}],"event_choices":[{"damage_healed":0,"gold_gain":0,"player_choice":"Leave","damage_taken":0,"max_hp_gain":0,"max_hp_loss":0,"event_name":"The Cleric","floor":7,"gold_loss":0},{"cards_removed":["Strike_B"],"damage_healed":0,"gold_gain":0,"player_choice":"Card Removal","damage_taken":7,"max_hp_gain":0,"max_hp_loss":0,"event_name":"Golden Wing","floor":11,"gold_loss":0},{"damage_healed":0,"gold_gain":0,"cards_transformed":["Strike_B"],"player_choice":"Change","damage_taken":0,"max_hp_gain":0,"max_hp_loss":0,"event_name":"Living Wall","floor":12,"gold_loss":0,"cards_obtained":["All For One"]},{"damage_healed":0,"gold_gain":0,"player_choice":"Damaged","damage_taken":7,"max_hp_gain":0,"max_hp_loss":0,"event_name":"Wheel of Change","floor":19,"gold_loss":0}],"is_beta":false,"boss_relics":[{"not_picked":["Velvet Choker","Cursed Key"],"picked":"Sozu"}],"items_purged_floors":[2],"is_endless":false,"potions_floor_spawned":[1,13,18,21,22,28],"killed_by":"3 Cultists","ascension_level":11}}