{"host":"nia1zwr35jsu5y7h","time":1611543426,"event":{"mods":["2.2 Compatiblity","Abigail Mod","Bard","BaseMod","Colored Map","Conspire","Downfall","Friendly Minions","Hermit","Highlight Path","Hubris","Infinite Spire","Kiyohime????","Koishi","Marisa????????","Minty Spire (QoL Compilation)","Quick Restart","Replay The Spire","Shade Mod","Shop Mod","StSLib","The Administrix","The Animator","The Construct","The Cursed","The Disciple","The Mystic","The Necromancer","The Servant 0.9.4"],"gold_per_floor":[15,34,134,134,57,88,113,142,142,165,165,15,45,56,56,152,152,163,355,280,280,19,19,50,7,79,89,89,115,138,148,148,248,248,267,267,278,188,204,229,229,256,256,332,348,365,6,19,19,19],"floor_reached":51,"language":"ENG","playtime":3188,"items_purged":["downfall:Haunted","animator:TakanashiRikka"],"score":929,"play_id":"27af98e7-040b-41ad-b198-c2b85160c8d6","local_time":"20210124185706","is_ascension_mode":true,"campfire_choices":[{"data":"animator:Shichika","floor":11,"key":"SMITH"},{"data":"animator:FielNirvalen","floor":15,"key":"SMITH"},{"data":"animator:MetalKnight","floor":23,"key":"SMITH"},{"data":"AdministrixMod:Metempsychosis","floor":28,"key":"SMITH"},{"data":"animator:Shichika","floor":32,"key":"SMITH"},{"data":"animator:Geryuganshoop","floor":41,"key":"SMITH"},{"data":"animator:Geryuganshoop","floor":49,"key":"SMITH"}],"circlet_count":0,"master_deck":["animator:Defend_Katanagatari+1","animator:Defend","animator:Defend","animator:Defend","animator:Azekura","animator:Emonzaemon+1","animator:MetalKnight+1","ReplayTheSpireMod:Doomed","animator:Sora","Shame","ReplayTheSpireMod:Faulty Equipment","animator:Geryuganshoop+1","animator:Saber","animator:Shichika+1","animator:ShinjiMatou","animator:Guren","animator:FielNirvalen+1","animator:SilverFang","animator:Saber","animator:Rider","animator:SakuraMatou","animator:RinTohsaka+1","animator:ZankiKiguchi+1","animator:Kaijin","animator:Saber","animator:Darkness","animator:MamizouFutatsuiwa","AdministrixMod:Metempsychosis+1","animator:Shichika+1","animator:Sora","animator:Shichika","animator:HinaKagiyama","animator:Curse_Dizziness","animator:Hakurou+1","animator:Geryuganshoop+1","animator:Eris","animator:MamizouFutatsuiwa","animator:HarukoHaruhara","animator:Zero","animator:IchigoKurosaki"],"relics":["animator:LivingPicture","animator:TheMissingPiece","animator:PurgingStone","Du-Vu Doll","Guardian:PocketSentry","Tiny Chest","Meat on the Bone","hubris:DisguiseKit","Pocketwatch","animator:RacePiece","Membership Card","Whetstone","conspire:DecoderRing","InkBottle","hubris:MedicalManual","PreservedInsect","Sozu","animator:Buoy","ReplayTheSpireMod:Lightbulb","construct:FoamFinger","Snack Pack","ReplayTheSpireMod:ShopPack","Oddly Smooth Stone","Paper Frog"],"acts_visited":["Exordium","TheCity","TheBeyond"],"potions_floor_usage":[6,6,8,8,29,50,50,50],"damage_taken":[{"damage":1,"enemies":"Cultist","floor":1,"turns":5},{"damage":0,"enemies":"2 Louse","floor":2,"turns":3},{"damage":12,"enemies":"Lagavulin","floor":6,"turns":6},{"damage":3,"enemies":"Jaw Worm","floor":7,"turns":4},{"damage":0,"enemies":"Gremlin Nob","floor":8,"turns":2},{"damage":3,"enemies":"Exordium Wildlife","floor":10,"turns":3},{"damage":21,"enemies":"Lagavulin","floor":13,"turns":5},{"damage":4,"enemies":"Blue Slaver","floor":14,"turns":2},{"damage":0,"enemies":"Slime Boss","floor":16,"turns":6},{"damage":0,"enemies":"conspire:FuzzyDice","floor":18,"turns":4},{"damage":0,"enemies":"animator:HornedBat","floor":24,"turns":9},{"damage":0,"enemies":"Chosen","floor":27,"turns":4},{"damage":33,"enemies":"Gremlin Leader","floor":29,"turns":6},{"damage":0,"enemies":"Snecko","floor":31,"turns":4},{"damage":38,"enemies":"Collector","floor":33,"turns":10},{"damage":21,"enemies":"3 Darklings","floor":35,"turns":5},{"damage":0,"enemies":"Orb Walker","floor":37,"turns":4},{"damage":28,"enemies":"Transient","floor":39,"turns":5},{"damage":6,"enemies":"R_Hoarder","floor":40,"turns":5},{"damage":21,"enemies":"Reptomancer","floor":42,"turns":4},{"damage":0,"enemies":"Sphere and 2 Shapes","floor":45,"turns":4},{"damage":16,"enemies":"Jaw Worm Horde","floor":46,"turns":3},{"damage":0,"enemies":"Maw","floor":48,"turns":6},{"damage":23,"enemies":"Awakened One","floor":50,"turns":7}],"seed_played":"-1224552981478865120","potions_obtained":[{"floor":1,"key":"EntropicBrew"},{"floor":6,"key":"BlessingOfTheForge"},{"floor":8,"key":"Ancient Potion"},{"floor":13,"key":"BlessingOfTheForge"},{"floor":31,"key":"SteroidPotion"}],"is_trial":false,"path_per_floor":["M","M","?","T","$","E","M","E","T","M","R","$","E","M","R","B",null,"M","?","?","?","$","R","E","$","T","M","R","E","T","M","R","B",null,"M","?","M","?","M","E","R","E","T","T","M","M","$","M","R","B",null],"character_chosen":"THE_ANIMATOR","items_purchased":["animator:Geryuganshoop","animator:FielNirvalen","Membership Card","animator:Saber","Whetstone","animator:MamizouFutatsuiwa","ReplayTheSpireMod:ShopPack","Oddly Smooth Stone","Paper Frog","animator:MamizouFutatsuiwa"],"campfire_rested":0,"item_purchase_floors":[5,12,22,22,22,25,47,47,47,47],"current_hp_per_floor":[65,65,70,70,70,58,55,55,55,52,52,52,43,39,39,39,71,72,54,54,54,54,54,54,54,54,54,54,33,33,45,45,19,72,51,51,51,51,35,41,41,32,32,32,44,40,40,47,47,40],"gold":19,"neow_bonus":"RANDOM_COLORLESS_2","is_daily":false,"chose_seed":false,"campfire_upgraded":7,"win_rate":0.0,"timestamp":1611543426,"path_taken":["M","?","?","?","?","E","M","E","T","M","R","$","E","M","R","BOSS","M","?","?","?","$","R","E","$","T","M","R","E","?","M","R","BOSS","M","?","M","?","?","E","R","E","T","?","M","?","$","M","R","BOSS"],"items_purchased_type":["Card","Card","Relic","Card","Relic","Card","Relic","Relic","Relic","Card"],"build_version":"2020-12-22","purchased_purges":2,"victory":true,"max_hp_per_floor":[66,66,71,71,71,71,71,71,71,71,71,71,71,71,71,71,71,72,72,72,72,72,72,72,72,72,72,72,72,72,72,72,72,72,72,72,72,72,72,72,72,72,72,72,72,72,72,72,72,72],"card_choices":[{"not_picked":["animator:KotoriKanbe","animator:Patchouli"],"picked":"animator:TakanashiRikka","floor":0},{"not_picked":["animator:Yoichi","animator:DolaSchwi","animator:Layla"],"picked":"SKIP","floor":1},{"not_picked":["animator:Konayuki","animator:GazelDwargon"],"picked":"animator:MetalKnight","floor":2},{"not_picked":["animator:ChlammyZell","animator:DolaCouronne"],"picked":"animator:Saber","floor":6},{"not_picked":["animator:Togame","animator:Azekura"],"picked":"animator:Shichika","floor":7},{"not_picked":["animator:Chris","animator:AcuraAkari"],"picked":"animator:ShinjiMatou","floor":8},{"not_picked":["animator:Yoichi","animator:YunYun","AdministrixMod:CenturiesAscent"],"picked":"animator:Guren","floor":10},{"not_picked":["animator:LeleiLaLalena","animator:ChlammyZell","animator:Guy","AdministrixMod:ImmortalPurity"],"picked":"SKIP","floor":13},{"not_picked":["animator:Genos","animator:MumenRider"],"picked":"animator:SilverFang","floor":14},{"not_picked":["animator:Guren","animator:PinaCoLada","AdministrixMod:StarSwordSoul"],"picked":"animator:Saber","floor":16},{"not_picked":["animator:Fredrika","animator:ShinjiMatou","AdministrixMod:SyncreticSurge"],"picked":"animator:ZankiKiguchi","floor":18},{"not_picked":["animator:Gillette","animator:Geryuganshoop","AdministrixMod:DiversionaryTactic"],"picked":"animator:Kaijin","floor":19},{"not_picked":["animator:PinaCoLada","animator:Emonzaemon","AdministrixMod:WickedPunishment"],"picked":"animator:Darkness","floor":24},{"not_picked":["animator:HiiragiShinya","animator:Togame","animator:Caster"],"picked":"AdministrixMod:Metempsychosis","floor":27},{"not_picked":["animator:ZankiKiguchi","animator:Kaijin","animator:Yoichi"],"picked":"animator:Shichika","floor":31},{"not_picked":["animator:ChaikaTrabant","animator:Boros","AdministrixMod:BrewingCloister"],"picked":"animator:Sora","floor":33},{"not_picked":["animator:RinTohsaka","animator:Viivi","AdministrixMod:ChooseYourEnd"],"picked":"animator:Shichika","floor":35},{"not_picked":["animator:TukaLunaMarceau","animator:ZankiKiguchi","AdministrixMod:PassageOfAges"],"picked":"animator:Hakurou+1","floor":37},{"not_picked":["animator:DolaSchwi+1","animator:Caster","AdministrixMod:FeastOfDew"],"picked":"animator:Geryuganshoop","floor":40},{"not_picked":["animator:Konayuki","animator:Layla","animator:YunYun","AdministrixMod:RebukeDesires"],"picked":"SKIP","floor":42},{"not_picked":["animator:IzunaHatsuse","animator:YunYun","AdministrixMod:Untouchable"],"picked":"animator:Eris","floor":45},{"not_picked":["animator:Emilia","animator:Kira","animator:TakanashiRikka"],"picked":"animator:HarukoHaruhara","floor":47},{"not_picked":["animator:Shimakaze","animator:Kuroyukihime","animator:QuestionMark"],"picked":"animator:Zero","floor":47},{"not_picked":["animator:Urushihara","animator:MisakiNakahara","animator:Emilia"],"picked":"animator:IchigoKurosaki","floor":47},{"not_picked":["animator:Assassin+1","animator:Alexander","animator:Mitsurugi","AdministrixMod:CrackingPangu"],"picked":"SKIP","floor":48}],"player_experience":2254929,"relics_obtained":[{"floor":4,"key":"Guardian:PocketSentry"},{"floor":6,"key":"Tiny Chest"},{"floor":8,"key":"Meat on the Bone"},{"floor":9,"key":"hubris:DisguiseKit"},{"floor":13,"key":"Pocketwatch"},{"floor":24,"key":"conspire:DecoderRing"},{"floor":26,"key":"InkBottle"},{"floor":29,"key":"hubris:MedicalManual"},{"floor":30,"key":"PreservedInsect"},{"floor":40,"key":"animator:Buoy"},{"floor":42,"key":"ReplayTheSpireMod:Lightbulb"},{"floor":43,"key":"construct:FoamFinger"},{"floor":44,"key":"Snack Pack"}],"event_choices":[{"cards_removed":["downfall:Haunted"],"damage_healed":0,"gold_gain":0,"player_choice":"Gave Gold","damage_taken":0,"max_hp_gain":0,"max_hp_loss":0,"event_name":"Beggar","floor":20,"gold_loss":75},{"cards_removed":["animator:Strike_Katanagatari"],"damage_healed":0,"gold_gain":0,"player_choice":"Upgrade and Remove","damage_taken":0,"max_hp_gain":0,"max_hp_loss":0,"event_name":"Designer","floor":38,"gold_loss":90,"cards_upgraded":["animator:RinTohsaka"]}],"is_beta":false,"boss_relics":[{"not_picked":["hubris:BlackHole","hubris:HollowSoul"],"picked":"animator:RacePiece"},{"not_picked":["Calling Bell","conspire:SlowCooker"],"picked":"Sozu"}],"items_purged_floors":[12,47],"is_endless":false,"potions_floor_spawned":[1,6,8,13,14,24,31,35,37,40,42,48],"ascension_level":1}}