{"host":"gqcohn9v5baj3dmw","time":1611533361,"event":{"mods":["BaseMod","Better Note","Better Sensory Stone","Better Skull","Colored Map","Downfall","Marked Mod","Minty Spire (QoL Compilation)","Rare Cards Sparkle","Relic Stats","StSLib"],"gold_per_floor":[99,111,211,225,236,236,262,262,276,276,287,304,333,21,38,137,137,137,150,150,166,180,180,253,272,272,307,321,321,321,256,272,377,377,377,394,394,113,113,113,113,96,112,112,112,132,82,99,112,112,112,112],"floor_reached":50,"language":"ENG","playtime":3360,"items_purged":["Slimebound:Defend_Slimebound","Parasite","Slimebound:Split","Slimebound:CorrosiveSpit","Normality"],"score":491,"play_id":"e04db0d5-fea1-4b8a-aba5-1594e2a26b0e","local_time":"20210125010921","is_ascension_mode":false,"campfire_choices":[{"data":"Slimebound:Tackle","floor":1.0,"key":"SMITH"},{"data":"Slimebound:ComboTackle","floor":8.0,"key":"SMITH"},{"data":"Slimebound:SlimeSpikes","floor":10.0,"key":"SMITH"},{"data":"Slimebound:Chomp","floor":18.0,"key":"SMITH"},{"data":"Slimebound:RollThrough","floor":23.0,"key":"SMITH"},{"data":"Slimebound:SlimeSpikes","floor":26.0,"key":"SMITH"},{"data":"Slimebound:GoopTackle","floor":30.0,"key":"SMITH"},{"data":"Slimebound:CheckThePlaybook","floor":35.0,"key":"SMITH"},{"data":"Slimebound:LivingWall","floor":40.0,"key":"SMITH"},{"floor":44.0,"key":"REST"}],"circlet_count":0,"master_deck":["Slimebound:Tackle+1","Slimebound:Defend_Slimebound","Slimebound:Defend_Slimebound","Slimebound:Chomp+1","Slimebound:ComboTackle+1","Slimebound:Schlurp","Slimebound:SlimeSpikes+1","Slimebound:LivingWall+1","Slimebound:RollThrough+1","Slimebound:Chomp+1","Slimebound:SlimeSpikes+1","Slimebound:HauntingLick+1","Slimebound:Grow+1","Slimebound:Gluttony+1","Slimebound:GoopTackle+1","Slimebound:CheckThePlaybook+1","Slimebound:LivingWall+1","Slimebound:Recycling+1","Slimebound:LivingWall+1","Slimebound:Recollect","Doubt","Slimebound:Grow+1"],"relics":["Slimebound:AbsorbEndCombat","Smiling Mask","Ancient Tea Set","Cursed Key","Nloth\u0027s Gift","Frozen Egg 2","Blue Candle","Empty Cage","Slimebound:SelfDamagePreventRelic","Slimebound:PotencyRelic","Bag of Preparation","Sling"],"acts_visited":["Exordium","TheCity","TheBeyond"],"potions_floor_usage":[50,50,50],"damage_taken":[{"damage":8.0,"enemies":"2 Louse","floor":2.0,"turns":3.0},{"damage":4.0,"enemies":"Cultist","floor":4.0,"turns":3.0},{"damage":6.0,"enemies":"Small Slimes","floor":5.0,"turns":3.0},{"damage":16.0,"enemies":"Gremlin Gang","floor":9.0,"turns":3.0},{"damage":0.0,"enemies":"Large Slime","floor":11.0,"turns":4.0},{"damage":0.0,"enemies":"Blue Slaver","floor":12.0,"turns":3.0},{"damage":17.0,"enemies":"Gremlin Nob","floor":13.0,"turns":4.0},{"damage":0.0,"enemies":"downfall:FleeingMerchant","floor":14.0,"turns":4.0},{"damage":0.0,"enemies":"Red Slaver","floor":15.0,"turns":3.0},{"damage":34.0,"enemies":"DF_ARCHETYPE_STREAMLINE","floor":16.0,"turns":14.0},{"damage":1.0,"enemies":"Chosen","floor":19.0,"turns":4.0},{"damage":6.0,"enemies":"Spheric Guardian","floor":21.0,"turns":3.0},{"damage":6.0,"enemies":"Chosen and Byrds","floor":22.0,"turns":5.0},{"damage":11.0,"enemies":"3 Cultists","floor":25.0,"turns":6.0},{"damage":15.0,"enemies":"Slavers","floor":27.0,"turns":4.0},{"damage":13.0,"enemies":"Centurion and Healer","floor":28.0,"turns":4.0},{"damage":4.0,"enemies":"downfall:FleeingMerchant","floor":31.0,"turns":4.0},{"damage":10.0,"enemies":"Shelled Parasite and Fungi","floor":32.0,"turns":3.0},{"damage":21.0,"enemies":"IC_MUSHROOM_ARCHETYPE","floor":33.0,"turns":5.0},{"damage":22.0,"enemies":"3 Darklings","floor":36.0,"turns":5.0},{"damage":3.0,"enemies":"downfall:FleeingMerchant","floor":38.0,"turns":4.0},{"damage":25.0,"enemies":"downfall:FleeingMerchant","floor":42.0,"turns":3.0},{"damage":16.0,"enemies":"Orb Walker","floor":43.0,"turns":3.0},{"damage":1.0,"enemies":"4 Shapes","floor":46.0,"turns":4.0},{"damage":3.0,"enemies":"Sphere and 2 Shapes","floor":48.0,"turns":4.0},{"damage":13.0,"enemies":"Writhing Mass","floor":49.0,"turns":5.0},{"damage":60,"enemies":"WA_ARCHETYPE_DIVINITY","floor":50,"turns":15}],"seed_played":"1624468150192148354","potions_obtained":[{"floor":2.0,"key":"DistilledChaos"},{"floor":4.0,"key":"champ:CounterPotion"},{"floor":9.0,"key":"Slimebound:SlimedPotion"},{"floor":13.0,"key":"Guardian:BlockOnCardUsePotion"},{"floor":16.0,"key":"Slimebound:SlimedPotion"},{"floor":25.0,"key":"Slimebound:SpawnSlimePotion"},{"floor":27.0,"key":"Slimebound:SlimedPotion"},{"floor":36.0,"key":"BlessingOfTheForge"}],"is_trial":false,"path_per_floor":["R","M","?","M","M","?","T","R","M","R","M","M","E","$","M","B",null,"R","M","?","M","M","R","T","M","R","E","M","?","R","$","M","B",null,"R","M","?","$","?","R","T","$","M","R","?","M","$","M","M","B"],"character_chosen":"SLIMEBOUND","items_purchased":["Slimebound:Chomp","Slimebound:SlimeSpikes","Chemical X","Slimebound:SelfDamagePreventRelic","Slimebound:Recycling+1","Bag of Preparation","Sling"],"campfire_rested":1,"item_purchase_floors":[14,14,14,38,38,42,42],"current_hp_per_floor":[65,59,59,57,51,51,51,51,41,41,49,53,40,42,44,18,65,65,65,65,63,63,63,63,56,56,49,44,44,44,46,40,27,62,62,44,44,47,47,47,47,28,18,36,62,62,62,62,50,0,0,0],"gold":112,"neow_bonus":"REMOVE_CARD","is_daily":false,"chose_seed":false,"campfire_upgraded":9,"win_rate":0.0,"timestamp":1611533361,"path_taken":["R","M","?","?","M","?","T","R","M","R","?","?","E","$","M","BOSS","R","M","?","M","M","R","T","M","R","E","M","?","R","$","M","BOSS","R","M","?","$","?","R","T","$","M","R","?","M","$","M","M","BOSS"],"items_purchased_type":["Card","Card","Relic","Relic","Card","Relic","Relic"],"build_version":"2020-12-22","purchased_purges":5,"victory":false,"max_hp_per_floor":[65,65,65,65,65,65,65,65,65,65,65,65,65,65,65,65,65,65,65,65,65,65,65,65,65,65,65,65,65,65,62,62,62,62,62,62,62,62,62,62,62,62,62,62,62,62,62,62,62,62,62,62],"relic_stats":{"counters":[27,125],"Blue Candle":[7],"Nloth\u0027s Gift":1,"Bag of Preparation":[10],"Smiling Mask":375,"Cursed Key":2,"obtain_stats":[{"Slimebound:SelfDamagePreventRelic":38,"Blue Candle":27,"Bag of Preparation":42,"Frozen Egg 2":24,"Smiling Mask":7,"Ancient Tea Set":13,"Cursed Key":17,"Empty Cage":34,"Sling":42,"Slimebound:PotencyRelic":41,"Slimebound:AbsorbEndCombat":0,"Nloth\u0027s Gift":20,"Chemical X":14},{"Slimebound:SelfDamagePreventRelic":21,"Blue Candle":15,"Bag of Preparation":22,"Frozen Egg 2":13,"Smiling Mask":3,"Ancient Tea Set":7,"Cursed Key":10,"Empty Cage":19,"Sling":22,"Slimebound:PotencyRelic":21,"Slimebound:AbsorbEndCombat":0,"Nloth\u0027s Gift":11,"Chemical X":8},{"Slimebound:SelfDamagePreventRelic":91,"Blue Candle":66,"Bag of Preparation":94,"Frozen Egg 2":56,"Smiling Mask":9,"Ancient Tea Set":23,"Cursed Key":44,"Empty Cage":82,"Sling":94,"Slimebound:PotencyRelic":91,"Slimebound:AbsorbEndCombat":0,"Nloth\u0027s Gift":48,"Chemical X":27}]},"card_choices":[{"not_picked":["Slimebound:FinishingTackle","Slimebound:LevelUp"],"picked":"Slimebound:Chomp","floor":2.0},{"not_picked":["Slimebound:SamplingLick","Slimebound:SlimeBarrage"],"picked":"Slimebound:ComboTackle","floor":4.0},{"not_picked":["Slimebound:LeechingTouch","Slimebound:LeechEnergy"],"picked":"Slimebound:Schlurp","floor":5.0},{"not_picked":["Slimebound:ForwardTackle","Slimebound:SlimeBarrage"],"picked":"Slimebound:SlimeSpikes","floor":9.0},{"not_picked":["Slimebound:RainOfGoop","Slimebound:SplitLeeching"],"picked":"Slimebound:LivingWall","floor":11.0},{"not_picked":["Slimebound:SplitAcid","Slimebound:SplitLeeching","Slimebound:SlimeTap"],"picked":"SKIP","floor":12.0},{"not_picked":["Slimebound:Grow","Slimebound:RejuvenatingLick"],"picked":"Slimebound:RollThrough","floor":13.0},{"not_picked":["Slimebound:MinionMaster","Slimebound:Replication","Slimebound:RainOfGoop"],"picked":"SKIP","floor":14.0},{"not_picked":["Slimebound:SlimeSpikes","Slimebound:LeadByExample","Slimebound:MegaLick"],"picked":"SKIP","floor":15.0},{"not_picked":["Slimebound:Replication","Slimebound:PressTheAttack"],"picked":"Slimebound:HauntingLick+1","floor":19.0},{"not_picked":["Slimebound:Repurpose+1","Slimebound:RejuvenatingLick","Slimebound:RollThrough"],"picked":"SKIP","floor":21.0},{"not_picked":["Slimebound:ServeAndProtect","Slimebound:SlimeBrawl+1","Slimebound:LeadByExample"],"picked":"SKIP","floor":22.0},{"not_picked":["Slimebound:RollThrough+1","Slimebound:DivideAndConquer"],"picked":"Slimebound:Grow+1","floor":25.0},{"not_picked":["Slimebound:FormOfPuddle","Slimebound:GoopSpray"],"picked":"Slimebound:Gluttony+1","floor":27.0},{"not_picked":["Slimebound:SplitLeeching","Slimebound:FirmFortitude"],"picked":"Slimebound:GoopTackle","floor":28.0},{"not_picked":["Slimebound:PressTheAttack+1","Slimebound:FirmFortitude","Slimebound:SplitMire"],"picked":"SKIP","floor":31.0},{"not_picked":["Slimebound:SamplingLick","Slimebound:PressTheAttack","Slimebound:LeechEnergy"],"picked":"SKIP","floor":32.0},{"not_picked":["Slimebound:TagTeam","Slimebound:WasteNot"],"picked":"Slimebound:CheckThePlaybook","floor":33.0},{"not_picked":["Slimebound:PressTheAttack","Slimebound:SplitSpecialist"],"picked":"Slimebound:LivingWall+1","floor":36.0},{"not_picked":["Slimebound:SplitBruiser+1","Slimebound:LeechEnergy+1","Slimebound:GrowthPunch+1"],"picked":"SKIP","floor":38.0},{"not_picked":["Slimebound:Replication+1","Slimebound:DisruptingSlam+1"],"picked":"Slimebound:LivingWall+1","floor":42.0},{"not_picked":["Slimebound:SamplingLick","Slimebound:SplitAcid"],"picked":"Slimebound:Recollect","floor":43.0},{"not_picked":["Slimebound:ComboTackle","Slimebound:LeechingTouch+1","Slimebound:LeechEnergy"],"picked":"SKIP","floor":46.0},{"not_picked":["Slimebound:WasteNot","Slimebound:SplitSpecialist","Slimebound:HauntingLick"],"picked":"SKIP","floor":48.0},{"not_picked":["Slimebound:Recollect+1","Slimebound:GoopSpray"],"picked":"Slimebound:Grow+1","floor":49.0}],"player_experience":519712,"relics_obtained":[{"floor":7.0,"key":"Smiling Mask"},{"floor":13.0,"key":"Ancient Tea Set"},{"floor":24.0,"key":"Frozen Egg 2"},{"floor":27.0,"key":"Blue Candle"},{"floor":41.0,"key":"Slimebound:PotencyRelic"}],"event_choices":[{"cards_removed":["Slimebound:Strike_Slimebound"],"damage_healed":0.0,"max_hp_gain":0.0,"max_hp_loss":0.0,"gold_gain":0.0,"event_name":"betterNote:BetterNote","player_choice":"Give","floor":29.0,"gold_loss":0.0,"damage_taken":0.0,"cards_obtained":["bronze:Defend"]},{"cards_removed":["Slimebound:Defend_Slimebound"],"damage_healed":0.0,"max_hp_gain":0.0,"max_hp_loss":0.0,"gold_gain":0.0,"event_name":"Falling","player_choice":"Removed Skill","floor":39.0,"gold_loss":0.0,"damage_taken":0.0}],"is_beta":false,"boss_relics":[{"not_picked":["Slimebound:AbsorbEndCombatUpgraded","SlaversCollar"],"picked":"Cursed Key"},{"not_picked":["Snecko Eye","Philosopher\u0027s Stone"],"picked":"Empty Cage"}],"items_purged_floors":[14,31,38,42,47],"is_endless":false,"potions_floor_spawned":[2,4,9,13,16,21,25,27,36,43,48,49],"killed_by":"WA_ARCHETYPE_DIVINITY","ascension_level":0}}