{"host":"a5lz0e76zb3fcwkm","time":1611589586,"event":{"mods":["AchievementEnabler","BaseMod","Colored Map","Colored Powertips","Minty Spire (QoL Compilation)","StSLib","SuperFastMode"],"gold_per_floor":[111,261,261,17,30,30,30,63,63,97,113,138,148,164,164,237,237,252,41,75,75,75,75,108,119,119,119,44,44,54,71,71,71,71],"floor_reached":33,"language":"KOR","playtime":717,"items_purged":["Doubt"],"score":666,"play_id":"5b513517-b608-42ef-9cc6-f868060180e0","local_time":"20210126004626","is_ascension_mode":true,"campfire_choices":[{"data":"Finisher","floor":7.0,"key":"SMITH"},{"data":"Cloak And Dagger","floor":15.0,"key":"SMITH"},{"data":"Calculated Gamble","floor":23.0,"key":"SMITH"},{"data":"Finisher","floor":32,"key":"SMITH"}],"circlet_count":0,"master_deck":["AscendersBane","Strike_G","Strike_G","Strike_G","Defend_G","Defend_G","Defend_G","Defend_G","Defend_G","Survivor","Neutralize","Blade Dance+1","Finisher+1","Bouncing Flask","PiercingWail","Cloak And Dagger+1","Blade Dance+1","Well Laid Plans+1","Calculated Gamble+1","Decay","Finisher+1","Bouncing Flask"],"relics":["Ring of the Snake","NeowsBlessing","Medical Kit","Gambling Chip","Eternal Feather","Frozen Egg 2","Pocketwatch","SacredBark","Membership Card","Red Mask","Singing Bowl","Ancient Tea Set"],"acts_visited":["Exordium","TheCity"],"potions_floor_usage":[25,33,33],"damage_taken":[{"damage":0.0,"enemies":"Jaw Worm","floor":1.0,"turns":1.0},{"damage":0.0,"enemies":"Small Slimes","floor":5.0,"turns":1.0},{"damage":0.0,"enemies":"Gremlin Nob","floor":8.0,"turns":1.0},{"damage":0.0,"enemies":"3 Sentries","floor":10.0,"turns":2.0},{"damage":0.0,"enemies":"Cultist","floor":11.0,"turns":1.0},{"damage":6.0,"enemies":"Lagavulin","floor":12.0,"turns":5.0},{"damage":6.0,"enemies":"2 Fungi Beasts","floor":13.0,"turns":2.0},{"damage":0.0,"enemies":"Red Slaver","floor":14.0,"turns":2.0},{"damage":14.0,"enemies":"Hexaghost","floor":16.0,"turns":8.0},{"damage":0.0,"enemies":"Spheric Guardian","floor":18.0,"turns":1.0},{"damage":0.0,"enemies":"Masked Bandits","floor":20.0,"turns":1.0},{"damage":58,"enemies":"Slavers","floor":24,"turns":7},{"damage":0,"enemies":"2 Thieves","floor":25,"turns":2},{"damage":2,"enemies":"Snake Plant","floor":30,"turns":2},{"damage":3,"enemies":"Centurion and Healer","floor":31,"turns":6},{"damage":37,"enemies":"Automaton","floor":33,"turns":6}],"seed_played":"-5524118913032368751","potions_obtained":[{"floor":5.0,"key":"AttackPotion"},{"floor":6.0,"key":"Poison Potion"},{"floor":11.0,"key":"Ancient Potion"},{"floor":13.0,"key":"LiquidMemories"},{"floor":16.0,"key":"SteroidPotion"},{"floor":24,"key":"Explosive Potion"},{"floor":25,"key":"Weak Potion"},{"floor":31,"key":"ColorlessPotion"}],"is_trial":false,"path_per_floor":["M","?","?","$","M","?","R","E","T","E","M","E","M","M","R","B",null,"M","$","?","?","?","R","E","M","T","?","?","$","M","M","R","B"],"character_chosen":"THE_SILENT","items_purchased":["Medical Kit","Membership Card","Well Laid Plans+1"],"campfire_rested":0,"item_purchase_floors":[4,19,19],"current_hp_per_floor":[59,59,59,59,59,59,59,59,59,59,59,53,47,47,56,42,60,60,60,60,60,60,66,10,12,12,12,12,12,12,11,23,0,0],"gold":71,"neow_bonus":"THREE_ENEMY_KILL","is_daily":false,"chose_seed":false,"campfire_upgraded":4,"win_rate":0.0,"timestamp":1611589586,"path_taken":["M","?","?","$","?","?","R","E","T","E","M","E","M","M","R","BOSS","M","$","?","?","?","R","E","?","T","?","?","$","M","?","R","BOSS"],"items_purchased_type":["Relic","Relic","Card"],"build_version":"2020-12-22","purchased_purges":1,"victory":false,"max_hp_per_floor":[66,66,66,66,66,66,66,66,66,66,66,66,66,66,66,66,66,66,66,66,66,66,66,68,70,70,70,70,70,72,74,74,74,74],"card_choices":[{"not_picked":["Underhanded Strike","Bane"],"picked":"Blade Dance","floor":1.0},{"not_picked":["Dodge and Roll","Underhanded Strike"],"picked":"Finisher","floor":5.0},{"not_picked":["Setup","Quick Slash"],"picked":"Bouncing Flask","floor":8.0},{"not_picked":["Sucker Punch","Outmaneuver","Quick Slash"],"picked":"SKIP","floor":10.0},{"not_picked":["Reflex","Distraction"],"picked":"PiercingWail","floor":11.0},{"not_picked":["Dagger Spray","Backstab","Doppelganger"],"picked":"SKIP","floor":12.0},{"not_picked":["Dagger Spray","Outmaneuver"],"picked":"Cloak And Dagger","floor":13.0},{"not_picked":["Flying Knee","Eviscerate","Backstab"],"picked":"SKIP","floor":14.0},{"not_picked":["Predator","Prepared"],"picked":"Blade Dance","floor":18.0},{"not_picked":["Acrobatics","Masterful Stab"],"picked":"Calculated Gamble","floor":20.0},{"not_picked":["Finisher+1","Bouncing Flask","Dodge and Roll+1"],"picked":"Singing Bowl","floor":24},{"not_picked":["Outmaneuver","Sucker Punch","Dagger Throw"],"picked":"Singing Bowl","floor":25},{"not_picked":["Blade Dance+1","Bane","Outmaneuver"],"picked":"Singing Bowl","floor":30},{"not_picked":["Prepared","Endless Agony","Riddle With Holes"],"picked":"Singing Bowl","floor":31}],"player_experience":1801440,"relics_obtained":[{"floor":8.0,"key":"Gambling Chip"},{"floor":9.0,"key":"Eternal Feather"},{"floor":10.0,"key":"Frozen Egg 2"},{"floor":12.0,"key":"Pocketwatch"},{"floor":20.0,"key":"Red Mask"},{"floor":24,"key":"Singing Bowl"},{"floor":26,"key":"Ancient Tea Set"}],"event_choices":[{"damage_healed":0.0,"max_hp_gain":0.0,"max_hp_loss":0.0,"gold_gain":150.0,"event_name":"Liars Game","player_choice":"AGREE","floor":2.0,"gold_loss":0.0,"damage_taken":0.0,"cards_obtained":["Doubt"]},{"damage_healed":0.0,"max_hp_gain":0.0,"max_hp_loss":0.0,"gold_gain":0.0,"event_name":"Upgrade Shrine","player_choice":"Upgraded","floor":3.0,"gold_loss":0.0,"damage_taken":0.0,"cards_upgraded":["Blade Dance"]},{"damage_healed":0.0,"max_hp_gain":0.0,"max_hp_loss":0.0,"gold_gain":0.0,"event_name":"Lab","player_choice":"Got Potions","floor":6.0,"gold_loss":0.0,"damage_taken":0.0},{"damage_healed":0.0,"max_hp_gain":0.0,"max_hp_loss":0.0,"gold_gain":0.0,"event_name":"Masked Bandits","player_choice":"Fought Bandits","floor":20.0,"gold_loss":0.0,"damage_taken":0.0},{"damage_healed":0.0,"max_hp_gain":0.0,"max_hp_loss":0.0,"gold_gain":0.0,"event_name":"Accursed Blacksmith","player_choice":"Forge","floor":22.0,"gold_loss":0.0,"damage_taken":0.0,"cards_upgraded":["Blade Dance"]},{"damage_healed":0,"gold_gain":0,"player_choice":"Smashed Altar","damage_taken":0,"max_hp_gain":0,"max_hp_loss":0,"event_name":"Forgotten Altar","floor":27,"gold_loss":0,"cards_obtained":["Decay"]},{"damage_healed":0,"gold_gain":0,"cards_transformed":["Strike_G","Strike_G"],"player_choice":"Transformed Cards","damage_taken":0,"max_hp_gain":0,"max_hp_loss":0,"event_name":"Designer","floor":28,"gold_loss":75,"cards_obtained":["Finisher","Bouncing Flask"]}],"is_beta":false,"boss_relics":[{"not_picked":["Snecko Eye","Runic Dome"],"picked":"SacredBark"}],"items_purged_floors":[4],"is_endless":false,"potions_floor_spawned":[5,11,13,16,24,25,31],"killed_by":"Automaton","ascension_level":20}}