{"host":"640uue19m79c7wbt","time":1611545858,"event":{"mods":["BaseMod","Colored Map","Googly Eyes","Highlight Path","Minty Spire (QoL Compilation)","Quick Restart","StSLib"],"gold_per_floor":[117,36,56,0,0,335,335,370,370,370,370,401,10,23,23,97,97,72,122,122,135,148,148,148],"floor_reached":23,"language":"ENG","playtime":733,"items_purged":["Strike_G"],"score":429,"play_id":"06a36124-c56c-42ed-b06c-f652202d149f","local_time":"20210124223738","is_ascension_mode":true,"campfire_choices":[{"data":"Accuracy","floor":7,"key":"SMITH"},{"floor":15,"key":"REST"}],"circlet_count":0,"master_deck":["AscendersBane","Strike_G","Strike_G","Strike_G","Strike_G","Defend_G","Defend_G","Defend_G","Defend_G","Survivor","Neutralize","Footwork","Accuracy+1","Dash","Cloak And Dagger+1","Accuracy","Blade Dance","Terror","Leg Sweep","Blade Dance","Die Die Die","PiercingWail","Caltrops","Heel Hook","Backstab"],"relics":["Ring of the Snake","NeowsBlessing","Old Coin","Snake Skull","InkBottle","Paper Crane","Potion Belt","MealTicket","HoveringKite"],"acts_visited":["Exordium","TheCity"],"potions_floor_usage":[8,12,16,22],"damage_taken":[{"damage":0,"enemies":"Jaw Worm","floor":1,"turns":1},{"damage":0,"enemies":"Small Slimes","floor":3,"turns":1},{"damage":0,"enemies":"3 Sentries","floor":6,"turns":1},{"damage":8,"enemies":"Gremlin Nob","floor":8,"turns":4},{"damage":13,"enemies":"3 Sentries","floor":12,"turns":8},{"damage":0,"enemies":"2 Louse","floor":14,"turns":2},{"damage":8,"enemies":"The Guardian","floor":16,"turns":8},{"damage":18,"enemies":"2 Thieves","floor":18,"turns":4},{"damage":11,"enemies":"Chosen","floor":21,"turns":6},{"damage":0,"enemies":"Snecko","floor":22,"turns":2},{"damage":24,"enemies":"Slavers","floor":23,"turns":3}],"seed_played":"-3185074992593978933","potions_obtained":[{"floor":3,"key":"FearPotion"},{"floor":8,"key":"CunningPotion"},{"floor":12,"key":"Weak Potion"},{"floor":21,"key":"SteroidPotion"}],"is_trial":false,"path_per_floor":["M","$","M","$","?","E","R","E","T","?","?","E","$","M","R","B",null,"M","?","?","M","M","E"],"character_chosen":"THE_SILENT","items_purchased":["Accuracy","Cloak And Dagger","Terror","MealTicket","Leg Sweep"],"campfire_rested":1,"item_purchase_floors":[2,4,13,13,13],"current_hp_per_floor":[59,59,59,59,59,59,59,51,51,33,26,13,13,13,32,24,56,38,38,38,27,27,3,3],"gold":148,"neow_bonus":"THREE_ENEMY_KILL","is_daily":false,"chose_seed":false,"campfire_upgraded":1,"win_rate":0.0,"timestamp":1611545858,"path_taken":["M","$","M","$","?","E","R","E","T","?","?","E","$","M","R","BOSS","M","?","?","M","?","E"],"items_purchased_type":["Card","Card","Card","Relic","Card"],"build_version":"2020-12-22","purchased_purges":1,"victory":false,"max_hp_per_floor":[66,66,66,66,66,66,66,66,66,66,66,66,66,66,66,66,66,66,66,66,66,66,66,66],"card_choices":[{"not_picked":["Prepared","Slice"],"picked":"Footwork","floor":1},{"not_picked":["Concentrate","Backflip"],"picked":"Dash","floor":3},{"not_picked":["Backflip","Caltrops"],"picked":"Bouncing Flask","floor":6},{"not_picked":["PiercingWail","Eviscerate"],"picked":"Accuracy","floor":8},{"not_picked":["Cloak And Dagger","Flying Knee"],"picked":"Blade Dance","floor":12},{"not_picked":["Dodge and Roll","Leg Sweep"],"picked":"Blade Dance","floor":14},{"not_picked":["Doppelganger","Malaise"],"picked":"Die Die Die","floor":16},{"not_picked":["Predator","Backflip"],"picked":"PiercingWail","floor":18},{"not_picked":["Dagger Spray","Dagger Throw"],"picked":"Heel Hook","floor":21},{"not_picked":["Flying Knee","Deadly Poison"],"picked":"Backstab","floor":22}],"player_experience":636109,"relics_obtained":[{"floor":6,"key":"Old Coin"},{"floor":8,"key":"Snake Skull"},{"floor":9,"key":"InkBottle"},{"floor":12,"key":"Potion Belt"}],"event_choices":[{"damage_healed":0,"gold_gain":0,"player_choice":"Grow","damage_taken":0,"max_hp_gain":0,"max_hp_loss":0,"event_name":"Living Wall","floor":5,"gold_loss":0,"cards_upgraded":["Cloak And Dagger"]},{"damage_healed":0,"gold_gain":0,"player_choice":"Success","damage_taken":18,"relics_obtained":["Paper Crane"],"max_hp_gain":0,"max_hp_loss":0,"event_name":"Scrap Ooze","floor":10,"gold_loss":0},{"cards_removed":["Bouncing Flask"],"damage_healed":0,"gold_gain":0,"player_choice":"Card Removal","damage_taken":7,"max_hp_gain":0,"max_hp_loss":0,"event_name":"Golden Wing","floor":11,"gold_loss":0},{"damage_healed":0,"gold_gain":50,"player_choice":"Stole From Cult","damage_taken":0,"max_hp_gain":0,"max_hp_loss":0,"event_name":"Nest","floor":19,"gold_loss":0},{"damage_healed":0,"gold_gain":0,"cards_transformed":["Defend_G"],"player_choice":"Transformed","damage_taken":0,"max_hp_gain":0,"max_hp_loss":0,"event_name":"Transmorgrifier","floor":20,"gold_loss":0,"cards_obtained":["Caltrops"]}],"is_beta":false,"boss_relics":[{"not_picked":["Pandora\u0027s Box","Ectoplasm"],"picked":"HoveringKite"}],"items_purged_floors":[13],"is_endless":false,"potions_floor_spawned":[3,8,12,21],"killed_by":"Slavers","ascension_level":17}}