{"host":"l84l8xigz5v5foa2","time":1611570131,"event":{"mods":["2.2 Compatiblity","AchievementEnabler","BaseMod","Better Note","Better Vampires","Card Filter","Colored Map","DeckTracker","Gremlin Skip","Highlight Path","Keyboard Shortcuts","Minty Spire (QoL Compilation)","Permanent Neow","Quick Restart","Relic Filter","Relic Stats","Shop Mod","StSLib","SuperFastMode","Transform Curses","Unknown Chances"],"gold_per_floor":[111,111,126,205,218,218,234,252,252,252,277,302,377,418,418,507,507,522,535,548,373,387,387,430,430,430,118,159,159,84,128,128,221,221,240,260,325,346,377,377,412,412,412,448,448,464,485,293,293,293],"floor_reached":51,"language":"KOR","playtime":2741,"items_purged":[],"score":1636,"play_id":"5a233d5f-b68e-4a91-9a19-82eeadd4195a","local_time":"20210125192211","is_ascension_mode":true,"campfire_choices":[{"data":"Neutralize","floor":6.0,"key":"SMITH"},{"data":"Envenom","floor":10.0,"key":"SMITH"},{"data":"Prepared","floor":15.0,"key":"SMITH"},{"data":"Wraith Form v2","floor":23.0,"key":"SMITH"},{"data":"Footwork","floor":29.0,"key":"SMITH"},{"data":"Accuracy","floor":32.0,"key":"SMITH"},{"data":"Footwork","floor":40,"key":"SMITH"},{"data":"Tools of the Trade","floor":42,"key":"SMITH"},{"floor":45,"key":"RECALL"},{"data":"Accuracy","floor":49,"key":"SMITH"}],"circlet_count":0,"master_deck":["AscendersBane","Survivor+1","Neutralize+1","Dagger Throw","Riddle With Holes","Backflip+1","Envenom+1","Prepared+1","Cloak And Dagger+1","Dagger Spray","Footwork+1","Doppelganger+1","Setup+1","Distraction+1","Predator","Acrobatics+1","Masterful Stab","Wraith Form v2+1","Die Die Die","Deflect+1","Backflip+1","Calculated Gamble+1","Blade Dance+1","Outmaneuver+1","Finisher","Dodge and Roll+1","Dodge and Roll+1","Tactician+1","Deflect+1","Accuracy+1","PiercingWail+1","Deflect+1","Tools of the Trade+1","Flechettes+1","Footwork+1","Reflex+1","Sucker Punch+1","Leg Sweep+1","Blur+1","Accuracy+1","PiercingWail+1","PiercingWail+1"],"relics":["Ring of the Snake","Golden Idol","Mummified Hand","Toxic Egg 2","Ice Cream","Pandora\u0027s Box","Sundial","Enchiridion","Letter Opener","Boot","War Paint","Philosopher\u0027s Stone","Incense Burner","FossilizedHelix","Singing Bowl","The Courier","Kunai"],"acts_visited":["Exordium","TheCity","TheBeyond"],"potions_floor_usage":[50,50],"damage_taken":[{"damage":0.0,"enemies":"Jaw Worm","floor":1.0,"turns":5.0},{"damage":3.0,"enemies":"Small Slimes","floor":3.0,"turns":4.0},{"damage":0.0,"enemies":"2 Louse","floor":5.0,"turns":3.0},{"damage":17.0,"enemies":"Exordium Thugs","floor":7.0,"turns":6.0},{"damage":0.0,"enemies":"2 Fungi Beasts","floor":8.0,"turns":3.0},{"damage":3.0,"enemies":"Red Slaver","floor":11.0,"turns":5.0},{"damage":0.0,"enemies":"Gremlin Gang","floor":12.0,"turns":6.0},{"damage":15.0,"enemies":"Lagavulin","floor":14.0,"turns":6.0},{"damage":6.0,"enemies":"The Guardian","floor":16.0,"turns":9.0},{"damage":0.0,"enemies":"3 Byrds","floor":18.0,"turns":3.0},{"damage":0.0,"enemies":"2 Thieves","floor":19.0,"turns":3.0},{"damage":0.0,"enemies":"3 Cultists","floor":20.0,"turns":4.0},{"damage":4.0,"enemies":"Cultist and Chosen","floor":22.0,"turns":4.0},{"damage":1.0,"enemies":"Slavers","floor":24.0,"turns":4.0},{"damage":0.0,"enemies":"Gremlin Leader","floor":28.0,"turns":3.0},{"damage":0.0,"enemies":"Slavers","floor":31.0,"turns":3.0},{"damage":10.0,"enemies":"Collector","floor":33.0,"turns":6.0},{"damage":0.0,"enemies":"3 Darklings","floor":35.0,"turns":2.0},{"damage":0.0,"enemies":"Orb Walker","floor":36.0,"turns":2.0},{"damage":2.0,"enemies":"2 Orb Walkers","floor":37.0,"turns":4.0},{"damage":0.0,"enemies":"4 Shapes","floor":38.0,"turns":4.0},{"damage":0,"enemies":"Mind Bloom Boss Battle","floor":39,"turns":4},{"damage":0,"enemies":"Nemesis","floor":41,"turns":5},{"damage":0,"enemies":"Giant Head","floor":44,"turns":4},{"damage":0,"enemies":"Sphere and 2 Shapes","floor":46,"turns":3},{"damage":0,"enemies":"Transient","floor":47,"turns":5},{"damage":0,"enemies":"Time Eater","floor":50,"turns":8}],"seed_played":"-5402244022525471795","potions_obtained":[{"floor":3.0,"key":"CultistPotion"},{"floor":5.0,"key":"Regen Potion"},{"floor":7.0,"key":"Ancient Potion"},{"floor":14.0,"key":"BlessingOfTheForge"},{"floor":16.0,"key":"PowerPotion"},{"floor":18.0,"key":"Fire Potion"},{"floor":20.0,"key":"Ancient Potion"},{"floor":35.0,"key":"LiquidBronze"},{"floor":37.0,"key":"EssenceOfSteel"},{"floor":39,"key":"Strength Potion"},{"floor":44,"key":"DistilledChaos"}],"is_trial":false,"path_per_floor":["M","?","M","T","M","R","M","M","T","R","M","M","?","E","R","B",null,"M","M","M","$","M","R","E","?","T","$","E","R","?","E","R","B",null,"M","M","?","M","?","R","E","R","T","E","R","M","M","$","R","B",null],"character_chosen":"THE_SILENT","items_purchased":["Blade Dance+1","Outmaneuver+1","Finisher","Tactician+1","Deflect+1","Accuracy","Fire Potion","PowerPotion","Blur+1","Accuracy","PiercingWail+1","PiercingWail+1"],"campfire_rested":0,"item_purchase_floors":[21,21,21,27,27,27,27,27,48,48,48,48],"current_hp_per_floor":[44,44,41,41,41,41,39,39,39,39,36,36,25,10,10,4,46,46,46,46,46,42,42,41,20,20,20,20,20,20,20,20,10,48,48,48,46,46,46,46,46,46,46,48,48,50,50,50,50,50],"gold":293,"neow_bonus":"REMOVE_TWO","is_daily":false,"chose_seed":false,"campfire_upgraded":9,"win_rate":0.0,"timestamp":1611570131,"path_taken":["M","?","M","?","M","R","M","M","T","R","M","M","?","E","R","BOSS","M","M","M","$","M","R","E","?","T","$","E","R","?","E","R","BOSS","M","M","?","M","?","R","E","R","T","E","R","M","?","$","R","BOSS"],"items_purchased_type":["Card","Card","Card","Card","Card","Card","Potion","Potion","Card","Card","Card","Card"],"build_version":"2020-12-22","purchased_purges":0,"victory":true,"max_hp_per_floor":[66,60,60,60,60,60,60,60,60,60,60,60,60,60,60,60,60,60,60,60,60,60,60,60,60,60,60,60,60,60,60,60,60,60,60,60,60,60,60,60,60,60,60,62,62,64,64,64,64,64],"relic_stats":{"Singing Bowl":4,"counters":[27,118],"Golden Idol":177,"Mummified Hand":[89],"Sundial":[6],"Pandora\u0027s Box":["Setup","Distraction","Unload","Predator","Acrobatics","Masterful Stab","Wraith Form v2","Die Die Die"],"Letter Opener":[408],"Kunai":[12],"War Paint":["Survivor","Backflip"],"Boot":[199],"obtain_stats":[{"Ice Cream":14,"Singing Bowl":41,"Golden Idol":2,"Enchiridion":25,"The Courier":43,"Incense Burner":37,"Letter Opener":26,"War Paint":31,"Boot":28,"Mummified Hand":4,"Sundial":24,"Pandora\u0027s Box":17,"Philosopher\u0027s Stone":34,"Kunai":44,"Toxic Egg 2":9,"FossilizedHelix":39,"Ring of the Snake":0},{"Ice Cream":8,"Singing Bowl":23,"Golden Idol":1,"Enchiridion":14,"The Courier":23,"Incense Burner":20,"Letter Opener":14,"War Paint":16,"Boot":15,"Mummified Hand":2,"Sundial":14,"Pandora\u0027s Box":9,"Philosopher\u0027s Stone":17,"Kunai":24,"Toxic Egg 2":5,"FossilizedHelix":22,"Ring of the Snake":0},{"Ice Cream":38,"Singing Bowl":98,"Golden Idol":5,"Enchiridion":65,"The Courier":98,"Incense Burner":85,"Letter Opener":65,"War Paint":71,"Boot":68,"Mummified Hand":9,"Sundial":65,"Pandora\u0027s Box":47,"Philosopher\u0027s Stone":77,"Kunai":102,"Toxic Egg 2":21,"FossilizedHelix":93,"Ring of the Snake":0}],"Ring of the Snake":[54]},"card_choices":[{"not_picked":["Poisoned Stab","Crippling Poison"],"picked":"Dagger Throw","floor":1.0},{"not_picked":["Flying Knee","Crippling Poison"],"picked":"Riddle With Holes","floor":3.0},{"not_picked":["Dodge and Roll","Quick Slash"],"picked":"Backflip","floor":5.0},{"not_picked":["Quick Slash","Outmaneuver"],"picked":"Envenom","floor":7.0},{"not_picked":["Accuracy","Sucker Punch"],"picked":"Prepared","floor":8.0},{"not_picked":["Dodge and Roll+1","Heel Hook"],"picked":"Cloak And Dagger+1","floor":11.0},{"not_picked":["Poisoned Stab","Underhanded Strike"],"picked":"Dagger Spray","floor":12.0},{"not_picked":["Accuracy","Backstab"],"picked":"Footwork","floor":14.0},{"not_picked":["Bullet Time+1","Die Die Die"],"picked":"Doppelganger+1","floor":16.0},{"not_picked":["Heel Hook","Backstab"],"picked":"Deflect+1","floor":18.0},{"not_picked":["Predator","Deadly Poison+1"],"picked":"Backflip+1","floor":19.0},{"not_picked":["Eviscerate","PiercingWail+1"],"picked":"Calculated Gamble+1","floor":20.0},{"not_picked":["Flying Knee","Quick Slash"],"picked":"Dodge and Roll+1","floor":22.0},{"not_picked":["Heel Hook","Deadly Poison+1"],"picked":"Dodge and Roll+1","floor":24.0},{"not_picked":["Night Terror+1","Dagger Throw"],"picked":"PiercingWail+1","floor":28.0},{"not_picked":["Bane","Acrobatics+1"],"picked":"Deflect+1","floor":31.0},{"not_picked":["Corpse Explosion+1","Bullet Time+1"],"picked":"Tools of the Trade","floor":33.0},{"not_picked":["Choke+1","Infinite Blades","Deadly Poison+1"],"picked":"SKIP","floor":35.0},{"not_picked":["Dagger Spray","Quick Slash","Setup+1"],"picked":"SKIP","floor":36.0},{"not_picked":["Sucker Punch+1","Concentrate+1"],"picked":"Flechettes+1","floor":37.0},{"not_picked":["Dagger Spray+1","PiercingWail+1"],"picked":"Footwork","floor":38.0},{"not_picked":["Prepared+1","Expertise+1"],"picked":"Reflex+1","floor":39},{"not_picked":["Burst+1","Die Die Die"],"picked":"Sucker Punch+1","floor":41},{"not_picked":["Setup+1","Storm of Steel+1","Deflect+1"],"picked":"Singing Bowl","floor":44},{"not_picked":["Escape Plan+1","Quick Slash","Finisher+1"],"picked":"Singing Bowl","floor":46},{"not_picked":["Finisher","Cloak And Dagger+1"],"picked":"Leg Sweep+1","floor":47}],"player_experience":1443835,"relics_obtained":[{"floor":4.0,"key":"Mummified Hand"},{"floor":9.0,"key":"Toxic Egg 2"},{"floor":14.0,"key":"Ice Cream"},{"floor":24.0,"key":"Sundial"},{"floor":25.0,"key":"Enchiridion"},{"floor":26.0,"key":"Letter Opener"},{"floor":28.0,"key":"Boot"},{"floor":31.0,"key":"War Paint"},{"floor":37.0,"key":"Incense Burner"},{"floor":39,"key":"FossilizedHelix"},{"floor":41,"key":"Singing Bowl"},{"floor":43,"key":"The Courier"},{"floor":44,"key":"Kunai"}],"event_choices":[{"damage_healed":0.0,"max_hp_gain":0.0,"max_hp_loss":6.0,"gold_gain":0.0,"event_name":"Golden Idol","player_choice":"Lose Max HP","floor":2.0,"gold_loss":0.0,"damage_taken":0.0,"relics_obtained":["Golden Idol"]},{"damage_healed":0.0,"max_hp_gain":0.0,"max_hp_loss":0.0,"gold_gain":75.0,"event_name":"World of Goop","player_choice":"Gather Gold","floor":13.0,"gold_loss":0.0,"damage_taken":11.0},{"damage_healed":0.0,"max_hp_gain":0.0,"max_hp_loss":0.0,"gold_gain":0.0,"event_name":"Cursed Tome","player_choice":"Obtained Book","floor":25.0,"gold_loss":0.0,"damage_taken":21.0},{"cards_removed":["Unload"],"damage_healed":0.0,"max_hp_gain":0.0,"max_hp_loss":0.0,"gold_gain":0.0,"event_name":"Beggar","player_choice":"Gave Gold","floor":30.0,"gold_loss":75.0,"damage_taken":0.0},{"damage_healed":0.0,"max_hp_gain":0.0,"max_hp_loss":0.0,"gold_gain":0.0,"event_name":"Mysterious Sphere","player_choice":"Fight","floor":37.0,"gold_loss":0.0,"damage_taken":0.0},{"damage_healed":0,"gold_gain":0,"player_choice":"Fight","damage_taken":0,"max_hp_gain":0,"max_hp_loss":0,"event_name":"MindBloom","floor":39,"gold_loss":0}],"is_beta":false,"boss_relics":[{"not_picked":["SacredBark","Empty Cage"],"picked":"Pandora\u0027s Box"},{"not_picked":["HoveringKite","Fusion Hammer"],"picked":"Philosopher\u0027s Stone"}],"items_purged_floors":[],"is_endless":false,"potions_floor_spawned":[3,5,7,14,16,18,20,35,37,39,44],"ascension_level":15}}