{"host":"8is2j71l4wmybkoi","time":1611590502,"event":{"mods":["AchievementEnabler","BaseMod","Colored Map","Minty Spire (QoL Compilation)","Rare Cards Sparkle","StSLib","SuperFastMode"],"gold_per_floor":[116,191,191,209,209,235,235,264,288,306,322,73,38,57,57,133,133,143,143,31,31,45,45,45],"floor_reached":23,"language":"KOR","playtime":693,"items_purged":["Strike_B"],"score":398,"play_id":"2822c9ef-9952-4cf3-9f89-1abd1b538d27","local_time":"20210126010142","is_ascension_mode":true,"campfire_choices":[{"floor":7,"key":"REST"},{"data":"Chaos","floor":15,"key":"SMITH"}],"circlet_count":0,"master_deck":["AscendersBane","Strike_B","Strike_B","Strike_B","Defend_B","Defend_B","Defend_B","Defend_B","Zap","Dualcast","Dramatic Entrance","Chaos+1","Rip and Tear","Glacier","Barrage","Ball Lightning","Conserve Battery","Sweeping Beam","Turbo","Echo Form","Auto Shields+1","Compile Driver"],"relics":["Cracked Core","Smiling Mask","Omamori","Ornamental Fan","Regal Pillow","Strawberry","Fusion Hammer","Potion Belt"],"acts_visited":["Exordium","TheCity"],"potions_floor_usage":[6,8,18,22,22,22,23,23],"damage_taken":[{"damage":2,"enemies":"Jaw Worm","floor":1,"turns":3},{"damage":0,"enemies":"Small Slimes","floor":4,"turns":3},{"damage":20,"enemies":"Lagavulin","floor":6,"turns":7},{"damage":31,"enemies":"Gremlin Nob","floor":8,"turns":4},{"damage":0,"enemies":"2 Louse","floor":10,"turns":2},{"damage":0,"enemies":"Looter","floor":11,"turns":3},{"damage":3,"enemies":"3 Louse","floor":14,"turns":3},{"damage":13,"enemies":"The Guardian","floor":16,"turns":13},{"damage":0,"enemies":"3 Byrds","floor":18,"turns":5},{"damage":12,"enemies":"Chosen","floor":22,"turns":5},{"damage":50,"enemies":"Slavers","floor":23,"turns":4}],"seed_played":"4500567400444446699","potions_obtained":[{"floor":4,"key":"DistilledChaos"},{"floor":6,"key":"Swift Potion"},{"floor":10,"key":"BlessingOfTheForge"},{"floor":11,"key":"SpeedPotion"},{"floor":22,"key":"PowerPotion"}],"is_trial":false,"path_per_floor":["M","?","?","M","?","E","R","E","T","M","M","$","?","M","R","B",null,"M","?","$","?","M","E"],"character_chosen":"DEFECT","items_purchased":["Strawberry","Sweeping Beam","EntropicBrew"],"campfire_rested":1,"item_purchase_floors":[12,12,20],"current_hp_per_floor":[62,51,51,51,33,13,34,3,3,3,3,10,29,26,26,13,62,62,62,62,62,50,0,0],"gold":45,"neow_bonus":"RANDOM_COLORLESS","is_daily":false,"chose_seed":false,"campfire_upgraded":1,"win_rate":0.0,"timestamp":1611590502,"path_taken":["M","?","?","M","?","E","R","E","T","M","M","$","?","M","R","BOSS","M","?","$","?","M","E"],"items_purchased_type":["Relic","Card","Potion"],"build_version":"2020-12-22","purchased_purges":1,"victory":false,"max_hp_per_floor":[71,71,71,71,71,71,71,71,71,71,71,78,78,78,78,78,78,78,78,78,78,78,78,78],"card_choices":[{"not_picked":["Panacea","Good Instincts"],"picked":"Dramatic Entrance","floor":0},{"not_picked":["Reprogram","Blizzard"],"picked":"Chaos","floor":1},{"not_picked":["Gash","Rebound"],"picked":"Rip and Tear","floor":4},{"not_picked":["White Noise","Leap"],"picked":"Glacier","floor":6},{"not_picked":["Leap","Tempest"],"picked":"Barrage","floor":8},{"not_picked":["Heatsinks","Leap"],"picked":"Ball Lightning","floor":10},{"not_picked":["Storm","Skim"],"picked":"Conserve Battery","floor":11},{"not_picked":["Chaos","Beam Cell"],"picked":"Turbo","floor":14},{"not_picked":["Hyperbeam","Fission"],"picked":"Echo Form","floor":16},{"not_picked":["FTL","Rip and Tear"],"picked":"Auto Shields+1","floor":18},{"not_picked":["Doom and Gloom","Reprogram"],"picked":"Compile Driver","floor":22}],"player_experience":802231,"relics_obtained":[{"floor":6,"key":"Omamori"},{"floor":8,"key":"Ornamental Fan"},{"floor":9,"key":"Regal Pillow"}],"event_choices":[{"damage_healed":0,"gold_gain":75,"player_choice":"Gather Gold","damage_taken":11,"max_hp_gain":0,"max_hp_loss":0,"event_name":"World of Goop","floor":2,"gold_loss":0},{"damage_healed":0,"gold_gain":0,"player_choice":"Ignored","damage_taken":0,"max_hp_gain":0,"max_hp_loss":0,"event_name":"Liars Game","floor":3,"gold_loss":0},{"damage_healed":0,"gold_gain":0,"player_choice":"Success","damage_taken":18,"relics_obtained":["Smiling Mask"],"max_hp_gain":0,"max_hp_loss":0,"event_name":"Scrap Ooze","floor":5,"gold_loss":0},{"damage_healed":19,"gold_gain":0,"player_choice":"Healed","damage_taken":0,"max_hp_gain":0,"max_hp_loss":0,"event_name":"The Cleric","floor":13,"gold_loss":35},{"damage_healed":0,"gold_gain":0,"player_choice":"Opened","damage_taken":0,"relics_obtained":["Potion Belt"],"max_hp_gain":0,"max_hp_loss":0,"event_name":"The Mausoleum","floor":19,"gold_loss":0,"cards_obtained":["Writhe"]},{"damage_healed":0,"gold_gain":0,"player_choice":"Ignored","damage_taken":0,"max_hp_gain":0,"max_hp_loss":0,"event_name":"Ghosts","floor":21,"gold_loss":0}],"is_beta":false,"boss_relics":[{"not_picked":["Tiny House","Philosopher\u0027s Stone"],"picked":"Fusion Hammer"}],"items_purged_floors":[12],"is_endless":false,"potions_floor_spawned":[4,6,10,11,22],"killed_by":"Slavers","ascension_level":20}}