{"host":"1tl36azeqm6yhdgj","time":1611597328,"event":{"mods":["AchievementEnabler","BaseMod","Minty Spire (QoL Compilation)","StSLib","The IronCluck","everything is the same but u backflip on backflip"],"gold_per_floor":[114,124,149,149,19,50,50,50,50,117,134,134,153,169,169,243,243,262,187,237,257,257,257,267,299,324,324,324],"floor_reached":27,"language":"ENG","playtime":656,"items_purged":["Regret"],"score":462,"play_id":"77e1d668-59ac-47f4-9e78-e11b61f3ac29","local_time":"20210125125528","is_ascension_mode":true,"campfire_choices":[{"data":"Spot Weakness","floor":7.0,"key":"SMITH"},{"data":"Disarm","floor":12.0,"key":"SMITH"},{"data":"Pommel Strike","floor":15.0,"key":"SMITH"},{"data":"Limit Break","floor":23.0,"key":"SMITH"}],"circlet_count":0,"master_deck":["AscendersBane","Strike_R","Strike_R","Strike_R","Defend_R","Defend_R","Defend_R","Defend_R","Bash+1","Flex","Disarm+1","Spot Weakness+1","Pommel Strike+1","Dropkick+1","Ghostly Armor","Limit Break+1","Intimidate","Heavy Blade+1","Headbutt+1","Shrug It Off"],"relics":["Burning Blood","Pen Nib","Regal Pillow","Happy Flower","MealTicket","Meat on the Bone","Mark of Pain","Pantograph","Whetstone"],"acts_visited":["Exordium","TheCity"],"potions_floor_usage":[],"damage_taken":[{"damage":6.0,"enemies":"Cultist","floor":1.0,"turns":3.0},{"damage":10.0,"enemies":"2 Louse","floor":2.0,"turns":3.0},{"damage":31.0,"enemies":"Lagavulin","floor":6.0,"turns":5.0},{"damage":0.0,"enemies":"Jaw Worm","floor":11.0,"turns":4.0},{"damage":1.0,"enemies":"3 Louse","floor":13.0,"turns":2.0},{"damage":10.0,"enemies":"Blue Slaver","floor":14.0,"turns":3.0},{"damage":13.0,"enemies":"The Guardian","floor":16.0,"turns":10.0},{"damage":6.0,"enemies":"Spheric Guardian","floor":18.0,"turns":3.0},{"damage":18.0,"enemies":"3 Byrds","floor":21.0,"turns":7.0},{"damage":4.0,"enemies":"Centurion and Healer","floor":24.0,"turns":5.0},{"damage":36.0,"enemies":"Slavers","floor":25.0,"turns":7.0},{"damage":43,"enemies":"Cultist and Chosen","floor":27,"turns":7}],"seed_played":"-2015986361703496124","potions_obtained":[{"floor":2.0,"key":"Explosive Potion"},{"floor":14.0,"key":"Energy Potion"},{"floor":16.0,"key":"SteroidPotion"},{"floor":21.0,"key":"SteroidPotion"},{"floor":24.0,"key":"Explosive Potion"}],"is_trial":false,"path_per_floor":["M","M","T","?","$","E","R","T","T","?","M","R","M","M","R","B",null,"M","?","?","M","?","R","M","E","T","M"],"character_chosen":"IRONCLAD","items_purchased":["Fire Potion"],"campfire_rested":0,"item_purchase_floors":[5],"current_hp_per_floor":[68,64,64,64,64,39,39,39,39,39,45,45,50,46,46,51,69,69,69,69,57,57,57,59,41,41,0,0],"gold":324,"neow_bonus":"UPGRADE_CARD","is_daily":false,"chose_seed":false,"campfire_upgraded":4,"win_rate":0.0,"timestamp":1611597328,"path_taken":["M","M","?","?","$","E","R","?","T","?","?","R","M","M","R","BOSS","M","?","?","M","?","R","?","E","T","M"],"items_purchased_type":["Potion"],"build_version":"2020-12-22","purchased_purges":1,"victory":false,"max_hp_per_floor":[75,75,75,75,75,75,75,75,75,75,75,75,75,75,75,75,75,75,75,75,75,75,75,75,75,75,75,75],"card_choices":[{"not_picked":["Heavy Blade","Second Wind"],"picked":"Flex","floor":1.0},{"not_picked":["Armaments","Anger"],"picked":"Disarm","floor":2.0},{"not_picked":["Whirlwind","Headbutt"],"picked":"Spot Weakness","floor":6.0},{"not_picked":["True Grit","Body Slam"],"picked":"Pommel Strike","floor":11.0},{"not_picked":["Twin Strike","Sever Soul"],"picked":"Dropkick","floor":13.0},{"not_picked":["Wild Strike","Sentinel"],"picked":"Ghostly Armor","floor":14.0},{"not_picked":["Juggernaut","Bludgeon"],"picked":"Limit Break","floor":16.0},{"not_picked":["True Grit","Ghostly Armor+1"],"picked":"Intimidate","floor":18.0},{"not_picked":["Clothesline","Wild Strike"],"picked":"Heavy Blade","floor":21.0},{"not_picked":["Uppercut+1","Twin Strike"],"picked":"Headbutt+1","floor":24.0},{"not_picked":["Uppercut+1","Clothesline"],"picked":"Shrug It Off","floor":25.0}],"player_experience":2050520,"relics_obtained":[{"floor":3.0,"key":"Pen Nib"},{"floor":6.0,"key":"Happy Flower"},{"floor":8.0,"key":"MealTicket"},{"floor":9.0,"key":"Meat on the Bone"},{"floor":25.0,"key":"Pantograph"},{"floor":26.0,"key":"Whetstone"}],"event_choices":[{"damage_healed":0.0,"max_hp_gain":0.0,"max_hp_loss":0.0,"gold_gain":0.0,"event_name":"Big Fish","player_choice":"Box","floor":4.0,"gold_loss":0.0,"damage_taken":0.0,"relics_obtained":["Regal Pillow"],"cards_obtained":["Regret"]},{"damage_healed":0.0,"max_hp_gain":0.0,"max_hp_loss":0.0,"gold_gain":67.0,"event_name":"Golden Wing","player_choice":"Gained Gold","floor":10.0,"gold_loss":0.0,"damage_taken":0.0},{"cards_removed":["Strike_R"],"damage_healed":0.0,"max_hp_gain":0.0,"max_hp_loss":0.0,"gold_gain":0.0,"event_name":"Beggar","player_choice":"Gave Gold","floor":19.0,"gold_loss":75.0,"damage_taken":0.0},{"damage_healed":0.0,"max_hp_gain":0.0,"max_hp_loss":0.0,"gold_gain":50.0,"event_name":"Nest","player_choice":"Stole From Cult","floor":20.0,"gold_loss":0.0,"damage_taken":0.0},{"cards_removed":["Strike_R"],"damage_healed":0.0,"max_hp_gain":0.0,"max_hp_loss":0.0,"gold_gain":0.0,"event_name":"Bonfire Elementals","player_choice":"Offered Basic","floor":22.0,"gold_loss":0.0,"damage_taken":0.0}],"is_beta":false,"boss_relics":[{"not_picked":["Cursed Key","Philosopher\u0027s Stone"],"picked":"Mark of Pain"}],"items_purged_floors":[5],"is_endless":false,"potions_floor_spawned":[2,14,16,21,24],"killed_by":"Cultist and Chosen","ascension_level":20}}