{"host":"0p0n41frih4f9rxw","time":1611555877,"event":{"mods":["Act Like it!","BaseMod","Downfall","Minty Spire (QoL Compilation)","Replay The Spire","StSLib","The Servant 0.9.4"],"gold_per_floor":[114,114,114,15,15,15,28,62,62,87,52,52,52,65,65,185,185,200,115,115,115,115,151,151,164,164,179,179,179],"floor_reached":28,"language":"ENG","playtime":1129,"items_purged":["Regret"],"score":292,"play_id":"6a167925-30ee-4442-8d3b-f1fbdbc42267","local_time":"20210125062437","is_ascension_mode":false,"campfire_choices":[{"data":"BestPractice","floor":12.0,"key":"SMITH"},{"data":"SilverBlades","floor":15.0,"key":"SMITH"}],"circlet_count":0,"master_deck":["Defend_S","Defend_S","Defend_S","Defend_S","KidneyShot+1","Exchange","TimeWarp","Solidify","BestPractice+1","Rearm","SilverBlades+1","MurderousAura","GearUp","Deny","Necronomicurse","Bite","Bite","Bite","Bite","Bite","Rewind+1","Luminosity"],"relics":["Uniform","NeowsBlessing","Orichalcum","Question Card","Juzu Bracelet","PreservedInsect","Golden Idol","Ring of Chaos","Quantum Egg","Necronomicon","Bag of Preparation","Iron Hammer"],"acts_visited":["Exordium","TheCity"],"potions_floor_usage":[28],"damage_taken":[{"damage":0.0,"enemies":"Jaw Worm","floor":1.0,"turns":1.0},{"damage":0.0,"enemies":"2 Louse","floor":7.0,"turns":2.0},{"damage":0.0,"enemies":"3 Sentries","floor":8.0,"turns":2.0},{"damage":8.0,"enemies":"Gremlin Nob","floor":10.0,"turns":4.0},{"damage":10.0,"enemies":"Small Slimes","floor":14.0,"turns":3.0},{"damage":43,"enemies":"Slime Boss","floor":16,"turns":12},{"damage":11,"enemies":"Shell Parasite","floor":18,"turns":5},{"damage":21,"enemies":"Book of Stabbing","floor":23,"turns":7},{"damage":10,"enemies":"Spheric Guardian","floor":25,"turns":4},{"damage":25,"enemies":"Snake Plant","floor":27,"turns":7},{"damage":33,"enemies":"Masked Bandits","floor":28,"turns":3}],"seed_played":"-3049269622530180651","potions_obtained":[{"floor":16,"key":"Energy Potion"},{"floor":23,"key":"SpeedPotion"},{"floor":27,"key":"FearPotion"}],"is_trial":false,"path_per_floor":["M","?","?","$","?","?","M","E","T","E","?","R","?","M","R","B",null,"M","?","$","?","?","E","?","M","T","M","?"],"character_chosen":"THE_SERVANT","items_purchased":["TimeWarp"],"campfire_rested":0,"item_purchase_floors":[4],"current_hp_per_floor":[65,52,52,52,52,52,52,52,52,44,60,60,60,50,50,7,60,49,49,49,49,33,12,12,16,16,23,0,0],"gold":179,"neow_bonus":"THREE_ENEMY_KILL","is_daily":false,"chose_seed":false,"campfire_upgraded":2,"win_rate":0.0,"timestamp":1611555877,"path_taken":["M","?","?","$","?","?","M","E","T","E","?","R","?","M","R","BOSS","M","?","$","?","?","E","?","M","T","M","?"],"items_purchased_type":["Card"],"build_version":"2020-12-22","purchased_purges":1,"victory":false,"max_hp_per_floor":[65,65,65,65,65,65,65,65,65,65,65,65,60,60,60,60,60,60,60,60,60,60,60,42,42,42,42,42,42],"card_choices":[{"not_picked":["Defy","Shuttle"],"picked":"BottledTime","floor":1.0},{"not_picked":["Replace","Alleviate"],"picked":"BestPractice","floor":7.0},{"not_picked":["StarChef","Solidify"],"picked":"Rearm","floor":8.0},{"not_picked":["ForgedInTime","Spin","ShatteredReality"],"picked":"SilverBlades","floor":10.0},{"not_picked":["Spin","Defy","FanOfKnives","Rewind"],"picked":"SKIP","floor":14.0},{"not_picked":["TheWorld","Deny","Solidify"],"picked":"MurderousAura","floor":16},{"not_picked":["TimeWarp","Unruled+1","DoubleEdge"],"picked":"GearUp","floor":18},{"not_picked":["Defy","StarChef","Revamp","Unruled"],"picked":"SKIP","floor":23},{"not_picked":["Starlight+1","Reset","FanOfKnives"],"picked":"Rewind+1","floor":25},{"not_picked":["Potential","Unruled+1","Moonlight"],"picked":"Luminosity","floor":27}],"player_experience":119856,"relics_obtained":[{"floor":8.0,"key":"Question Card"},{"floor":9.0,"key":"Juzu Bracelet"},{"floor":10.0,"key":"PreservedInsect"},{"floor":22,"key":"Necronomicon"},{"floor":23,"key":"Bag of Preparation"},{"floor":26,"key":"Iron Hammer"}],"event_choices":[{"damage_healed":0.0,"max_hp_gain":0.0,"max_hp_loss":0.0,"gold_gain":0.0,"event_name":"Shining Light","player_choice":"Entered Light","floor":2.0,"gold_loss":0.0,"damage_taken":13.0,"cards_upgraded":["Strike_S","KidneyShot"]},{"damage_healed":0.0,"max_hp_gain":0.0,"max_hp_loss":0.0,"gold_gain":0.0,"event_name":"Big Fish","player_choice":"Box","floor":3.0,"gold_loss":0.0,"damage_taken":0.0,"relics_obtained":["Orichalcum"],"cards_obtained":["Regret"]},{"damage_healed":0.0,"max_hp_gain":0.0,"max_hp_loss":0.0,"gold_gain":0.0,"cards_transformed":["BottledTime"],"event_name":"Living Wall","player_choice":"Change","floor":5.0,"gold_loss":0.0,"damage_taken":0.0,"cards_obtained":["Solidify"]},{"damage_healed":16.0,"max_hp_gain":0.0,"max_hp_loss":0.0,"gold_gain":0.0,"event_name":"The Cleric","player_choice":"Healed","floor":11.0,"gold_loss":35.0,"damage_taken":0.0},{"damage_healed":0.0,"max_hp_gain":0.0,"max_hp_loss":5.0,"gold_gain":0.0,"event_name":"Golden Idol","player_choice":"Lose Max HP","floor":13.0,"gold_loss":0.0,"damage_taken":0.0,"relics_obtained":["Golden Idol"]},{"damage_healed":0,"gold_gain":0,"player_choice":"Obtained Relic","damage_taken":0,"relics_obtained":["Quantum Egg"],"max_hp_gain":0,"max_hp_loss":0,"event_name":"Addict","floor":19,"gold_loss":85},{"damage_healed":0,"gold_gain":0,"player_choice":"1 cards matched","damage_taken":0,"max_hp_gain":0,"max_hp_loss":0,"event_name":"Match and Keep!","floor":21,"gold_loss":0,"cards_obtained":["Deny"]},{"damage_healed":0,"gold_gain":0,"player_choice":"Obtained Book","damage_taken":16,"max_hp_gain":0,"max_hp_loss":0,"event_name":"Cursed Tome","floor":22,"gold_loss":0},{"damage_healed":0,"gold_gain":0,"player_choice":"Became a vampire","damage_taken":0,"max_hp_gain":0,"max_hp_loss":18,"event_name":"Vampires","floor":24,"gold_loss":0,"cards_obtained":["Bite","Bite","Bite","Bite","Bite"]},{"damage_healed":0,"gold_gain":0,"player_choice":"Fought Bandits","damage_taken":0,"max_hp_gain":0,"max_hp_loss":0,"event_name":"Masked Bandits","floor":28,"gold_loss":0}],"is_beta":false,"boss_relics":[{"not_picked":["Cursed Key","bronze:MakeshiftBattery"],"picked":"Ring of Chaos"}],"items_purged_floors":[4],"is_endless":false,"potions_floor_spawned":[16,23,27],"killed_by":"Masked Bandits","ascension_level":0}}