{"host":"ojezjkpqju62j8xy","time":1611563804,"event":{"mods":["ATMod(°¢èªMod)","Act Like it!","Aspiration","BaseMod","Conspire","Minty Spire (QoL Compilation)","Pale of the Ancients","Replay The Spire","Spicy Shops","StSLib","[GremlinLeader]The Maniac","¡¾ÒÅÎï¿¨ÅÆ¡¿REMEMod","²ÐÁôÖ®Îï"],"gold_per_floor":[118,138,77,95,163,196,60,60,84,114,127,156,167,180,180,255,255,267,282,282,282,302,333,351,351,398,414,449,494,562,582,582,681,681,726,726,737,786,812,821,877,886,886,940,940,307,348,357,357,357,357,384,421,478,7,7,33,33,33,33,33],"floor_reached":62,"language":"ZHS","playtime":2809,"items_purged":["Pain","PlaceholderMod:BaseDefend"],"score":2953,"play_id":"cbf965ff-b89b-460c-baad-1f1a3c3067c5","local_time":"20210125163644","is_ascension_mode":true,"campfire_choices":[{"floor":8.0,"key":"RECALL"},{"data":"REME_ACTH","floor":15.0,"key":"SMITH"},{"floor":25.0,"key":"REST"},{"floor":32.0,"key":"DIG"},{"floor":40,"key":"REST"},{"floor":42,"key":"REST"},{"data":"REME_ACTH+1","floor":49,"key":"SMITH"},{"data":"REME_ACTH+2","floor":56,"key":"SMITH"},{"data":"AT_EmpoweredMortalDraw","floor":58,"key":"SMITH"}],"circlet_count":0,"master_deck":["AscendersBane","PlaceholderMod:BaseStrike","PlaceholderMod:BaseStrike","PlaceholderMod:BaseStrike","PlaceholderMod:BaseStrike","PlaceholderMod:BaseStrike","PlaceholderMod:BaseDefend","PlaceholderMod:BaseDefend","PlaceholderMod:BaseDefend","PlaceholderMod:BaseDefend","PlaceholderMod:Crystal","PlaceholderMod:PoisonWhip","AT_EmpoweredMortalDraw+1","REME_ACTH+3","PlaceholderMod:Stratification","PlaceholderMod:AttackAsDefend","PlaceholderMod:PoisonAbsorb","PlaceholderMod:SelectReaction","PlaceholderMod:ParasiteChange","PlaceholderMod:HealingAttack+1","PlaceholderMod:Sweep","PlaceholderMod:CrystallizationStrike","PlaceholderMod:Hyperplasia","PlaceholderMod:SelectReaction","PlaceholderMod:AngryAttack","PlaceholderMod:ChainPoly","PlaceholderMod:Stable+1","PlaceholderMod:ProliferateStrike","PlaceholderMod:StressReaction","PlaceholderMod:ThreeBenzyolStart","PlaceholderMod:OHStrongAttack","PlaceholderMod:ConsolidateHit","PlaceholderMod:GrowthForm","PlaceholderMod:HardStinger","PlaceholderMod:AngryAttack","PlaceholderMod:StressReaction","PlaceholderMod:ChainPoly","PlaceholderMod:Sweep","PlaceholderMod:DissolvingSpikes","PlaceholderMod:Stratification","PlaceholderMod:HighConcentration","PlaceholderMod:CrystallizationStrike","PlaceholderMod:FinalSpray","PlaceholderMod:DiffusionPoison","PlaceholderMod:DoublePoint","PlaceholderMod:StressReaction","PlaceholderMod:SeverePoisonStrike","PlaceholderMod:Activation","PlaceholderMod:SeverePoisonStrike","PlaceholderMod:StrongAcid","PlaceholderMod:PoisonBlast","PlaceholderMod:Crystallization","PlaceholderMod:FastReaction","PlaceholderMod:GrowthForm","PlaceholderMod:Turn","PlaceholderMod:Break","PlaceholderMod:Colorful","PlaceholderMod:AbsorbTouch","PlaceholderMod:GrowthForm","PlaceholderMod:PericyclicReaction","PlaceholderMod:ConsolidateHit+1","PlaceholderMod:Corrosion+1","PlaceholderMod:Hard+1","PlaceholderMod:InnerSoften","PlaceholderMod:HardStrike+1","PlaceholderMod:CycleAttack+1","PlaceholderMod:NearChange","PlaceholderMod:AngryAttack+1","PlaceholderMod:ReactionCatalyze","PlaceholderMod:HornyBlast+1","PlaceholderMod:Eat+1","PlaceholderMod:ComplexForm","PlaceholderMod:TriggerStrike+1","PlaceholderMod:Polyp","PlaceholderMod:HornyBlast+1","PlaceholderMod:PoisonAbsorb","PlaceholderMod:SprayAttack+1","Pain","PlaceholderMod:EnergyAbsorb","PlaceholderMod:ChainPoly+1","PlaceholderMod:Sweep+1","PlaceholderMod:ComplexForm","PlaceholderMod:Polyp","PlaceholderMod:CycleAttack+1","PlaceholderMod:HornyBlast+1","PlaceholderMod:DiffusionPoison","PlaceholderMod:GrowthForm"],"relics":["PlaceholderMod:Tancle","AT_ATBox","REME_ComplimentaryCards","REME_IWantAll","Divine Protection","PreservedInsect","StrikeDummy","aspiration:ChemicalBlood","ChewingGum","AT_RedTearstoneRing","AT_BellDemon","Blood Vial","CeramicFish","Tiny Chest","aspiration:StickyExplosives_weak","conspire:Boomerang","Pear","ReplayTheSpireMod:Lightbulb","AT_TrinityForce","Molten Egg 2","Nunchaku","Dream Catcher","Lantern","ReplayFunnel","AT_Manta","Pondfish Scales","Replay:Accelerometer","conspire:Flyswatter","Juzu Bracelet","BargainBundle","AT_ImmortalShieldbow","Happy Flower","conspire:InfiniteJournal","aspiration:HiddenCompartment","WarpedTongs","paleoftheancients:Timepiece","paleoftheancients:KeyRelic","CultistMask","paleoftheancients:SoulOfTheWokeBloke","PlaceholderMod:DeVermisMysteriis","Snack Pack","AT_BladeRuinedKing","Ginger"],"acts_visited":["Exordium","TheCity","TheBeyond","paleoftheancients:PaleOfTheAncients"],"potions_floor_usage":[41,50,51,51,52,54,61],"damage_taken":[{"damage":0.0,"enemies":"2 Louse","floor":1.0,"turns":1.0},{"damage":1.0,"enemies":"Cultist","floor":4.0,"turns":4.0},{"damage":14.0,"enemies":"Lagavulin","floor":6.0,"turns":7.0},{"damage":0.0,"enemies":"Replay:BlueRogue","floor":10.0,"turns":5.0},{"damage":0.0,"enemies":"Jaw Worm","floor":11.0,"turns":2.0},{"damage":0.0,"enemies":"Gremlin Nob","floor":12.0,"turns":3.0},{"damage":0.0,"enemies":"Gremlin Gang","floor":13.0,"turns":1.0},{"damage":0.0,"enemies":"2 Fungi Beasts","floor":14.0,"turns":2.0},{"damage":0.0,"enemies":"Fading Forest","floor":16.0,"turns":13.0},{"damage":28.0,"enemies":"2 Thieves","floor":18.0,"turns":3.0},{"damage":0.0,"enemies":"3 Byrds","floor":19.0,"turns":3.0},{"damage":8.0,"enemies":"conspire:HollyBat","floor":22.0,"turns":7.0},{"damage":13.0,"enemies":"REME_1_Revenger","floor":23.0,"turns":4.0},{"damage":29.0,"enemies":"Shelled Parasite and Fungi","floor":24.0,"turns":4.0},{"damage":4.0,"enemies":"3 Cultists","floor":27.0,"turns":4.0},{"damage":35.0,"enemies":"Replay:Snechameleon","floor":28.0,"turns":3.0},{"damage":0.0,"enemies":"Snecko","floor":29.0,"turns":4.0},{"damage":0.0,"enemies":"Cultist and Chosen","floor":31.0,"turns":3.0},{"damage":156.0,"enemies":"Automaton","floor":33.0,"turns":7.0},{"damage":61.0,"enemies":"Orb Walker","floor":35.0,"turns":3.0},{"damage":0.0,"enemies":"3 Darklings","floor":37.0,"turns":1.0},{"damage":4,"enemies":"Reptomancer","floor":41,"turns":2},{"damage":0,"enemies":"Nemesis","floor":44,"turns":1},{"damage":0,"enemies":"Reptomancer","floor":47,"turns":2},{"damage":57,"enemies":"Time Eater","floor":50,"turns":7},{"damage":32,"enemies":"Replay:Hell Engine","floor":51,"turns":4},{"damage":5,"enemies":"Replay:Hell Engine","floor":52,"turns":4},{"damage":4,"enemies":"Replay:Hell Engine","floor":53,"turns":6},{"damage":0,"enemies":"conspire:MimicChest","floor":54,"turns":1},{"damage":0,"enemies":"conspire:MimicChest","floor":57,"turns":2},{"damage":29,"enemies":"paleoftheancients:N","floor":61,"turns":7}],"seed_played":"-4494921079461627614","potions_obtained":[{"floor":4.0,"key":"SteroidPotion"},{"floor":6.0,"key":"EssenceOfSteel"},{"floor":12.0,"key":"SneckoOil"},{"floor":18.0,"key":"Block Potion"},{"floor":24.0,"key":"Venom Potion"},{"floor":27.0,"key":"Adrenaline Potion"},{"floor":28.0,"key":"Dexterity Potion"},{"floor":29.0,"key":"DistilledChaos"},{"floor":33.0,"key":"Elixir"},{"floor":33.0,"key":"Block Potion"},{"floor":35.0,"key":"Fire Potion"},{"floor":35.0,"key":"BlessingOfTheForge"},{"floor":47,"key":"Dexterity Potion"},{"floor":50,"key":"LiquidMemories"},{"floor":51,"key":"BlessingOfTheForge"},{"floor":52,"key":"SpeedPotion"},{"floor":54,"key":"Energy Potion"},{"floor":61,"key":"Weak Potion"}],"is_trial":false,"path_per_floor":["M","?","$","M","T","E","$","R","T","E","M","E","M","M","R","B",null,"M","M","?","?","M","E","M","R","T","M","E","M","T","M","R","B",null,"M","?","M","T","T","R","E","R","T","E","?","$","E","?","R","B","B","M","M","?","$","R","M","R","T","?","B",null],"character_chosen":"THE_PLACEHOLDER","items_purchased":["PlaceholderMod:HealingAttack+1","PlaceholderMod:Stable+1","Juzu Bracelet","BargainBundle","AT_ImmortalShieldbow","Happy Flower","PlaceholderMod:ComplexForm","PlaceholderMod:TriggerStrike+1","PlaceholderMod:Polyp","PlaceholderMod:HornyBlast+1","PlaceholderMod:PoisonAbsorb","Snack Pack","PlaceholderMod:DiffusionPoison","AT_BladeRuinedKing"],"campfire_rested":3,"item_purchase_floors":[3,7,46,46,46,46,46,46,46,46,46,55,55,55],"current_hp_per_floor":[70,73,73,84,84,78,78,78,78,90,93,96,99,102,102,105,105,77,86,80,80,82,86,57,89,89,97,71,76,76,78,88,45,104,60,60,62,62,62,100,101,130,130,133,133,133,133,133,133,102,121,131,134,139,139,139,139,139,139,139,128],"gold":33,"neow_bonus":"THREE_CARDS","is_daily":false,"chose_seed":false,"campfire_upgraded":4,"win_rate":0.0,"timestamp":1611563804,"path_taken":["M","?","$","?","?","E","$","R","T","E","?","E","M","M","R","BOSS","M","M","?","?","M","E","M","R","T","?","E","M","?","M","R","BOSS","M","?","M","?","?","R","E","R","T","E","?","$","E","?","R","BOSS","BOSS","M","M","?","$","R","M","R","T","?","BOSS"],"items_purchased_type":["Card","Card","Relic","Relic","Relic","Relic","Card","Card","Card","Card","Card","Relic","Card","Relic"],"build_version":"2020-12-22","purchased_purges":2,"victory":true,"max_hp_per_floor":[78,81,81,84,84,87,87,87,87,90,93,96,99,102,102,105,105,105,105,105,105,105,108,108,108,108,108,108,111,111,111,121,124,124,127,127,127,127,127,127,130,130,130,133,133,133,133,133,133,133,133,133,136,139,139,139,139,139,139,139,139],"card_choices":[{"not_picked":["PlaceholderMod:PoisonExcitation","PlaceholderMod:ConsolidateHit"],"picked":"PlaceholderMod:Stratification","floor":0.0},{"not_picked":["PlaceholderMod:SelectReaction","PlaceholderMod:OHStrongAttack"],"picked":"PlaceholderMod:AttackAsDefend","floor":1.0},{"not_picked":["PlaceholderMod:PoisonAbsorb","PlaceholderMod:SelectReaction","PlaceholderMod:ParasiteChange"],"picked":"Singing Bowl","floor":2.0},{"not_picked":["PlaceholderMod:Sweep","PlaceholderMod:CrystallizationStrike","PlaceholderMod:Hyperplasia"],"picked":"Singing Bowl","floor":4.0},{"not_picked":["PlaceholderMod:SelectReaction","PlaceholderMod:AngryAttack","PlaceholderMod:ChainPoly"],"picked":"Singing Bowl","floor":6.0},{"not_picked":["PlaceholderMod:ProliferateStrike","PlaceholderMod:StressReaction","PlaceholderMod:ThreeBenzyolStart"],"picked":"Singing Bowl","floor":10.0},{"not_picked":["PlaceholderMod:OHStrongAttack","PlaceholderMod:ConsolidateHit","PlaceholderMod:GrowthForm"],"picked":"Singing Bowl","floor":11.0},{"not_picked":["PlaceholderMod:HardStinger","PlaceholderMod:AngryAttack","PlaceholderMod:StressReaction"],"picked":"Singing Bowl","floor":12.0},{"not_picked":["PlaceholderMod:ChainPoly","PlaceholderMod:Sweep","PlaceholderMod:DissolvingSpikes"],"picked":"Singing Bowl","floor":13.0},{"not_picked":["PlaceholderMod:Stratification","PlaceholderMod:HighConcentration","PlaceholderMod:CrystallizationStrike"],"picked":"Singing Bowl","floor":14.0},{"not_picked":["PlaceholderMod:FinalSpray","PlaceholderMod:DiffusionPoison","PlaceholderMod:DoublePoint"],"picked":"Singing Bowl","floor":16.0},{"not_picked":["PlaceholderMod:Stable","PlaceholderMod:PoisonExcitation"],"picked":"PlaceholderMod:StressReaction","floor":18.0},{"not_picked":["PlaceholderMod:SpinBlade","PlaceholderMod:NearChange"],"picked":"PlaceholderMod:SeverePoisonStrike","floor":19.0},{"not_picked":["PlaceholderMod:Internalization","PlaceholderMod:Package"],"picked":"PlaceholderMod:SeverePoisonStrike","floor":22.0},{"not_picked":["PlaceholderMod:StrongAcid","PlaceholderMod:PoisonBlast","PlaceholderMod:Crystallization"],"picked":"Singing Bowl","floor":23.0},{"not_picked":["PlaceholderMod:HardStinger","PlaceholderMod:DissolvingSpikes"],"picked":"PlaceholderMod:FastReaction","floor":24.0},{"not_picked":["PlaceholderMod:AttackAsDefend","PlaceholderMod:Turn"],"picked":"PlaceholderMod:GrowthForm","floor":27.0},{"not_picked":["PlaceholderMod:Stratification","PlaceholderMod:SubstitutionNucleophilic1","PlaceholderMod:Sweep"],"picked":"SKIP","floor":28.0},{"not_picked":["PlaceholderMod:Turn","PlaceholderMod:Break","PlaceholderMod:Colorful"],"picked":"Singing Bowl","floor":29.0},{"not_picked":["PlaceholderMod:PoisonAbsorb","PlaceholderMod:SevereHeat","PlaceholderMod:CycleAttack"],"picked":"SKIP","floor":31.0},{"not_picked":["PlaceholderMod:AbsorbTouch","PlaceholderMod:GrowthForm","PlaceholderMod:PericyclicReaction"],"picked":"Singing Bowl","floor":33.0},{"not_picked":["PlaceholderMod:ConsolidateHit+1","PlaceholderMod:Corrosion+1","PlaceholderMod:Hard+1"],"picked":"Singing Bowl","floor":35.0},{"not_picked":["PlaceholderMod:StrongAcid","PlaceholderMod:PoisonAbsorb","PlaceholderMod:HardStrike+1"],"picked":"SKIP","floor":37.0},{"not_picked":["PlaceholderMod:ParasiteChange+1","PlaceholderMod:DirectingGroup"],"picked":"PlaceholderMod:InnerSoften","floor":40},{"not_picked":["PlaceholderMod:HardStrike+1","PlaceholderMod:CycleAttack+1","PlaceholderMod:NearChange"],"picked":"Singing Bowl","floor":41},{"not_picked":["PlaceholderMod:SprayAttack+1","PlaceholderMod:PoisonAbsorb"],"picked":"PlaceholderMod:AngryAttack+1","floor":42},{"not_picked":["PlaceholderMod:ReactionCatalyze","PlaceholderMod:HornyBlast+1","PlaceholderMod:Eat+1"],"picked":"Singing Bowl","floor":44},{"not_picked":["PlaceholderMod:Internalization+1","PlaceholderMod:ThreeBenzyolStart"],"picked":"PlaceholderMod:SprayAttack+1","floor":47},{"not_picked":["PlaceholderMod:DissolvingSpikes+1","PlaceholderMod:HardStrike+1"],"picked":"PlaceholderMod:EnergyAbsorb","floor":52},{"not_picked":["PlaceholderMod:ChainPoly+1","PlaceholderMod:Sweep+1","PlaceholderMod:ComplexForm"],"picked":"Singing Bowl","floor":53},{"not_picked":["PlaceholderMod:Polyp","PlaceholderMod:CycleAttack+1","PlaceholderMod:HornyBlast+1"],"picked":"Singing Bowl","floor":54},{"not_picked":["PlaceholderMod:SprayAttack+1","PlaceholderMod:TriggerStrike+1"],"picked":"PlaceholderMod:GrowthForm","floor":57}],"player_experience":1450968,"relics_obtained":[{"floor":2.0,"key":"REME_IWantAll"},{"floor":5.0,"key":"Divine Protection"},{"floor":6.0,"key":"PreservedInsect"},{"floor":10.0,"key":"StrikeDummy"},{"floor":12.0,"key":"aspiration:ChemicalBlood"},{"floor":23.0,"key":"AT_RedTearstoneRing"},{"floor":26.0,"key":"AT_BellDemon"},{"floor":28.0,"key":"Blood Vial"},{"floor":28.0,"key":"CeramicFish"},{"floor":29.0,"key":"Tiny Chest"},{"floor":30.0,"key":"aspiration:StickyExplosives_weak"},{"floor":31.0,"key":"conspire:Boomerang"},{"floor":32.0,"key":"Pear"},{"floor":33.0,"key":"ReplayTheSpireMod:Lightbulb"},{"floor":35.0,"key":"Molten Egg 2"},{"floor":37.0,"key":"Nunchaku"},{"floor":38.0,"key":"Dream Catcher"},{"floor":39.0,"key":"Lantern"},{"floor":41,"key":"ReplayFunnel"},{"floor":41,"key":"AT_Manta"},{"floor":43,"key":"Pondfish Scales"},{"floor":44,"key":"Replay:Accelerometer"},{"floor":44,"key":"conspire:Flyswatter"},{"floor":47,"key":"conspire:InfiniteJournal"},{"floor":47,"key":"aspiration:HiddenCompartment"},{"floor":52,"key":"paleoftheancients:SoulOfTheWokeBloke"},{"floor":54,"key":"PlaceholderMod:DeVermisMysteriis"},{"floor":59,"key":"Ginger"}],"event_choices":[{"damage_healed":0.0,"max_hp_gain":0.0,"max_hp_loss":0.0,"gold_gain":0.0,"event_name":"conspire:Investor","player_choice":"Leave","floor":20.0,"gold_loss":0.0,"damage_taken":0.0},{"damage_healed":0.0,"max_hp_gain":0.0,"max_hp_loss":0.0,"gold_gain":0.0,"event_name":"The Library","player_choice":"Read","floor":21.0,"gold_loss":0.0,"damage_taken":0.0,"cards_obtained":["PlaceholderMod:Activation"]},{"damage_healed":0.0,"max_hp_gain":0.0,"max_hp_loss":0.0,"gold_gain":0.0,"event_name":"The Moai Head","player_choice":"Ignored","floor":36.0,"gold_loss":0.0,"damage_taken":0.0},{"damage_healed":0,"gold_gain":0,"player_choice":"Rummage","damage_taken":0,"relics_obtained":["WarpedTongs"],"max_hp_gain":0,"max_hp_loss":0,"event_name":"Accursed Blacksmith","floor":48,"gold_loss":0,"cards_obtained":["Pain"]}],"is_beta":false,"boss_relics":[{"not_picked":["aspiration:PoetsPen_weak","Replay:Bronze Core"],"picked":"ChewingGum"},{"not_picked":["Snecko Eye","aspiration:IroncladSkillbook"],"picked":"AT_TrinityForce"}],"items_purged_floors":[7,46],"is_endless":false,"potions_floor_spawned":[4,6,10,12,16,19,24,27,28,29,35,47,52,54,57],"ascension_level":20}}