{"host":"fnk117zi8wf5078t","time":1611583430,"event":{"mods":["AchievementEnabler","BaseMod","Colored Map","Minty Spire (QoL Compilation)","Rare Cards Sparkle","SuperFastMode","everything is the same but u backflip on backflip"],"gold_per_floor":[118,193,22,34,34,34,60,73,73,403,414,425,444,3,3,102,102,121,134,134,134,150,169,84,96,96,96,42,42,62,81,81,186,186,198,198,214,227,247,247,261,261,261,261,278,12,29,63,63,63],"floor_reached":51,"language":"KOR","playtime":2282,"items_purged":["Defend_B"],"score":1083,"play_id":"56a7d530-df56-4145-ab5c-c542e4dc6a58","local_time":"20210125230350","is_ascension_mode":true,"campfire_choices":[{"data":"Scrape","floor":6.0,"key":"SMITH"},{"floor":15,"key":"REST"},{"floor":27,"key":"REST"},{"floor":32,"key":"REST"},{"data":"Apotheosis","floor":40,"key":"SMITH"},{"data":"Reboot","floor":42,"key":"SMITH"},{"floor":44,"key":"REST"},{"floor":49,"key":"REST"}],"circlet_count":0,"master_deck":["Strike_B","Strike_B","Defend_B+1","Defend_B","Defend_B","Zap","Dualcast","Gash","Scrape+1","Flash of Steel","Core Surge","Steam","Go for the Eyes","Chill","Genetic Algorithm","All For One","Apotheosis+1","Hyperbeam","Steam+1","Turbo+1","Beam Cell","Reboot+1","Fission","CurseOfTheBell","Gash+1","All For One","Gash+1","Machine Learning","Turbo+1","Scrape","Reboot","Steam Power+1","Beam Cell+1"],"relics":["Cracked Core","NeowsBlessing","Pocketwatch","Calipers","Old Coin","Meat on the Bone","SlaversCollar","Ginger","Question Card","Bag of Preparation","Calling Bell","Blood Vial","Pantograph","StoneCalendar","HornCleat","Orrery","War Paint"],"acts_visited":["Exordium","TheCity","TheBeyond"],"potions_floor_usage":[23,33,33,37,50,50,50],"damage_taken":[{"damage":0.0,"enemies":"Jaw Worm","floor":1.0,"turns":1.0},{"damage":0.0,"enemies":"2 Louse","floor":4.0,"turns":1.0},{"damage":0.0,"enemies":"3 Sentries","floor":7.0,"turns":1.0},{"damage":1.0,"enemies":"Cultist","floor":8.0,"turns":3.0},{"damage":20.0,"enemies":"Lagavulin","floor":10.0,"turns":6.0},{"damage":3.0,"enemies":"Exordium Thugs","floor":11.0,"turns":3.0},{"damage":0.0,"enemies":"Gremlin Gang","floor":12.0,"turns":4.0},{"damage":0.0,"enemies":"3 Louse","floor":13.0,"turns":4.0},{"damage":5,"enemies":"The Guardian","floor":16,"turns":8},{"damage":38,"enemies":"2 Thieves","floor":18,"turns":4},{"damage":4,"enemies":"Chosen","floor":19,"turns":4},{"damage":2,"enemies":"Centurion and Healer","floor":22,"turns":6},{"damage":0,"enemies":"Sentry and Sphere","floor":23,"turns":4},{"damage":17,"enemies":"Shelled Parasite and Fungi","floor":25,"turns":8},{"damage":20,"enemies":"Snake Plant","floor":30,"turns":4},{"damage":0,"enemies":"3 Cultists","floor":31,"turns":4},{"damage":29,"enemies":"Automaton","floor":33,"turns":6},{"damage":7,"enemies":"3 Darklings","floor":35,"turns":2},{"damage":4,"enemies":"Orb Walker","floor":37,"turns":3},{"damage":0,"enemies":"Jaw Worm Horde","floor":38,"turns":4},{"damage":0,"enemies":"4 Shapes","floor":39,"turns":2},{"damage":10,"enemies":"Maw","floor":41,"turns":6},{"damage":6,"enemies":"Jaw Worm Horde","floor":45,"turns":3},{"damage":17,"enemies":"4 Shapes","floor":47,"turns":3},{"damage":2,"enemies":"Reptomancer","floor":48,"turns":2},{"damage":39,"enemies":"Awakened One","floor":50,"turns":6}],"seed_played":"-9078031799557808841","potions_obtained":[{"floor":7.0,"key":"SpeedPotion"},{"floor":10.0,"key":"PowerPotion"},{"floor":13.0,"key":"SteroidPotion"},{"floor":18,"key":"Fire Potion"},{"floor":19,"key":"CultistPotion"},{"floor":33,"key":"FocusPotion"},{"floor":35,"key":"DuplicationPotion"},{"floor":36,"key":"AttackPotion"},{"floor":36,"key":"Dexterity Potion"},{"floor":37,"key":"Ancient Potion"},{"floor":48,"key":"ColorlessPotion"}],"is_trial":false,"path_per_floor":["M","?","$","M","?","R","E","M","T","E","M","M","M","$","R","B",null,"M","M","?","?","M","M","?","M","T","R","$","?","M","M","R","B",null,"M","?","M","M","M","R","M","R","T","R","M","$","M","E","R","B",null],"character_chosen":"DEFECT","items_purchased":["Scrape","Flash of Steel","Meat on the Bone","Apotheosis","Beam Cell","Strength Potion","Orrery"],"campfire_rested":5,"item_purchase_floors":[3,3,14,14,28,46,46],"current_hp_per_floor":[68,57,57,57,57,57,57,56,56,36,33,33,33,33,55,50,69,43,39,39,39,49,49,49,44,44,66,66,66,46,46,68,39,66,61,61,59,61,63,63,55,55,55,75,69,69,54,54,75,48],"gold":63,"neow_bonus":"THREE_ENEMY_KILL","is_daily":false,"chose_seed":false,"campfire_upgraded":3,"win_rate":0.0,"timestamp":1611583430,"path_taken":["M","?","$","M","?","R","E","M","T","E","?","M","M","?","R","BOSS","M","?","?","?","M","M","?","M","T","R","$","?","M","M","R","BOSS","M","?","M","M","?","R","M","R","T","R","M","$","M","E","R","BOSS"],"items_purchased_type":["Card","Card","Relic","Card","Card","Potion","Relic"],"build_version":"2020-12-22","purchased_purges":1,"victory":true,"max_hp_per_floor":[75,75,75,75,75,75,75,75,75,75,75,75,75,75,75,75,75,75,75,75,75,75,75,75,75,75,75,75,75,75,75,75,75,75,75,75,75,75,75,75,75,75,75,75,75,75,75,75,75,75],"card_choices":[{"not_picked":["Stack","Go for the Eyes"],"picked":"Gash","floor":1.0},{"not_picked":["Stack","Streamline","Leap"],"picked":"SKIP","floor":4.0},{"not_picked":["Lockon","Sweeping Beam"],"picked":"Core Surge","floor":7.0},{"not_picked":["Ball Lightning","Stack"],"picked":"Steam","floor":8.0},{"not_picked":["Barrage","Steam"],"picked":"Go for the Eyes","floor":10.0},{"not_picked":["Ball Lightning","Compile Driver"],"picked":"Chill","floor":11.0},{"not_picked":["Rip and Tear","Rebound"],"picked":"Genetic Algorithm","floor":12.0},{"not_picked":["Fusion","Double Energy"],"picked":"All For One","floor":13.0},{"not_picked":["Meteor Strike","Multi-Cast"],"picked":"Hyperbeam","floor":16},{"not_picked":["Turbo","Genetic Algorithm+1"],"picked":"Steam+1","floor":18},{"not_picked":["Sunder","Auto Shields+1"],"picked":"Turbo","floor":19},{"not_picked":["Steam","Barrage","Coolheaded"],"picked":"SKIP","floor":22},{"not_picked":["Redo","Consume","Cold Snap"],"picked":"SKIP","floor":23},{"not_picked":["Capacitor","Hologram","Stack+1"],"picked":"SKIP","floor":25},{"not_picked":["Compile Driver+1","Barrage","Coolheaded","Undo"],"picked":"SKIP","floor":30},{"not_picked":["Stack","Streamline","Ball Lightning"],"picked":"Reboot","floor":31},{"not_picked":["Rainbow","Hyperbeam","Echo Form"],"picked":"Fission","floor":33},{"not_picked":["Tempest+1","Fusion","Stack","Heatsinks+1"],"picked":"SKIP","floor":35},{"not_picked":["Cold Snap","Turbo+1","Streamline+1"],"picked":"Gash+1","floor":37},{"not_picked":["Heatsinks+1","Conserve Battery+1","Aggregate+1"],"picked":"All For One","floor":38},{"not_picked":["Barrage","Redo","Aggregate","Leap+1"],"picked":"SKIP","floor":39},{"not_picked":["Tempest+1","Steam+1","Hello World","Redo+1"],"picked":"SKIP","floor":41},{"not_picked":["Turbo","Multi-Cast","Chill"],"picked":"Gash+1","floor":45},{"not_picked":["Compile Driver","All For One","Recycle+1"],"picked":"Machine Learning","floor":46},{"not_picked":["Redo+1","Conserve Battery","Leap"],"picked":"Turbo+1","floor":46},{"not_picked":["Tempest","Rip and Tear","Go for the Eyes+1"],"picked":"Scrape","floor":46},{"not_picked":["Streamline+1","Storm+1","Rebound+1"],"picked":"Reboot","floor":46},{"not_picked":["Stack","Undo","Hologram+1"],"picked":"Steam Power+1","floor":47},{"not_picked":["Rebound+1","Barrage","Steam+1"],"picked":"Beam Cell+1","floor":48}],"player_experience":412706,"relics_obtained":[{"floor":7.0,"key":"Pocketwatch"},{"floor":9.0,"key":"Calipers"},{"floor":10.0,"key":"Old Coin"},{"floor":26,"key":"Question Card"},{"floor":34,"key":"Blood Vial"},{"floor":34,"key":"Pantograph"},{"floor":34,"key":"StoneCalendar"},{"floor":43,"key":"HornCleat"},{"floor":48,"key":"War Paint"}],"event_choices":[{"damage_healed":0.0,"max_hp_gain":0.0,"max_hp_loss":0.0,"gold_gain":75.0,"event_name":"World of Goop","player_choice":"Gather Gold","floor":2.0,"gold_loss":0.0,"damage_taken":11.0},{"cards_removed":["Strike_B"],"damage_healed":0.0,"max_hp_gain":0.0,"max_hp_loss":0.0,"gold_gain":0.0,"event_name":"Purifier","player_choice":"Purged","floor":5.0,"gold_loss":0.0,"damage_taken":0.0},{"damage_healed":0,"gold_gain":0,"player_choice":"Ignored","damage_taken":0,"max_hp_gain":0,"max_hp_loss":0,"event_name":"Vampires","floor":20,"gold_loss":0},{"cards_removed":["Strike_B"],"damage_healed":0,"gold_gain":0,"player_choice":"Elegance","damage_taken":0,"max_hp_gain":0,"max_hp_loss":0,"event_name":"Back to Basics","floor":21,"gold_loss":0},{"damage_healed":0,"gold_gain":0,"player_choice":"Obtained Relic","damage_taken":0,"relics_obtained":["Ginger"],"max_hp_gain":0,"max_hp_loss":0,"event_name":"Addict","floor":24,"gold_loss":85},{"damage_healed":0,"gold_gain":0,"player_choice":"Opened","damage_taken":0,"relics_obtained":["Bag of Preparation"],"max_hp_gain":0,"max_hp_loss":0,"event_name":"The Mausoleum","floor":29,"gold_loss":0},{"damage_healed":0,"gold_gain":0,"player_choice":"Got Potions","damage_taken":0,"max_hp_gain":0,"max_hp_loss":0,"event_name":"Lab","floor":36,"gold_loss":0}],"is_beta":false,"boss_relics":[{"not_picked":["Runic Dome","Astrolabe"],"picked":"SlaversCollar"},{"not_picked":["Coffee Dripper","Black Star"],"picked":"Calling Bell"}],"items_purged_floors":[46],"is_endless":false,"potions_floor_spawned":[7,10,13,18,19,33,35,37,48],"ascension_level":9}}