{"host":"o7j6aatxjwpw1421","time":1611583781,"event":{"mods":["2.2 Compatiblity","AchievementEnabler","BaseMod","Colored Map","DeckTracker","Highlight Path","Keyboard Shortcuts","Minty Spire (QoL Compilation)","Permanent Neow","Quick Restart","StSLib","SuperFastMode","everything is the same but u backflip on backflip"],"gold_per_floor":[111,111,261,186,206,206,31,31,31,42,42,61,94,114,114,186,186,206,206,206],"floor_reached":19,"language":"KOR","playtime":571,"items_purged":["Doubt"],"score":326,"play_id":"69ccaa98-1162-43b4-ab22-2062a9cab1c6","local_time":"20210125230941","is_ascension_mode":true,"campfire_choices":[{"data":"Eruption","floor":6.0,"key":"SMITH"},{"data":"Scrawl","floor":8.0,"key":"SMITH"},{"data":"PathToVictory","floor":11.0,"key":"SMITH"},{"floor":15.0,"key":"REST"}],"circlet_count":0,"master_deck":["AscendersBane","Strike_P","Strike_P","Strike_P","Defend_P","Defend_P","Defend_P","Eruption+1","Vigilance","SandsOfTime","Prostrate","PathToVictory+1","MentalFortress","Scrawl+1","InnerPeace"],"relics":["PureWater","Darkstone Periapt","Blood Vial","Black Star"],"acts_visited":["Exordium","TheCity"],"potions_floor_usage":[19,19],"damage_taken":[{"damage":4.0,"enemies":"Small Slimes","floor":1.0,"turns":3.0},{"damage":0.0,"enemies":"Jaw Worm","floor":5.0,"turns":3.0},{"damage":0.0,"enemies":"Cultist","floor":10.0,"turns":3.0},{"damage":14.0,"enemies":"Gremlin Gang","floor":12.0,"turns":4.0},{"damage":22.0,"enemies":"Gremlin Nob","floor":13.0,"turns":3.0},{"damage":0.0,"enemies":"2 Fungi Beasts","floor":14.0,"turns":2.0},{"damage":23.0,"enemies":"Hexaghost","floor":16.0,"turns":9.0},{"damage":17.0,"enemies":"Shell Parasite","floor":18.0,"turns":4.0},{"damage":47,"enemies":"Masked Bandits","floor":19,"turns":5}],"seed_played":"-1514995953204287667","potions_obtained":[{"floor":12.0,"key":"Strength Potion"},{"floor":13.0,"key":"Strength Potion"},{"floor":16.0,"key":"Regen Potion"}],"is_trial":false,"path_per_floor":["M","?","?","$","M","R","$","R","T","M","R","M","E","M","R","B",null,"M","?"],"character_chosen":"WATCHER","items_purchased":["Scrawl"],"campfire_rested":1,"item_purchase_floors":[7],"current_hp_per_floor":[57,57,57,57,57,57,57,57,57,57,57,43,21,23,41,20,52,37,6,6],"gold":206,"neow_bonus":"TRANSFORM_TWO_CARDS","is_daily":false,"chose_seed":false,"campfire_upgraded":3,"win_rate":0.0,"timestamp":1611583781,"path_taken":["M","?","?","$","?","R","?","R","T","?","R","M","E","M","R","BOSS","M","?"],"items_purchased_type":["Card"],"build_version":"2020-12-22","purchased_purges":1,"victory":false,"max_hp_per_floor":[62,62,62,62,62,62,62,62,62,62,62,62,62,62,62,62,62,62,62,62],"card_choices":[{"not_picked":["Prostrate","CrushJoints"],"picked":"PathToVictory","floor":1.0},{"not_picked":["BowlingBash","SignatureMove"],"picked":"MentalFortress","floor":5.0},{"not_picked":["Perseverance","ThirdEye","BowlingBash"],"picked":"SKIP","floor":10.0},{"not_picked":["Swivel","Nirvana"],"picked":"InnerPeace","floor":12.0},{"not_picked":["Establishment","Crescendo","Pray"],"picked":"SKIP","floor":13.0},{"not_picked":["Pray","WheelKick","Sanctity"],"picked":"SKIP","floor":14.0},{"not_picked":["Nirvana","Consecrate","EmptyFist"],"picked":"SKIP","floor":18.0}],"player_experience":618134,"relics_obtained":[{"floor":9.0,"key":"Darkstone Periapt"},{"floor":13.0,"key":"Blood Vial"}],"event_choices":[{"damage_healed":0.0,"max_hp_gain":0.0,"max_hp_loss":0.0,"gold_gain":0.0,"event_name":"Shining Light","player_choice":"Ignored","floor":2.0,"gold_loss":0.0,"damage_taken":0.0},{"damage_healed":0.0,"max_hp_gain":0.0,"max_hp_loss":0.0,"gold_gain":150.0,"event_name":"Liars Game","player_choice":"AGREE","floor":3.0,"gold_loss":0.0,"damage_taken":0.0,"cards_obtained":["Doubt"]},{"damage_healed":0,"gold_gain":0,"player_choice":"Fought Bandits","damage_taken":0,"max_hp_gain":0,"max_hp_loss":0,"event_name":"Masked Bandits","floor":19,"gold_loss":0}],"is_beta":false,"boss_relics":[{"not_picked":["Busted Crown","Fusion Hammer"],"picked":"Black Star"}],"items_purged_floors":[4],"is_endless":false,"potions_floor_spawned":[12,13,14,16,18],"killed_by":"Masked Bandits","ascension_level":19}}