{"host":"1zwnl30z3cyaxn7y","time":1611589724,"event":{"mods":["BaseMod","Downfall","Marisa£®ÏF”Í°°ƒß¿Ì…≥£©","Minty Spire (QoL Compilation)","Replay The Spire","StSLib","The Bug Knight","The Servant 0.9.4","Warlord Emblem"],"gold_per_floor":[116,132,142,142,142,142,142,142,206,206,230,243,260,260,271,90,90,193,193,209,13,32,95,295,295,309,309,309,345,345,380,421,115,115,236,236,254,254,271,146,198,198,198,228,228,295,295,340,51,51,51,51],"floor_reached":53,"language":"ZHS","playtime":9259,"items_purged":["Strike_MRS","Strike_MRS","Defend_MRS","Defend_MRS"],"score":954,"play_id":"32a5703b-6eb2-4b61-8749-1f74997a5211","local_time":"20210125234844","is_ascension_mode":false,"campfire_choices":[{"data":"NonDirectionalLaser","floor":6,"key":"SMITH"},{"data":"Mind Blast","floor":10,"key":"SMITH"},{"floor":17,"key":"REST"},{"floor":25,"key":"REST"},{"data":"Chrysalis","floor":27,"key":"SMITH"},{"floor":30,"key":"REST"},{"floor":34,"key":"REST"},{"data":"Apotheosis","floor":42,"key":"SMITH"},{"data":"SuperNova","floor":47,"key":"SMITH"},{"data":"Strike_MRS","floor":51,"key":"PURGE"}],"circlet_count":0,"master_deck":["MasterSpark","UpSweep","Mind Blast+1","GrandCross","GrandCross","NonDirectionalLaser+1","MysteriousBeam","Zap+1","Acceleration","Chrysalis+1","EscapeVelocity","NonDirectionalLaser","Mayhem","Apotheosis+1","Madness","AsteroidBelt","FairyDestructionRay+1","WitchOfGreed+1","DoubleSpark","GalacticHalo","DeepEcoloBomb+1","ShootingEcho","OortCloud","OortCloud+1","GalacticHalo","IllusionStar+1","AsteroidBelt+1","SuperNova+1","BigCrunch+1","FinalSpark+1","CollectingQuirk+1","WitchOfGreed","Decay","Acceleration","GasGiant","Madness","Madness","LuminesStrike","Amnesia","IllusionStar+1","DoubleSpark","FinalSpark"],"relics":["m_SpellCore","WarlordEmblem:EvilBlood","Replay:Wax Seal","ExperimentalFamiliar","ReplayTheSpireMod:ShopPack","AmplifyWand","WarlordEmblem:BreastProtector","Orrery","Replay:Grab Bag","Cursed Key","Busted Crown","Astrolabe","Quantum Egg","HollowMod:LifeEnderRelic"],"acts_visited":["Exordium","TheCity","TheBeyond"],"potions_floor_usage":[18,20,35,35,44,48,52,52],"damage_taken":[{"damage":5,"enemies":"2 Louse","floor":1,"turns":3},{"damage":6,"enemies":"Jaw Worm","floor":2,"turns":3},{"damage":2,"enemies":"Small Slimes","floor":3,"turns":3},{"damage":14,"enemies":"Looter","floor":12,"turns":2},{"damage":19,"enemies":"Exordium Thugs","floor":13,"turns":4},{"damage":4,"enemies":"3 Louse","floor":15,"turns":2},{"damage":34,"enemies":"Hexaghost","floor":18,"turns":6},{"damage":31,"enemies":"3 Byrds","floor":20,"turns":5},{"damage":13,"enemies":"Snecko","floor":22,"turns":4},{"damage":14,"enemies":"Chosen and Byrds","floor":26,"turns":3},{"damage":15,"enemies":"3 Cultists","floor":29,"turns":4},{"damage":28,"enemies":"Centurion and Healer","floor":31,"turns":3},{"damage":23,"enemies":"Cultist and Chosen","floor":32,"turns":5},{"damage":20,"enemies":"Pondfish","floor":35,"turns":12},{"damage":20,"enemies":"3 Shapes","floor":37,"turns":2},{"damage":11,"enemies":"3 Darklings","floor":39,"turns":3},{"damage":7,"enemies":"Maw","floor":41,"turns":7},{"damage":4,"enemies":"HollowMod:StalkingDevout","floor":44,"turns":6},{"damage":6,"enemies":"Spire Growth","floor":46,"turns":5},{"damage":4,"enemies":"Jaw Worm Horde","floor":48,"turns":2},{"damage":27,"enemies":"Awakened One","floor":52,"turns":7}],"seed_played":"1179177265799894564","potions_obtained":[{"floor":3,"key":"Energy Potion"},{"floor":15,"key":"Block Potion"},{"floor":29,"key":"Strength Potion"},{"floor":31,"key":"Elixir"},{"floor":32,"key":"Fire Potion"},{"floor":32,"key":"FairyPotion"},{"floor":35,"key":"LiquidBronze"},{"floor":35,"key":"Doom Potion"},{"floor":41,"key":"Block Potion"},{"floor":46,"key":"Ancient Potion"},{"floor":48,"key":"Weak Potion"}],"is_trial":false,"path_per_floor":["M","M","M","?","?","R","PTL","PTL","?","R","T","M","M","?","M","$","R","B",null,"M","$","M","?","?","R","M","R","T","M","R","M","M","$","R","B",null,"M","?","M","$","M","R","?","E","T","M","R","M","$","?","R","B",null],"character_chosen":"MARISA","items_purchased":["Chrysalis","ReplayTheSpireMod:ShopPack","ShootingEcho","Orrery","FinalSpark"],"campfire_rested":4,"item_purchase_floors":[16,21,33,33,49],"current_hp_per_floor":[70,64,62,62,50,50,50,50,50,50,50,45,35,35,40,40,62,37,75,53,53,49,19,19,41,36,36,36,30,60,41,27,27,57,46,103,92,92,90,90,92,92,79,84,84,87,87,92,92,103,103,85],"gold":51,"neow_bonus":"RANDOM_COLORLESS","is_daily":false,"chose_seed":false,"campfire_upgraded":5,"win_rate":0.0,"timestamp":1611589724,"path_taken":["M","M","M","?","?","R","PTL","PTL","?","R","T","M","M","?","?","$","R","BOSS","M","$","M","?","?","R","M","R","T","M","R","?","M","$","R","BOSS","M","?","?","$","M","R","?","E","T","M","R","M","$","?","R","BOSS"],"items_purchased_type":["Card","Relic","Card","Relic","Card"],"build_version":"2020-12-22","purchased_purges":4,"victory":true,"max_hp_per_floor":[75,75,75,75,75,75,75,75,75,75,75,75,75,75,75,75,75,75,75,75,75,75,75,75,75,75,75,103,103,103,103,103,103,103,103,103,103,103,103,103,103,103,103,103,103,103,103,103,103,103,103,103],"card_choices":[{"not_picked":["Purity","Enlightenment"],"picked":"Mind Blast","floor":0},{"not_picked":["UnstableBomb","WitchLeyline"],"picked":"GrandCross","floor":1},{"not_picked":["ShootingEcho","WitchLeyline"],"picked":"GrandCross","floor":2},{"not_picked":["BlazeAway","WitchOfGreed"],"picked":"NonDirectionalLaser","floor":3},{"not_picked":["MachineGunSpark","All For One"],"picked":"MysteriousBeam","floor":12},{"not_picked":["UnstableBomb","DragonMeteor"],"picked":"Zap","floor":13},{"not_picked":["GravityBeat","ShootTheMoon"],"picked":"Acceleration","floor":15},{"not_picked":["BigCrunch","Meteor Strike"],"picked":"EscapeVelocity","floor":18},{"not_picked":["ChargingUp","ShootTheMoon"],"picked":"NonDirectionalLaser","floor":20},{"not_picked":["ReplayUltimateDefense","ReplayTheSpireMod:Brewmster"],"picked":"Mayhem","floor":21},{"not_picked":["Replay:Sssssssssshield","Panacea"],"picked":"Apotheosis","floor":21},{"not_picked":["Replay:Parry","Specialist"],"picked":"Madness","floor":21},{"not_picked":["DoubleSpark","ShootTheMoon"],"picked":"AsteroidBelt","floor":22},{"not_picked":["WitchLeyline+1","Robbery+1"],"picked":"FairyDestructionRay+1","floor":23},{"not_picked":["NonDirectionalLaser","RefractionSpark"],"picked":"WitchOfGreed+1","floor":23},{"not_picked":["SporeBomb","Robbery"],"picked":"DoubleSpark","floor":26},{"not_picked":["BlazingStar","ChargingUp+1"],"picked":"GalacticHalo","floor":29},{"not_picked":["PowerUp","IllusionStar"],"picked":"DeepEcoloBomb+1","floor":31},{"not_picked":["FairyDestructionRay","WitchLeyline"],"picked":"ManaConvection+1","floor":32},{"not_picked":["GalacticHalo","WitchOfGreed"],"picked":"OortCloud","floor":33},{"not_picked":["GrandCross","SporeBomb"],"picked":"OortCloud+1","floor":33},{"not_picked":["NonDirectionalLaser","OpenUniverse"],"picked":"GalacticHalo","floor":33},{"not_picked":["FinalSpark","MillisecondPulsars"],"picked":"IllusionStar+1","floor":33},{"not_picked":["SprinkleStarSeal","ShootTheMoon"],"picked":"AsteroidBelt+1","floor":33},{"not_picked":["CasketOfStar","TreasureHunter"],"picked":"SuperNova","floor":35},{"not_picked":[],"picked":"WitchOfGreed","floor":37},{"not_picked":[],"picked":"Acceleration","floor":39},{"not_picked":[],"picked":"GasGiant","floor":41},{"not_picked":[],"picked":"LuminesStrike","floor":44},{"not_picked":[],"picked":"IllusionStar+1","floor":46},{"not_picked":[],"picked":"DoubleSpark","floor":48}],"player_experience":299407,"relics_obtained":[{"floor":11,"key":"Replay:Wax Seal"},{"floor":23,"key":"AmplifyWand"},{"floor":28,"key":"WarlordEmblem:BreastProtector"},{"floor":44,"key":"Quantum Egg"},{"floor":45,"key":"HollowMod:LifeEnderRelic"}],"event_choices":[{"damage_healed":0,"gold_gain":0,"player_choice":"Success","damage_taken":12,"relics_obtained":["WarlordEmblem:EvilBlood"],"max_hp_gain":0,"max_hp_loss":0,"event_name":"Scrap Ooze","floor":5,"gold_loss":0},{"damage_healed":0,"gold_gain":64,"player_choice":"Gained Gold","damage_taken":0,"max_hp_gain":0,"max_hp_loss":0,"event_name":"Golden Wing","floor":9,"gold_loss":0},{"damage_healed":0,"gold_gain":0,"player_choice":"Grow","damage_taken":0,"max_hp_gain":0,"max_hp_loss":0,"event_name":"Living Wall","floor":14,"gold_loss":0,"cards_upgraded":["Zap"]},{"damage_healed":0,"gold_gain":250,"player_choice":"Bet on Owner","damage_taken":0,"max_hp_gain":0,"max_hp_loss":0,"event_name":"The Joust","floor":24,"gold_loss":50},{"damage_healed":0,"gold_gain":0,"player_choice":"Cursed","damage_taken":0,"max_hp_gain":0,"max_hp_loss":0,"event_name":"Wheel of Change","floor":38,"gold_loss":0,"cards_obtained":["Decay"]},{"damage_healed":0,"gold_gain":0,"player_choice":"Embrace Madness","damage_taken":13,"max_hp_gain":0,"max_hp_loss":0,"event_name":"Winding Halls","floor":43,"gold_loss":0,"cards_obtained":["Madness","Madness"]},{"cards_removed":["ManaConvection"],"damage_healed":11,"gold_gain":0,"player_choice":"Offered Uncommon","damage_taken":0,"max_hp_gain":0,"max_hp_loss":0,"event_name":"Bonfire Elementals","floor":50,"gold_loss":0}],"is_beta":false,"boss_relics":[{"not_picked":["Tiny House","Calling Bell"],"picked":"ExperimentalFamiliar"},{"not_picked":["Sozu","Runic Dome"],"picked":"Replay:Grab Bag"},{"not_picked":["Fusion Hammer","ChewingGum"],"picked":"Cursed Key"},{"not_picked":["Velvet Choker","SlaversCollar"],"picked":"Busted Crown"},{"not_picked":["Runic Pyramid","Ring of Chaos"],"picked":"Astrolabe"}],"items_purged_floors":[21,33,40,49],"is_endless":false,"potions_floor_spawned":[3,15,29,32,35,41,46,48],"ascension_level":0}}