{"host":"u9xtr94typ21duox","time":1611550981,"event":{"mods":["BaseMod","Key Reminder","KinomotoSakuraMod(ƒæ÷Æ±æ”£)","LagranYue(¿≠∏Ò¿ °§‘¬)","Marisa£®ÏF”Í°°ƒß¿Ì…≥£©","Minty Spire (QoL Compilation)","Reimu£®≤©¿ˆ¡È√Œ£©","Replay The Spire","StSLib","Td1madao Mod","The Administrix","The Bladedancer","The Bug Knight","The Construct","The Cursed","The Gatherer","The Runesmith","The Servant 0.9.4","WarShipGirlsR/’ΩΩ¢…Ÿ≈ÆR mod","Youmu£®ªÍ∆«—˝√Œ£©"],"gold_per_floor":[118,78,78,90,23,48,62,94,118,152,172,172,190,205,205,305,305,320,333,349,66,80,114,124,124,124,158,158,58,87,2,2,2,2],"floor_reached":32,"language":"ZHS","playtime":2179,"items_purged":["Gatherer:Strike_Gatherer","Decay"],"score":409,"play_id":"46cc9380-9ee0-4cb2-b954-69361dc85d8b","local_time":"20210125130301","is_ascension_mode":true,"metric_token":1301,"campfire_choices":[{"data":"Gatherer:Centralize","floor":12,"key":"SMITH"},{"data":"Gatherer:TacticalStrike","floor":15,"key":"SMITH"},{"data":"Gatherer:ScrollOfPurity","floor":25,"key":"SMITH"}],"circlet_count":0,"master_deck":["Gatherer:Strike_Gatherer","Gatherer:Strike_Gatherer","Gatherer:Strike_Gatherer","Gatherer:Strike_Gatherer","Gatherer:Defend_Gatherer","Gatherer:Defend_Gatherer","Gatherer:Defend_Gatherer","Gatherer:Defend_Gatherer+1","Gatherer:Defend_Gatherer+1","Gatherer:Centralize+1","Gatherer:FlowerWhip","Gatherer:ScherryThrow","Gatherer:ScrollOfPurity+1","Gatherer:EnergyBasket","Gatherer:FeelingFine","Gatherer:MindSearch","Gatherer:QuickSynthesis","Gatherer:AlchemyTrial","Gatherer:TacticalStrike+1","Gatherer:FlamingBottle","Gatherer:Solidify","Gatherer:EnergyBasket","Gatherer:RecipeChange+1","Gatherer:PoisonMastery"],"relics":["Gatherer:MiracleBag","LagranYue:RandomDrawCardRelic","NeowsBlessing","PaintedHorse:ReiMu","Strawberry","HollowMod:PaleOreRelic","Tiny Chest","Gremlin Food","War Paint","construct:FoamFinger","keyreminder:keyreminder","Quantum Egg","Art of War","construct:RocketBooster"],"acts_visited":["Exordium","TheCity"],"potions_floor_usage":[8,16,18,19,19,20,22,24,27,30],"damage_taken":[{"damage":0,"enemies":"Jaw Worm","floor":1,"turns":1},{"damage":0,"enemies":"2 Louse","floor":4,"turns":1},{"damage":0,"enemies":"Lagavulin","floor":6,"turns":1},{"damage":0,"enemies":"Cultist","floor":7,"turns":4},{"damage":30,"enemies":"Gremlin Nob","floor":8,"turns":4},{"damage":9,"enemies":"3 Sentries","floor":10,"turns":9},{"damage":5,"enemies":"Red Slaver","floor":11,"turns":3},{"damage":11,"enemies":"Gremlin Gang","floor":13,"turns":3},{"damage":4,"enemies":"Blue Slaver","floor":14,"turns":5},{"damage":16,"enemies":"Fading Forest","floor":16,"turns":11},{"damage":2,"enemies":"Shell Parasite","floor":18,"turns":4},{"damage":12,"enemies":"Snecko","floor":19,"turns":2},{"damage":12,"enemies":"Snake Plant","floor":20,"turns":2},{"damage":16,"enemies":"Cultist and Chosen","floor":22,"turns":6},{"damage":43,"enemies":"HollowMod:Nosk","floor":23,"turns":7},{"damage":17,"enemies":"Centurion and Healer","floor":24,"turns":3},{"damage":49,"enemies":"Slavers","floor":27,"turns":3},{"damage":0,"enemies":"Gremlin Leader","floor":30,"turns":3}],"seed_played":"6543310477642979524","potions_obtained":[{"floor":4,"key":"Block Potion"},{"floor":7,"key":"DuplicationPotion"},{"floor":10,"key":"AttackPotion"},{"floor":11,"key":"BlessingOfTheForge"},{"floor":19,"key":"Strength Potion"},{"floor":20,"key":"BloodPotion"},{"floor":27,"key":"Swift Potion"}],"is_trial":false,"path_per_floor":["M","?","?","M","$","E","M","E","T","E","M","R","M","M","R","B",null,"M","M","M","$","M","E","M","R","T","E","?","$","E","?","R"],"character_chosen":"THE_GATHERER","items_purchased":["Gatherer:FeelingFine","Gatherer:EnergyBasket","War Paint"],"campfire_rested":0,"item_purchase_floors":[5,21,21],"current_hp_per_floor":[72,72,72,72,72,79,79,49,49,40,35,35,24,20,20,14,79,77,65,53,53,37,23,6,6,6,3,3,3,3,3,3,3,3],"gold":2,"neow_bonus":"THREE_ENEMY_KILL","is_daily":false,"chose_seed":false,"campfire_upgraded":3,"win_rate":0.0,"timestamp":1611550981,"path_taken":["M","?","?","?","?","E","M","E","T","E","M","R","M","?","R","BOSS","M","M","M","$","M","E","M","R","T","E","?","$","E","?","R"],"items_purchased_type":["Card","Card","Relic"],"build_version":"2020-12-22","purchased_purges":2,"victory":false,"max_hp_per_floor":[72,72,72,72,72,79,79,79,79,79,79,79,79,79,79,79,79,79,79,79,79,79,79,79,79,79,79,79,79,79,79,79,79,79],"card_choices":[{"not_picked":["Gatherer:RecoveryHerb","Gatherer:EchoOfNature"],"picked":"Gatherer:ScherryThrow","floor":1},{"not_picked":["Gatherer:AromaProtection","Gatherer:FragileHammer"],"picked":"Gatherer:EnergyBasket","floor":4},{"not_picked":["Gatherer:SealedBomb","Gatherer:DrugPower"],"picked":"Gatherer:MindSearch","floor":6},{"not_picked":["Gatherer:AcidicSpray","Gatherer:DrugPower"],"picked":"Gatherer:QuickSynthesis","floor":7},{"not_picked":["Gatherer:AromaProtection","Gatherer:Duplicator"],"picked":"Gatherer:AlchemyTrial","floor":8},{"not_picked":["Gatherer:Pollute","Gatherer:Convert","Gatherer:FlowerShield"],"picked":"SKIP","floor":10},{"not_picked":["Gatherer:PotentialSlash","Gatherer:Enchant","Gatherer:MiningStrike"],"picked":"SKIP","floor":11},{"not_picked":["Gatherer:GatherMaterial","Gatherer:Convert","Gatherer:PotentialSlash"],"picked":"SKIP","floor":13},{"not_picked":["Gatherer:ScentOfRosmari","Gatherer:ScherryThrow"],"picked":"Gatherer:TacticalStrike","floor":14},{"not_picked":["Gatherer:FinishingStrike","Gatherer:StoneFence"],"picked":"Gatherer:FlamingBottle","floor":16},{"not_picked":["Gatherer:Pollute","Gatherer:OddSpoils+1"],"picked":"Gatherer:Solidify","floor":18},{"not_picked":["Gatherer:TacticalStrike","Gatherer:AromaProtection","Gatherer:CollectorsShot+1"],"picked":"SKIP","floor":19},{"not_picked":["Gatherer:Duality","Gatherer:ScherryThrow","Gatherer:OddSpoils"],"picked":"SKIP","floor":20},{"not_picked":["Gatherer:PotentialSlash","Gatherer:WitheringStrike"],"picked":"Gatherer:RecipeChange+1","floor":22},{"not_picked":["Gatherer:PotentialSlash+1","Gatherer:CollectorsShot+1"],"picked":"Gatherer:PoisonMastery","floor":23},{"not_picked":["Gatherer:ScherryThrow","Gatherer:FeelingFine+1","Gatherer:VenomBarrier"],"picked":"SKIP","floor":24},{"not_picked":["Gatherer:TacticalStrike","Gatherer:Convert+1","Gatherer:Snatch"],"picked":"SKIP","floor":27},{"not_picked":["Gatherer:Frenzy+1","Gatherer:EnergyBasket","Gatherer:CollectorsShot+1"],"picked":"SKIP","floor":30}],"player_experience":340656,"relics_obtained":[{"floor":6,"key":"Strawberry"},{"floor":8,"key":"HollowMod:PaleOreRelic"},{"floor":9,"key":"Tiny Chest"},{"floor":10,"key":"Gremlin Food"},{"floor":23,"key":"construct:FoamFinger"},{"floor":27,"key":"Quantum Egg"},{"floor":30,"key":"Art of War"}],"event_choices":[{"damage_healed":0,"gold_gain":0,"player_choice":"»˚«Æ","damage_taken":0,"relics_obtained":["PaintedHorse:ReiMu"],"max_hp_gain":0,"max_hp_loss":0,"event_name":"yidonshenshe","floor":2,"gold_loss":40},{"damage_healed":0,"gold_gain":0,"player_choice":"1 cards matched","damage_taken":0,"max_hp_gain":0,"max_hp_loss":0,"event_name":"Match and Keep!","floor":3,"gold_loss":0,"cards_obtained":["Gatherer:ScrollOfPurity"]},{"damage_healed":0,"gold_gain":0,"player_choice":"Smashed Altar","damage_taken":0,"max_hp_gain":0,"max_hp_loss":0,"event_name":"Forgotten Altar","floor":28,"gold_loss":0,"cards_obtained":["Decay"]},{"damage_healed":0,"gold_gain":0,"player_choice":"Obtained Relic","damage_taken":0,"relics_obtained":["construct:RocketBooster"],"max_hp_gain":0,"max_hp_loss":0,"event_name":"Addict","floor":31,"gold_loss":85}],"is_beta":false,"boss_relics":[{"not_picked":["Replay:Grab Bag","Philosopher\u0027s Stone"],"picked":"Gatherer:MiracleBag"}],"items_purged_floors":[21,29],"is_endless":false,"potions_floor_spawned":[4,7,10,11,14,19,20,27],"ascension_level":2}}