{"host":"Krakhan","time":1611532911,"event":{"mods":["AchievementEnabler","BaseMod","Colored Map","Colored Powertips","Faster Ascension Climbing","Highlight Path","Minty Spire (QoL Compilation)","Rare Cards Sparkle","Relic Stats","StSLib"],"gold_per_floor":[114,74,94,112,112,138,138,148,148,180,180,210,210,221,221,221,221],"floor_reached":16,"language":"ENG","playtime":790,"items_purged":[],"score":240,"play_id":"0c92cdab-4eb4-45e4-86dd-3beea7f3dc50","local_time":"20210124190151","is_ascension_mode":true,"campfire_choices":[{"floor":7,"key":"REST"},{"floor":13,"key":"RECALL"},{"floor":15,"key":"REST"}],"circlet_count":0,"master_deck":["AscendersBane","Strike_R","Strike_R","Strike_R","Strike_R","Strike_R","Defend_R","Defend_R","Defend_R","Defend_R","Bash+1","Perfected Strike","Spot Weakness","Pommel Strike","Wild Strike","Fire Breathing","Flame Barrier","Shrug It Off"],"relics":["Fusion Hammer","Letter Opener","Question Card","Lantern","Kunai","Pen Nib"],"acts_visited":["Exordium"],"potions_floor_usage":[6,12],"damage_taken":[{"damage":1,"enemies":"Small Slimes","floor":1,"turns":4},{"damage":1,"enemies":"Cultist","floor":3,"turns":3},{"damage":7,"enemies":"Jaw Worm","floor":4,"turns":2},{"damage":8,"enemies":"Gremlin Nob","floor":6,"turns":3},{"damage":14,"enemies":"Gremlin Gang","floor":8,"turns":4},{"damage":10,"enemies":"3 Sentries","floor":10,"turns":5},{"damage":9,"enemies":"Lagavulin","floor":12,"turns":4},{"damage":0,"enemies":"2 Fungi Beasts","floor":14,"turns":3},{"damage":64,"enemies":"Hexaghost","floor":16,"turns":8}],"seed_played":"2310493004366660894","potions_obtained":[{"floor":2,"key":"AttackPotion"},{"floor":2,"key":"Weak Potion"},{"floor":8,"key":"Weak Potion"}],"is_trial":false,"path_per_floor":["M","?","M","M","?","E","R","M","T","E","?","E","R","M","R","B"],"character_chosen":"IRONCLAD","items_purchased":[],"campfire_rested":2,"item_purchase_floors":[],"current_hp_per_floor":[67,67,66,59,59,51,73,59,59,49,49,40,40,40,62,0,0],"gold":221,"neow_bonus":"BOSS_RELIC","is_daily":false,"chose_seed":false,"campfire_upgraded":0,"win_rate":0.0,"timestamp":1611532911,"path_taken":["M","?","M","?","?","E","R","M","T","E","?","E","R","?","R","BOSS"],"items_purchased_type":[],"build_version":"2020-12-18","purchased_purges":0,"victory":false,"max_hp_per_floor":[75,75,75,75,75,75,75,75,75,75,75,75,75,75,75,75,75],"relic_stats":{"counters":[9,36],"Pen Nib":[2],"Letter Opener":[15],"Kunai":[7],"Question Card":3,"obtain_stats":[{"Lantern":10,"Fusion Hammer":0,"Pen Nib":12,"Letter Opener":6,"Kunai":11,"Question Card":9,"Burning Blood":0},{"Lantern":6,"Fusion Hammer":0,"Pen Nib":7,"Letter Opener":4,"Kunai":6,"Question Card":5,"Burning Blood":0},{"Lantern":21,"Fusion Hammer":0,"Pen Nib":25,"Letter Opener":12,"Kunai":21,"Question Card":16,"Burning Blood":0}]},"card_choices":[{"not_picked":["Body Slam","True Grit"],"picked":"Perfected Strike","floor":1},{"not_picked":["Seeing Red","Second Wind"],"picked":"Spot Weakness","floor":3},{"not_picked":["Impervious","Flex"],"picked":"Pommel Strike","floor":4},{"not_picked":["Sever Soul","Rage"],"picked":"Wild Strike","floor":6},{"not_picked":["Power Through","Perfected Strike"],"picked":"Fire Breathing","floor":8},{"not_picked":["Armaments","Berserk","Spot Weakness"],"picked":"Flame Barrier","floor":10},{"not_picked":["Fiend Fire","Rupture","Anger"],"picked":"Shrug It Off","floor":12},{"not_picked":["Hemokinesis","Sentinel","Second Wind","Pommel Strike"],"picked":"SKIP","floor":14}],"player_experience":1363748,"relics_obtained":[{"floor":6,"key":"Letter Opener"},{"floor":9,"key":"Question Card"},{"floor":10,"key":"Lantern"},{"floor":12,"key":"Pen Nib"}],"event_choices":[{"damage_healed":0,"gold_gain":0,"player_choice":"Bought 3 Potions","damage_taken":0,"max_hp_gain":0,"max_hp_loss":0,"event_name":"The Woman in Blue","floor":2,"gold_loss":0},{"damage_healed":0,"gold_gain":0,"player_choice":"Grow","damage_taken":0,"max_hp_gain":0,"max_hp_loss":0,"event_name":"Living Wall","floor":5,"gold_loss":0,"cards_upgraded":["Bash"]},{"damage_healed":0,"gold_gain":0,"player_choice":"Gave Potion","damage_taken":0,"relics_obtained":["Kunai"],"max_hp_gain":0,"max_hp_loss":0,"event_name":"WeMeetAgain","floor":11,"gold_loss":0}],"is_beta":true,"boss_relics":[],"items_purged_floors":[],"is_endless":false,"potions_floor_spawned":[3,4,8,10],"killed_by":"Hexaghost","ascension_level":20}}