{"host":"dpbezu80jg8zk7un","time":1611577515,"event":{"mods":["BaseMod","Colored Map","Colored Powertips","Custom Start","DeckTracker","Minty Spire (QoL Compilation)","Quick Restart","StSLib","SuperFastMode"],"gold_per_floor":[109,34,34,55,55,86,86,130,130,150,150,174,174,174,174,273,273,293,193,108,108,121,121,121],"floor_reached":23,"language":"KOR","playtime":459,"items_purged":["Defend_P","Defend_P"],"score":444,"play_id":"be1b3dde-bcc4-4936-9472-0fbbbf292934","local_time":"20210125212515","is_ascension_mode":true,"campfire_choices":[{"data":"Eruption","floor":11.0,"key":"SMITH"},{"data":"Conclude","floor":13.0,"key":"SMITH"},{"data":"Worship","floor":15.0,"key":"SMITH"}],"circlet_count":0,"master_deck":["AscendersBane","Strike_P","Strike_P","Defend_P","Defend_P","Eruption+1","Vigilance","EmptyFist","Conclude+1","Worship+1","Ragnarok+1"],"relics":["PureWater","NeowsBlessing","Golden Idol","MealTicket","Boot","Molten Egg 2","SacredBark","CeramicFish","White Beast Statue"],"acts_visited":["Exordium","TheCity"],"potions_floor_usage":[23],"damage_taken":[{"damage":0.0,"enemies":"Jaw Worm","floor":1.0,"turns":1.0},{"damage":0.0,"enemies":"Small Slimes","floor":4.0,"turns":2.0},{"damage":0.0,"enemies":"3 Sentries","floor":6.0,"turns":1.0},{"damage":16.0,"enemies":"Gremlin Nob","floor":8.0,"turns":3.0},{"damage":0.0,"enemies":"2 Louse","floor":10.0,"turns":2.0},{"damage":6.0,"enemies":"Red Slaver","floor":12.0,"turns":2.0},{"damage":37.0,"enemies":"The Guardian","floor":16.0,"turns":15.0},{"damage":0.0,"enemies":"Chosen","floor":18.0,"turns":2.0},{"damage":19.0,"enemies":"Shell Parasite","floor":22.0,"turns":3.0},{"damage":58,"enemies":"Gremlin Leader","floor":23,"turns":4}],"seed_played":"549746700964554890","potions_obtained":[{"floor":6.0,"key":"LiquidBronze"},{"floor":10.0,"key":"Energy Potion"},{"floor":22.0,"key":"DistilledChaos"}],"is_trial":false,"path_per_floor":["M","$","?","M","?","E","?","E","T","M","R","M","R","?","R","B",null,"M","$","?","?","M","E"],"character_chosen":"WATCHER","items_purchased":[],"campfire_rested":0,"item_purchase_floors":[],"current_hp_per_floor":[61,61,61,61,66,66,66,50,50,50,50,44,44,44,44,7,52,52,67,67,67,48,0,0],"gold":121,"neow_bonus":"THREE_ENEMY_KILL","is_daily":false,"chose_seed":false,"campfire_upgraded":3,"win_rate":0.0,"timestamp":1611577515,"path_taken":["M","$","?","M","?","E","?","E","T","M","R","?","R","?","R","BOSS","M","$","?","?","M","E"],"items_purchased_type":[],"build_version":"2020-12-22","purchased_purges":2,"victory":false,"max_hp_per_floor":[68,68,62,62,67,67,67,67,67,67,67,67,67,67,67,67,67,67,67,67,67,67,67,67],"card_choices":[{"not_picked":["ClearTheMind","Crescendo"],"picked":"EmptyFist","floor":1.0},{"not_picked":["Crescendo","PathToVictory","FollowUp"],"picked":"SKIP","floor":4.0},{"not_picked":["SignatureMove","BowlingBash","JustLucky"],"picked":"SKIP","floor":6.0},{"not_picked":["Pray","Vengeance","Wireheading"],"picked":"SKIP","floor":8.0},{"not_picked":["JustLucky+1","PathToVictory","BattleHymn"],"picked":"SKIP","floor":10.0},{"not_picked":["EmptyMind","LikeWater","Protect"],"picked":"SKIP","floor":12.0},{"not_picked":["Establishment","Blasphemy"],"picked":"Ragnarok+1","floor":16.0},{"not_picked":["FlyingSleeves+1","EmptyBody","Protect"],"picked":"SKIP","floor":18.0},{"not_picked":["EmptyBody+1","EmptyFist+1","LikeWater"],"picked":"SKIP","floor":22.0}],"player_experience":2924896,"relics_obtained":[{"floor":6.0,"key":"MealTicket"},{"floor":8.0,"key":"Boot"},{"floor":9.0,"key":"Molten Egg 2"}],"event_choices":[{"damage_healed":0.0,"max_hp_gain":0.0,"max_hp_loss":6.0,"gold_gain":0.0,"event_name":"Golden Idol","player_choice":"Lose Max HP","floor":3.0,"gold_loss":0.0,"damage_taken":0.0,"relics_obtained":["Golden Idol"]},{"damage_healed":0.0,"max_hp_gain":5.0,"max_hp_loss":0.0,"gold_gain":0.0,"event_name":"Big Fish","player_choice":"Donut","floor":5.0,"gold_loss":0.0,"damage_taken":0.0},{"damage_healed":0.0,"max_hp_gain":0.0,"max_hp_loss":0.0,"gold_gain":0.0,"cards_transformed":["Strike_P"],"event_name":"Transmorgrifier","player_choice":"Transformed","floor":7.0,"gold_loss":0.0,"damage_taken":0.0,"cards_obtained":["Conclude"]},{"damage_healed":0.0,"max_hp_gain":0.0,"max_hp_loss":0.0,"gold_gain":0.0,"cards_transformed":["Strike_P"],"event_name":"Transmorgrifier","player_choice":"Transformed","floor":14.0,"gold_loss":0.0,"damage_taken":0.0,"cards_obtained":["Worship"]},{"damage_healed":0.0,"max_hp_gain":0.0,"max_hp_loss":0.0,"gold_gain":0.0,"event_name":"Addict","player_choice":"Obtained Relic","floor":20.0,"gold_loss":85.0,"damage_taken":0.0,"relics_obtained":["CeramicFish"]},{"damage_healed":0.0,"max_hp_gain":0.0,"max_hp_loss":0.0,"gold_gain":0.0,"event_name":"WeMeetAgain","player_choice":"Gave Potion","floor":21.0,"gold_loss":0.0,"damage_taken":0.0,"relics_obtained":["White Beast Statue"]}],"is_beta":false,"boss_relics":[{"not_picked":["SlaversCollar","Calling Bell"],"picked":"SacredBark"}],"items_purged_floors":[2,19],"is_endless":false,"potions_floor_spawned":[6,10,12,16,22],"killed_by":"Gremlin Leader","ascension_level":20}}