{"host":"3498uni0c31c9bdm","time":1611557189,"event":{"mods":["BaseMod","Better Third Choice","Minty Spire (QoL Compilation)","Replay The Spire","StSLib"],"gold_per_floor":[114,131,131,142,22,22,52,71,71,71,109,109,132,152,152,276,276,300,325,285,299,60,60,85,109,185,210,210,210],"floor_reached":28,"language":"ENG","playtime":1138,"items_purged":[],"score":350,"play_id":"196dedc8-1aae-49ea-bc16-ef6ce4d2b99a","local_time":"20210125174629","is_ascension_mode":true,"campfire_choices":[{"floor":6,"key":"RECALL"},{"floor":15,"key":"REST"},{"floor":23,"key":"REST"}],"circlet_count":0,"master_deck":["Strike_P","Strike_P","Strike_P","Strike_P","Defend_P","Defend_P","Defend_P","Defend_P","Eruption","Vigilance","EmptyBody","Swivel","Replay:LoomingThreat","Panache","Swift Strike","ReplayUltimateDefense","BowlingBash","TalkToTheHand+1","Injury","Alpha","Replay:ManipulateFuture","Consecrate","Judgement+1","AbeCurse","ForeignInfluence+1","Wallop+1","Replay:Anticipation","Collect","EmptyFist","CutThroughFate"],"relics":["PureWater","NeowsBlessing","ReplayTheSpireMod:ShopPack","Yang","Unceasing Top","Golden Idol","Pondfish Scales","Abe\u0027s Treasure","Pantograph"],"acts_visited":["Exordium","TheCity"],"potions_floor_usage":[7,11,16,25,25],"damage_taken":[{"damage":0,"enemies":"Small Slimes","floor":1,"turns":1},{"damage":0,"enemies":"Cultist","floor":2,"turns":1},{"damage":0,"enemies":"2 Louse","floor":4,"turns":2},{"damage":0,"enemies":"Lagavulin","floor":7,"turns":10},{"damage":7,"enemies":"Exordium Wildlife","floor":8,"turns":5},{"damage":16,"enemies":"3 Sentries","floor":11,"turns":9},{"damage":2,"enemies":"Red Slaver","floor":13,"turns":4},{"damage":13,"enemies":"Exordium Thugs","floor":14,"turns":4},{"damage":29,"enemies":"Hexaghost","floor":16,"turns":8},{"damage":3,"enemies":"Spheric Guardian","floor":18,"turns":3},{"damage":11,"enemies":"2 Thieves","floor":19,"turns":4},{"damage":6,"enemies":"Snecko","floor":21,"turns":8},{"damage":0,"enemies":"Sentry and Sphere","floor":24,"turns":3},{"damage":23,"enemies":"Snake Plant","floor":25,"turns":5},{"damage":19,"enemies":"Snecko","floor":27,"turns":7},{"damage":20,"enemies":"Sentry and Sphere","floor":28,"turns":3}],"seed_played":"2645294328868264329","potions_obtained":[{"floor":3,"key":"LifebloodPotion"},{"floor":3,"key":"Death Potion"},{"floor":3,"key":"Fire Potion"},{"floor":4,"key":"DuplicationPotion"},{"floor":8,"key":"GamblersBrew"},{"floor":11,"key":"Dexterity Potion"},{"floor":13,"key":"Adrenaline Potion"},{"floor":16,"key":"BottledMiracle"},{"floor":25,"key":"Energy Potion"}],"is_trial":false,"path_per_floor":["M","M","?","M","$","R","E","M","T","?","E","$","M","M","R","B",null,"M","M","?","M","$","R","M","M","T","M","M"],"character_chosen":"WATCHER","items_purchased":["ReplayTheSpireMod:ShopPack","Pantograph"],"campfire_rested":2,"item_purchase_floors":[5,22],"current_hp_per_floor":[65,65,65,65,65,65,65,58,58,58,42,42,40,27,48,19,59,56,45,45,39,39,60,60,37,37,18,0,0],"gold":210,"neow_bonus":"THREE_ENEMY_KILL","is_daily":false,"chose_seed":false,"campfire_upgraded":0,"win_rate":0.0,"timestamp":1611557189,"path_taken":["M","M","?","?","?","R","E","M","T","?","E","?","M","?","R","BOSS","M","M","?","?","$","R","M","M","T","M","M"],"items_purchased_type":["Relic","Relic"],"build_version":"2020-12-22","purchased_purges":0,"victory":false,"max_hp_per_floor":[72,72,72,72,72,72,72,72,72,72,72,72,72,72,72,72,72,72,72,72,72,72,72,72,72,72,72,72,72],"card_choices":[{"not_picked":["Evaluate","Replay:Anticipation"],"picked":"EmptyBody","floor":1},{"not_picked":["Vengeance","Protect"],"picked":"Swivel","floor":2},{"not_picked":["ClearTheMind","CutThroughFate"],"picked":"Replay:LoomingThreat","floor":4},{"not_picked":["Magnetism","Crow Ritual"],"picked":"Panache","floor":5},{"not_picked":["Survey Options","Magnetism"],"picked":"Swift Strike","floor":5},{"not_picked":["Finesse","Specialist"],"picked":"ReplayUltimateDefense","floor":5},{"not_picked":["MentalFortress","WreathOfFlame"],"picked":"BowlingBash","floor":7},{"not_picked":["Crescendo","Replay:Battleflow"],"picked":"TalkToTheHand","floor":8},{"not_picked":["InnerPeace","CrushJoints"],"picked":"Alpha","floor":11},{"not_picked":["Evaluate","CarveReality"],"picked":"Replay:ManipulateFuture","floor":13},{"not_picked":["EmptyBody","Fasting2"],"picked":"Consecrate","floor":14},{"not_picked":["Establishment","Replay:LoomingThreat"],"picked":"Judgement","floor":16},{"not_picked":["PathToVictory","ClearTheMind"],"picked":"ForeignInfluence+1","floor":18},{"not_picked":["WheelKick","Replay:Cycle"],"picked":"Wallop+1","floor":19},{"not_picked":["EmptyBody","Sanctity"],"picked":"Replay:Anticipation","floor":21},{"not_picked":["Crescendo","Nirvana"],"picked":"Collect","floor":24},{"not_picked":["Perseverance","Replay:Cycle"],"picked":"EmptyFist","floor":25},{"not_picked":["ThirdEye+1","Replay:Battleflow"],"picked":"CutThroughFate","floor":27}],"player_experience":735172,"relics_obtained":[{"floor":7,"key":"Yang"},{"floor":9,"key":"Unceasing Top"},{"floor":11,"key":"Pondfish Scales"}],"event_choices":[{"damage_healed":0,"gold_gain":0,"player_choice":"Got Potions","damage_taken":0,"max_hp_gain":0,"max_hp_loss":0,"event_name":"Lab","floor":3,"gold_loss":0},{"damage_healed":0,"gold_gain":0,"player_choice":"Take Wound","damage_taken":0,"relics_obtained":["Golden Idol"],"max_hp_gain":0,"max_hp_loss":0,"event_name":"Golden Idol","floor":10,"gold_loss":0,"cards_obtained":["Injury"]},{"damage_healed":0,"gold_gain":0,"player_choice":"Upgraded Two","damage_taken":0,"max_hp_gain":0,"max_hp_loss":0,"event_name":"Designer","floor":20,"gold_loss":40,"cards_upgraded":["Judgement","TalkToTheHand"]}],"is_beta":false,"boss_relics":[{"not_picked":["Pandora\u0027s Box","Runic Pyramid"],"picked":"Abe\u0027s Treasure"}],"items_purged_floors":[],"is_endless":false,"potions_floor_spawned":[4,8,11,13,14,16,24,25],"killed_by":"Sentry and Sphere","ascension_level":7}}