{"host":"avq773cl9g5msfol","time":1611562594,"event":{"mods":["100% Spire Juice","AchievementEnabler","Act Like it!","Ascension Unlocker","Aspiration","Astrologer","Bard","Bartender","BaseMod","Better Altar","Better Third Choice","BetterRewards","CapriCore","ChefMod","Colored Map","Colored Powertips","Conspire","Dio Mod","Downfall","Elementarium","Energized Spire","Gensokyo","GifTheSpireLib","GungeonMod","Hallownest","Hermit","Highlight Path","Hubris","Humility","Infinite Spire","Jorbs\u0027s Wanderer Trilogy","Koishi","Magitek Elite","Marisa????????","Marked Mod","Menagerie","Minty Spire (QoL Compilation)","Optimize The Spire","Pale of the Ancients","Potionbrewer","Quarter Circle Forward PUNCH!","Rare Cards Sparkle","Reimu??????","Relic Stats","Reliquary","Remilia??????","Replay The Spire","SacredBarkPlus","Shade Mod","Somnambulant","Spicy Shops","Spire Arcade","StSLib","The Administrix","The Blue Laboratory","The Bug Knight","The Construct","The Cursed","The Disciple","The Dragon Tamer","The Exalted","The Hayseed","The Hierophant","The Immortal","The Marked","The Mystic","The Problem Sleuth","The Runesmith","The Senshi","The Vixen","The Wild Card","TheFirefly","Wandering Minibosses","vexMod"],"gold_per_floor":[29672,110,110,130,144,175,225,238,238,238,272,289,305,325,343,422,422,422,433,972,985,985,985,1064,864,880,897,928,944,964,991,1007,1081,1081,1081,1097,764,774,774,774,774,803,818,818,850,850,850,850,864,864],"floor_reached":51,"language":"ENG","playtime":4084,"items_purged":["Guardian:PrimingBeam+1","Guardian:PrimingBeam+1"],"score":2770,"play_id":"4fa3d4fd-14ed-4395-a11e-f3f7472f3c20","local_time":"20210125151634","is_ascension_mode":true,"campfire_choices":[{"data":"Guardian:TwinSlam","floor":10,"key":"SMITH"},{"floor":18,"key":"RECALL"},{"data":"Guardian:CrystalBeam","floor":25,"key":"SMITH"},{"data":"Guardian:CurlUp","floor":35,"key":"SMITH"},{"data":"Guardian:BodySlam","floor":44,"key":"SMITH"},{"data":"Guardian:VentSteam","floor":47,"key":"SMITH"}],"circlet_count":0,"master_deck":["AscendersBane","Guardian:CurlUp+1","Guardian:TwinSlam+1","Guardian:GatlingBeam+1","Guardian:ShieldSpikes+1","Guardian:TimeSifter+1","Guardian:TemporalStrike+1","Guardian:SpikerProtocol+1","Guardian:TimeBomb+1","Guardian:Planning+1","Guardian:Preprogram+1","Guardian:ExploitGems+1","Guardian:BronzeArmor+1","Guardian:Recover+1","Guardian:BaubleBeam+1","Guardian:PrimingBeam+1","Guardian:CompilePackage+1","Guardian:TemporalShield+1","Guardian:BronzeOrb+1","Guardian:PrismaticBeam+1","Guardian:PiercingHide+1","Guardian:Clone+1","Sadistic Nature+1","Guardian:PrismaticBarrier+1","Guardian:ConstructionForm+1","Guardian:SphericShield+1","Guardian:BaubleBeam+1","Guardian:CrystalBeam+1","Guardian:GemFinder+1","Guardian:Gem_Red","Guardian:Gem_Cyan","Guardian:Gem_Lightblue","Guardian:Gem_Synthetic","Guardian:VentSteam+1","Guardian:BodySlam+1","Guardian:Gem_Cyan","Guardian:AncientConstruct+1","Guardian:BaubleBeam+1","Guardian:Gem_Purple","Guardian:BaubleBeam+1","Guardian:Gem_White","Guardian:Gem_Red","Guardian:Gem_Lightblue","Guardian:Gem_Purple"],"relics":["Guardian:ModeShifter","Golden Egg","vexMod:HeadHunter","DemoMod:SevenLeafClover","qcfpunch:Handcuffs","Slimebound:PreparedRelic","ClockworkSouvenir","reliquary:IridiumChain","Quantum Egg","reliquary:Stiletto","reliquary:BallBearing","ReplayFunnel","Ice Cream","Strange Spoon","Torii","Anchor","Bronze Scales","DemoMod:GlassGuonStoneRelic","Hallownest:DreamNailRelic","reliquary:TuningFork","Dead Branch","DemoMod:RiddleOfLead","wanderingMiniBosses:LockLocket","hubris:Towel","Gensokyo:ConquerorOfFear","TheSimpletonMod:GardenGlove","Bromod:ArcaneAegis","downfall:HeartBlessingGreen","downfall:HeartBlessingRed","Strawberry","Runesmith:AutoHammer","hubris:Backtick","hubris:CrystalStatue","Bromod:ArcaneTrickery","vexMod:RetaliationKit","reliquary:Aerogel","Replay:Towering Pillar of Hats","Blood Vial","Orichalcum","WingedGreaves"],"acts_visited":["Hallownest:Greenpath","Gensokyo:Gensokyoer","TheBeyond"],"potions_floor_usage":[42,42,42],"damage_taken":[{"damage":0,"enemies":"Hallownest:monsterHuskGuard","floor":2,"turns":1},{"damage":4,"enemies":"Hallownest:2_Tiktiks_and_1_Crawlid","floor":4,"turns":3},{"damage":0,"enemies":"2_ Uuma","floor":5,"turns":3},{"damage":0,"enemies":"Hallownest:eliteCrystalGuardian","floor":6,"turns":1},{"damage":0,"enemies":"Hallownest:2_Tiktiks_1_Baldur_1_Crawlid","floor":8,"turns":1},{"damage":0,"enemies":"Hallownest:eliteVengeflyKing","floor":11,"turns":2},{"damage":0,"enemies":"Hallownest:monsterFoolEater","floor":12,"turns":1},{"damage":0,"enemies":"Hallownest:Guard_and_Warrior","floor":13,"turns":4},{"damage":0,"enemies":"Hallownest:1_Baldur_1_Crawlid_1_Warrior","floor":14,"turns":2},{"damage":0,"enemies":"Hallownest:1_Ooma_and_2_Uuma","floor":15,"turns":4},{"damage":0,"enemies":"SI_SHIV_ARCHETYPE","floor":16,"turns":3},{"damage":0,"enemies":"Gensokyo:AngelMirror","floor":19,"turns":2},{"damage":0,"enemies":"Gensokyo:3_Dogs","floor":20,"turns":3},{"damage":0,"enemies":"Gensokyo:Wraith","floor":21,"turns":6},{"damage":0,"enemies":"Gensokyo:Swordslinger","floor":26,"turns":3},{"damage":0,"enemies":"Gensokyo:3_Gloops","floor":27,"turns":2},{"damage":0,"enemies":"Gensokyo:Koishi","floor":28,"turns":3},{"damage":0,"enemies":"Gensokyo:Monolith_and_Dog","floor":29,"turns":2},{"damage":0,"enemies":"Gensokyo:Slime_Group","floor":30,"turns":1},{"damage":0,"enemies":"Gensokyo:Tenshi","floor":31,"turns":2},{"damage":0,"enemies":"Gensokyo:Wraith","floor":32,"turns":4},{"damage":0,"enemies":"DF_ARCHETYPE_CLAW","floor":33,"turns":1},{"damage":0,"enemies":"3 Darklings","floor":36,"turns":1},{"damage":2,"enemies":"3 Shapes","floor":38,"turns":4},{"damage":0,"enemies":"R_Hoarder","floor":42,"turns":1},{"damage":0,"enemies":"Jaw Worm Horde","floor":43,"turns":3},{"damage":0,"enemies":"Nemesis","floor":45,"turns":2},{"damage":0,"enemies":"Spire Growth","floor":49,"turns":3},{"damage":0,"enemies":"IC_BLOCK_ARCHETYPE","floor":50,"turns":5}],"seed_played":"-5198912667603162375","potions_obtained":[{"floor":45,"key":"Adrenaline Potion"}],"is_trial":false,"path_per_floor":["R_BF","M","?","M","M","E","T","M","?","R","E","M","M","M","M","B",null,"R_BF","M","M","M","?","?","T","R","M","M","E","M","M","E","M","B",null,"R","M","?","M","T","?","T","E","M","R","E","?","R","?","M","B",null],"character_chosen":"GUARDIAN","items_purchased":["qcfpunch:Handcuffs","Guardian:PrimingBeam","Guardian:ExploitGems","Slimebound:PreparedRelic","Guardian:BronzeArmor","ClockworkSouvenir","Guardian:Recover","reliquary:IridiumChain","reliquary:Stiletto","Guardian:BaubleBeam","Guardian:Gem_Cyan","reliquary:BallBearing","ReplayFunnel","Ice Cream","Guardian:PrimingBeam","Strange Spoon","Guardian:CompilePackage","Guardian:TemporalShield","Guardian:Gem_Red","Torii","Guardian:Gem_White","Guardian:BronzeOrb","Guardian:PrismaticBeam","Guardian:Gem_Red","Guardian:Gem_Green","Guardian:PiercingHide","Guardian:Clone","Guardian:Gem_Fragmented","Guardian:Gem_Purple","Sadistic Nature","Guardian:Gem_Red","Guardian:Gem_Cyan","Anchor","Guardian:Gem_Red","Bronze Scales","Guardian:PrismaticBarrier","Guardian:Gem_Lightblue","Guardian:Gem_Cyan","Guardian:Gem_Green","blueLaboratory:FrostheartPotion","Swift Potion","Guardian:Gem_Cyan","Guardian:Gem_Lightblue","Guardian:Gem_Cyan","Guardian:ConstructionForm","Guardian:Gem_Purple"],"campfire_rested":0,"item_purchase_floors":[0,0,0,0,0,0,0,0,0,0,0,0,0,0,0,0,0,0,0,0,0,0,0,0,0,0,0,0,0,0,0,0,0,0,0,0,0,0,0,0,0,0,0,0,0,0],"current_hp_per_floor":[72,72,72,68,68,68,68,68,72,72,72,72,72,72,72,72,82,82,82,82,82,82,82,82,82,82,82,89,89,89,89,89,89,89,89,89,105,103,103,103,103,103,105,105,105,105,105,108,108,108],"gold":864,"neow_bonus":"","is_daily":false,"chose_seed":false,"campfire_upgraded":5,"win_rate":0.0,"timestamp":1611562594,"path_taken":["R_BF","M","?","M","?","E","T","M","?","R","E","?","M","M","M","BOSS","R_BF","M","M","M","?","?","T","R","M","?","E","M","M","E","M","BOSS","R","M","?","M","?","?","T","E","?","R","E","?","R","?","M","BOSS"],"items_purchased_type":["Relic","Card","Card","Relic","Card","Relic","Card","Relic","Relic","Card","Card","Relic","Relic","Relic","Card","Relic","Card","Card","Card","Relic","Card","Card","Card","Card","Card","Card","Card","Card","Card","Card","Card","Card","Relic","Card","Relic","Card","Card","Card","Card","Potion","Potion","Card","Card","Card","Card","Card"],"build_version":"2020-12-22","purchased_purges":2,"victory":true,"max_hp_per_floor":[72,72,72,72,72,72,72,72,72,72,72,72,72,72,72,72,82,82,82,82,82,82,82,82,82,82,82,89,89,89,89,89,89,89,89,89,105,105,105,105,105,105,105,105,105,105,105,108,108,108],"relic_stats":{"Blood Vial":2,"Strange Spoon":[92],"Torii":0,"counters":[61,218],"Bronze Scales":[94],"Dead Branch":[141],"Orichalcum":[0],"obtain_stats":[{"Golden Egg":0,"Runesmith:Locket":32,"Gensokyo:UndefinedDarkness":23,"downfall:HeartBlessingGreen":35,"Ginger":12,"qcfpunch:Red_Beret":44,"vexMod:TanglingVine":46,"Bromod:ArcaneAegis":24,"DemoMod:SuperHotWatch":37,"Guardian:PickAxe":56,"Blood Vial":42,"hubris:HerbalPaste":43,"HandDrill":20,"qcfpunch:Red_Cyclone_Teachings":52,"Guardian:DefensiveModeMoreBlock":43,"construct:RocketBooster":23,"Counterbalance":6,"Eternal Feather":31,"Akabeko":24,"potionbrewer:Torch":27,"SlaversCollar":15,"qcfpunch:School_Backpack":36,"infinitespire:Broken Mirror":44,"Bird Faced Urn":8,"Pandora\u0027s Box":0,"hubris:TenFootPole":10,"Bromod:ArcaneFury":20,"qcfpunch:Spiky_Bracers":53,"Regal Pillow":55,"Singing Bowl":49,"Torii":0,"reliquary:Aerogel":41,"Guardian:StasisCodex":19,"Smiling Mask":37,"Replay:Rubber Ducky":31,"Shovel":14,"hubris:Backtick":34,"AntiCross":31,"WingedGreaves":18,"wanderingMiniBosses:LockLocket":20,"downfall:HeartBlessingRed":35,"Thread and Needle":55,"PreservedInsect":39,"The Courier":40,"Omamori":47,"hubris:Towel":3,"Frozen Egg 2":11,"Bromod:ArcaneBarrier":8,"Runesmith:AutoHammer":14,"infinitespire:Midas Blood":22,"Ice Cream":0,"Calipers":32,"hubris:CrystalStatue":34,"Vajra":37,"DemoMod:GlassGuonStoneRelic":4,"HollowMod:StagPassRelic":36,"DemoMod:RiddleOfLead":17,"HornCleat":43,"Strawberry":28,"qcfpunch:Handcuffs":0,"Toxic Egg 2":0,"vexMod:RetaliationKit":39,"Guardian:BottledStasis":37,"hubris:Teleporter":14,"wanderingMiniBosses:ThiefScarf":5,"vexMod:ScavengeHelm":18,"Choco_Feather":8,"Dead Branch":7,"Guardian:ModeShifter":0,"Oddly Smooth Stone":37,"vexMod:PaidLearning":25,"OrangePellets":23,"Bronze Scales":38,"Molten Egg 2":0,"hubris:PeanutButter":41,"Onion Ring":47,"Slimebound:PreparedRelic":0,"reliquary:BallBearing":0,"hubris:ToyBattleship":16,"Black Star":25,"Darkstone Periapt":22,"Bromod:ArcaneAvenger":43,"ReplayFunnel":0,"theSenshi:SuperSailorFukuRelic":40,"qcfpunch:Not_Strongest_Fighting_Style_Guidebook":47,"Hallownest:DreamNailRelic":3,"DemoMod:WhiteGuonStone":44,"Replay:Mystery Machine":56,"vexMod:Spyglass":15,"Empty Cage":29,"ClockworkSouvenir":0,"DemoMod:SevenLeafClover":0,"Frozen Eye":28,"Dream Catcher":27,"Mummified Hand":10,"downfall:HeartBlessingBlue":35,"Bromod:ArcaneTrickery":39,"qcfpunch:Wrestler\u0027s_Cloak":12,"Bromod:ArcaneGuardian":28,"DemoMod:JetPack":49,"TheSimpletonMod:GardenGlove":24,"energizedSpire:RedRose":17,"qcfpunch:Army_Boots":38,"Bromod:ArcaneGrace":31,"Replay:Towering Pillar of Hats":41,"DemoMod:MemoryAlloy":33,"Quantum Egg":4,"vexMod:ConsolationPrize":6,"infinitespire:FocusingShard":12,"Gensokyo:ConquerorOfFear":26,"Orichalcum":45,"reliquary:IridiumChain":0,"Strange Spoon":16,"Anchor":0,"vexMod:BarristanHead":50,"vexMod:HeadHunter":0,"infinitespire:Satchel":37,"reliquary:Stiletto":0,"qcfpunch:Red_Headband":23,"Bag of Marbles":28,"reliquary:TuningFork":6,"Membership Card":19,"Gem_Box":34,"TungstenRod":33,"DemoMod:VorpalBullet":44},{"Golden Egg":32,"Runesmith:Locket":17,"Gensokyo:UndefinedDarkness":46,"downfall:HeartBlessingGreen":19,"Ginger":6,"qcfpunch:Red_Beret":26,"vexMod:TanglingVine":26,"Bromod:ArcaneAegis":46,"DemoMod:SuperHotWatch":20,"Guardian:PickAxe":31,"Blood Vial":57,"hubris:HerbalPaste":24,"HandDrill":11,"qcfpunch:Red_Cyclone_Teachings":30,"Guardian:DefensiveModeMoreBlock":25,"construct:RocketBooster":13,"Counterbalance":3,"Eternal Feather":16,"Akabeko":14,"potionbrewer:Torch":14,"SlaversCollar":8,"qcfpunch:School_Backpack":19,"infinitespire:Broken Mirror":25,"Bird Faced Urn":5,"Pandora\u0027s Box":0,"hubris:TenFootPole":5,"Bromod:ArcaneFury":11,"qcfpunch:Spiky_Bracers":30,"Regal Pillow":30,"Singing Bowl":27,"Torii":32,"reliquary:Aerogel":56,"Guardian:StasisCodex":10,"Smiling Mask":20,"Replay:Rubber Ducky":17,"Shovel":7,"hubris:Backtick":54,"AntiCross":17,"WingedGreaves":10,"wanderingMiniBosses:LockLocket":45,"downfall:HeartBlessingRed":19,"Thread and Needle":30,"PreservedInsect":22,"The Courier":23,"Omamori":26,"hubris:Towel":1,"Frozen Egg 2":6,"Bromod:ArcaneBarrier":4,"Runesmith:AutoHammer":8,"infinitespire:Midas Blood":12,"Ice Cream":32,"Calipers":17,"hubris:CrystalStatue":54,"Vajra":21,"DemoMod:GlassGuonStoneRelic":2,"HollowMod:StagPassRelic":19,"DemoMod:RiddleOfLead":43,"HornCleat":24,"Strawberry":49,"qcfpunch:Handcuffs":32,"Toxic Egg 2":0,"vexMod:RetaliationKit":56,"Guardian:BottledStasis":21,"hubris:Teleporter":7,"wanderingMiniBosses:ThiefScarf":3,"vexMod:ScavengeHelm":10,"Choco_Feather":4,"Dead Branch":36,"Guardian:ModeShifter":0,"Oddly Smooth Stone":21,"vexMod:PaidLearning":14,"OrangePellets":13,"Bronze Scales":21,"Molten Egg 2":0,"hubris:PeanutButter":24,"Onion Ring":27,"Slimebound:PreparedRelic":32,"reliquary:BallBearing":32,"hubris:ToyBattleship":9,"Black Star":14,"Darkstone Periapt":12,"Bromod:ArcaneAvenger":25,"ReplayFunnel":32,"theSenshi:SuperSailorFukuRelic":23,"qcfpunch:Not_Strongest_Fighting_Style_Guidebook":27,"Hallownest:DreamNailRelic":33,"DemoMod:WhiteGuonStone":26,"Replay:Mystery Machine":31,"vexMod:Spyglass":8,"Empty Cage":16,"ClockworkSouvenir":32,"DemoMod:SevenLeafClover":32,"Frozen Eye":48,"Dream Catcher":14,"Mummified Hand":5,"downfall:HeartBlessingBlue":19,"Bromod:ArcaneTrickery":56,"qcfpunch:Wrestler\u0027s_Cloak":6,"Bromod:ArcaneGuardian":15,"DemoMod:JetPack":27,"TheSimpletonMod:GardenGlove":46,"energizedSpire:RedRose":10,"qcfpunch:Army_Boots":21,"Bromod:ArcaneGrace":16,"Replay:Towering Pillar of Hats":56,"DemoMod:MemoryAlloy":18,"Quantum Egg":2,"vexMod:ConsolationPrize":3,"infinitespire:FocusingShard":7,"Gensokyo:ConquerorOfFear":47,"Orichalcum":59,"reliquary:IridiumChain":32,"Strange Spoon":9,"Anchor":32,"vexMod:BarristanHead":28,"vexMod:HeadHunter":32,"infinitespire:Satchel":21,"reliquary:Stiletto":32,"qcfpunch:Red_Headband":14,"Bag of Marbles":15,"reliquary:TuningFork":36,"Membership Card":10,"Gem_Box":19,"TungstenRod":18,"DemoMod:VorpalBullet":25},{"Golden Egg":149,"Runesmith:Locket":89,"Gensokyo:UndefinedDarkness":183,"downfall:HeartBlessingGreen":99,"Ginger":28,"qcfpunch:Red_Beret":121,"vexMod:TanglingVine":121,"Bromod:ArcaneAegis":183,"DemoMod:SuperHotWatch":101,"Guardian:PickAxe":140,"Blood Vial":206,"hubris:HerbalPaste":113,"HandDrill":50,"qcfpunch:Red_Cyclone_Teachings":134,"Guardian:DefensiveModeMoreBlock":117,"construct:RocketBooster":63,"Counterbalance":10,"Eternal Feather":82,"Akabeko":73,"potionbrewer:Torch":73,"SlaversCollar":41,"qcfpunch:School_Backpack":99,"infinitespire:Broken Mirror":117,"Bird Faced Urn":25,"Pandora\u0027s Box":0,"hubris:TenFootPole":25,"Bromod:ArcaneFury":50,"qcfpunch:Spiky_Bracers":134,"Regal Pillow":134,"Singing Bowl":123,"Torii":149,"reliquary:Aerogel":205,"Guardian:StasisCodex":47,"Smiling Mask":101,"Replay:Rubber Ducky":89,"Shovel":35,"hubris:Backtick":200,"AntiCross":89,"WingedGreaves":47,"wanderingMiniBosses:LockLocket":178,"downfall:HeartBlessingRed":99,"Thread and Needle":134,"PreservedInsect":108,"The Courier":110,"Omamori":121,"hubris:Towel":3,"Frozen Egg 2":28,"Bromod:ArcaneBarrier":13,"Runesmith:AutoHammer":41,"infinitespire:Midas Blood":56,"Ice Cream":149,"Calipers":89,"hubris:CrystalStatue":200,"Vajra":105,"DemoMod:GlassGuonStoneRelic":6,"HollowMod:StagPassRelic":99,"DemoMod:RiddleOfLead":173,"HornCleat":113,"Strawberry":191,"qcfpunch:Handcuffs":149,"Toxic Egg 2":0,"vexMod:RetaliationKit":205,"Guardian:BottledStasis":105,"hubris:Teleporter":35,"wanderingMiniBosses:ThiefScarf":10,"vexMod:ScavengeHelm":47,"Choco_Feather":13,"Dead Branch":156,"Guardian:ModeShifter":0,"Oddly Smooth Stone":105,"vexMod:PaidLearning":73,"OrangePellets":63,"Bronze Scales":105,"Molten Egg 2":0,"hubris:PeanutButter":113,"Onion Ring":123,"Slimebound:PreparedRelic":149,"reliquary:BallBearing":149,"hubris:ToyBattleship":44,"Black Star":73,"Darkstone Periapt":56,"Bromod:ArcaneAvenger":117,"ReplayFunnel":149,"theSenshi:SuperSailorFukuRelic":110,"qcfpunch:Not_Strongest_Fighting_Style_Guidebook":123,"Hallownest:DreamNailRelic":150,"DemoMod:WhiteGuonStone":121,"Replay:Mystery Machine":140,"vexMod:Spyglass":41,"Empty Cage":82,"ClockworkSouvenir":149,"DemoMod:SevenLeafClover":149,"Frozen Eye":188,"Dream Catcher":73,"Mummified Hand":25,"downfall:HeartBlessingBlue":99,"Bromod:ArcaneTrickery":205,"qcfpunch:Wrestler\u0027s_Cloak":28,"Bromod:ArcaneGuardian":78,"DemoMod:JetPack":123,"TheSimpletonMod:GardenGlove":183,"energizedSpire:RedRose":47,"qcfpunch:Army_Boots":105,"Bromod:ArcaneGrace":82,"Replay:Towering Pillar of Hats":205,"DemoMod:MemoryAlloy":92,"Quantum Egg":6,"vexMod:ConsolationPrize":10,"infinitespire:FocusingShard":35,"Gensokyo:ConquerorOfFear":186,"Orichalcum":210,"reliquary:IridiumChain":149,"Strange Spoon":44,"Anchor":149,"vexMod:BarristanHead":126,"vexMod:HeadHunter":149,"infinitespire:Satchel":105,"reliquary:Stiletto":149,"qcfpunch:Red_Headband":73,"Bag of Marbles":78,"reliquary:TuningFork":156,"Membership Card":47,"Gem_Box":99,"TungstenRod":92,"DemoMod:VorpalBullet":117}]},"card_choices":[{"not_picked":["Guardian:PrismaticBarrier","Guardian:Suspension","Guardian:Preprogram"],"picked":"SKIP","floor":2},{"not_picked":["Guardian:RollAttack","Guardian:ChargeCore","Guardian:Reroute"],"picked":"SKIP","floor":4},{"not_picked":["Guardian:RollAttack","Guardian:ChargeCore","Guardian:Reroute"],"picked":"SKIP","floor":4},{"not_picked":["Guardian:PrimingBeam","Guardian:Recover","Guardian:TimeCapacitor"],"picked":"SKIP","floor":5},{"not_picked":["Guardian:Planning","Guardian:Recover"],"picked":"Guardian:SphericShield","floor":6},{"not_picked":["Guardian:HyperBeam_Guardian","Guardian:GemFire","Guardian:FastForward"],"picked":"SKIP","floor":6},{"not_picked":["Guardian:HyperBeam_Guardian","Guardian:GemFire","Guardian:FastForward"],"picked":"SKIP","floor":6},{"not_picked":["Guardian:FierceBash","Guardian:GemFire"],"picked":"Guardian:Gem_Orange","floor":7},{"not_picked":["Guardian:Reroute","Guardian:TemporalStrike","Guardian:RefractedBeam"],"picked":"SKIP","floor":8},{"not_picked":["Guardian:ConstructionForm","Guardian:GemFinder"],"picked":"Guardian:Gem_Orange","floor":11},{"not_picked":["Guardian:ShieldSpikes","Guardian:Planning","Guardian:BronzeArmor"],"picked":"SKIP","floor":11},{"not_picked":["Guardian:CrystalBeam","Guardian:BodySlam"],"picked":"Guardian:Gem_Red","floor":12},{"not_picked":["Guardian:Harden","Guardian:MultiBeam"],"picked":"Guardian:BaubleBeam","floor":13},{"not_picked":["Guardian:FuturePlans","Guardian:FloatingOrbs","Guardian:Reroute"],"picked":"SKIP","floor":14},{"not_picked":["Guardian:Preprogram","Guardian:TimeBomb"],"picked":"Guardian:Gem_White","floor":15},{"not_picked":["Guardian:TimeSifter","Guardian:BaubleBeam"],"picked":"Guardian:Gem_Orange","floor":16},{"not_picked":["Guardian:WalkerClaw+1","Guardian:Gem_White"],"picked":"Guardian:Gem_Fragmented","floor":19},{"not_picked":["Guardian:Recover","Guardian:DonusPower"],"picked":"Guardian:CrystalBeam","floor":20},{"not_picked":["Guardian:SentryBeam","Guardian:Repulse","Guardian:Emergency"],"picked":"SKIP","floor":21},{"not_picked":["Guardian:FierceBash","Guardian:GemFire"],"picked":"Guardian:GemFinder","floor":24},{"not_picked":["Guardian:Gem_Lightblue","Guardian:Gem_Green"],"picked":"Guardian:Gem_Red","floor":26},{"not_picked":["Guardian:Gem_Green","Guardian:Gem_Lightblue"],"picked":"Guardian:Gem_Cyan","floor":26},{"not_picked":["Guardian:Emergency","Guardian:MultiBeam"],"picked":"Guardian:Gem_Lightblue","floor":26},{"not_picked":["Guardian:TemporalStrike","Guardian:GuardianWhirl","Guardian:Repulse+1"],"picked":"SKIP","floor":27},{"not_picked":["Guardian:BaubleBeam","Guardian:GemFire"],"picked":"Guardian:Gem_Synthetic","floor":28},{"not_picked":["Guardian:ArmoredProtocol","Guardian:ChargeCore"],"picked":"Guardian:VentSteam","floor":28},{"not_picked":["Guardian:Incinerate","Guardian:Suspension"],"picked":"Guardian:BodySlam","floor":29},{"not_picked":["Guardian:TimeCapacitor+1","Guardian:DecasProtection","Guardian:PolyBeam+1"],"picked":"SKIP","floor":30},{"not_picked":["Guardian:PolyBeam","Guardian:MultiBeam"],"picked":"Guardian:Gem_Cyan","floor":31},{"not_picked":["Guardian:FierceBash","Guardian:ConstructionForm"],"picked":"Guardian:AncientConstruct","floor":31},{"not_picked":["Guardian:Preprogram","Guardian:PiercingHide","Guardian:ArmoredProtocol"],"picked":"SKIP","floor":32},{"not_picked":["Guardian:SphericShield","Guardian:ConstructionForm"],"picked":"Guardian:Gem_Synthetic","floor":33},{"not_picked":["Guardian:WalkerClaw","Guardian:Gem_Green"],"picked":"Guardian:Gem_Crimson","floor":36},{"not_picked":["Guardian:Gem_Fragmented","Guardian:DecasProtection","Guardian:PolyBeam"],"picked":"SKIP","floor":38},{"not_picked":["Guardian:Gem_Orange","Guardian:RevengeProtocol"],"picked":"Guardian:BaubleBeam","floor":39},{"not_picked":["Guardian:CompilePackage","Guardian:SphericShield"],"picked":"Guardian:Gem_Orange","floor":41},{"not_picked":["Guardian:BaubleBeam","Guardian:GemFinder"],"picked":"Guardian:Gem_Orange","floor":42},{"not_picked":["Guardian:Gem_Green","Guardian:DonusPower","Guardian:PrimingBeam"],"picked":"SKIP","floor":42},{"not_picked":["Guardian:StasisEngine","Guardian:ShieldCharger+1"],"picked":"Guardian:Gem_Purple","floor":43},{"not_picked":["Guardian:TimeSifter","Guardian:HyperBeam_Guardian"],"picked":"Guardian:BaubleBeam","floor":45},{"not_picked":["Guardian:VentSteam","Guardian:Gem_Lightblue"],"picked":"Guardian:Gem_White","floor":45},{"not_picked":["Guardian:Gem_Lightblue","Guardian:Gem_Cyan"],"picked":"Guardian:Gem_Red","floor":49},{"not_picked":["Guardian:Gem_Green","Guardian:Gem_Red"],"picked":"Guardian:Gem_Lightblue","floor":49},{"not_picked":["Guardian:RefractedBeam+1","Guardian:MultiBeam"],"picked":"Guardian:Gem_Purple","floor":49}],"player_experience":1363538,"relics_obtained":[{"floor":6,"key":"reliquary:TuningFork"},{"floor":7,"key":"Dead Branch"},{"floor":20,"key":"wanderingMiniBosses:LockLocket"},{"floor":24,"key":"TheSimpletonMod:GardenGlove"},{"floor":24,"key":"Bromod:ArcaneAegis"},{"floor":26,"key":"Gensokyo:ConquerorOfFear"},{"floor":28,"key":"Strawberry"},{"floor":31,"key":"Runesmith:AutoHammer"},{"floor":39,"key":"Bromod:ArcaneTrickery"},{"floor":39,"key":"vexMod:RetaliationKit"},{"floor":41,"key":"reliquary:Aerogel"},{"floor":41,"key":"Replay:Towering Pillar of Hats"},{"floor":42,"key":"Blood Vial"},{"floor":45,"key":"Orichalcum"}],"event_choices":[],"is_beta":false,"boss_relics":[{"not_picked":["aspiration:PoetsPen","energizedSpire:StickyHand"],"picked":"DemoMod:RiddleOfLead"},{"not_picked":["potionbrewer:BhaskarasWheel","conspire:SpecialSausage"],"picked":"hubris:Backtick"}],"items_purged_floors":[0,0],"is_endless":false,"potions_floor_spawned":[2,4,8,12,14,27,29,30,31,38,45,49],"ascension_level":20}}