{"host":"qy1e0kd24tpj3i2m","time":1611613292,"event":{"mods":["Act Like it!","Alarm Clock","BaseMod","Better Skull","Better Vampires","Colored Map","Colored Powertips","Custom Start","Faster Ascension Climbing","Friendly Minions","GifTheSpireLib","Gremlin Skip","Highlight Path","Minty Spire (QoL Compilation)","Permanent Neow","Poor People Problems","Quick Restart","Red Circlet Mod","Relic Filter Mod","Relic Sorter","Reorder Act Four","SacredBarkPlus","Shop Mod","StSLib","SuperFastMode","Transform Curses","没有小屋子和绿帽子啦"],"gold_per_floor":[119,44,44,56,67,67,67,67,135,152,186,186,203,215,215,215,215],"floor_reached":16,"language":"ZHS","playtime":423,"items_purged":["Bash"],"score":204,"play_id":"4e888070-e712-40ea-83d8-133c33295992","local_time":"20210126072132","is_ascension_mode":true,"campfire_choices":[{"data":"True Grit","floor":6.0,"key":"SMITH"},{"data":"Body Slam","floor":8.0,"key":"SMITH"},{"data":"Feed","floor":12.0,"key":"SMITH"},{"data":"Uppercut","floor":15.0,"key":"SMITH"}],"circlet_count":0,"master_deck":["AscendersBane","Strike_R","Strike_R","Strike_R","Strike_R","Strike_R","Defend_R","Defend_R","Defend_R","Defend_R","True Grit+1","Body Slam+1","Uppercut+1","Feed+1","Fire Breathing","Entrench"],"relics":["Burning Blood","PreservedInsect","Omamori","Darkstone Periapt","Happy Flower"],"acts_visited":["Exordium"],"potions_floor_usage":[],"damage_taken":[{"damage":2.0,"enemies":"Cultist","floor":1.0,"turns":4.0},{"damage":7.0,"enemies":"2 Louse","floor":4.0,"turns":6.0},{"damage":4.0,"enemies":"Jaw Worm","floor":5.0,"turns":3.0},{"damage":14.0,"enemies":"Red Slaver","floor":10.0,"turns":5.0},{"damage":37.0,"enemies":"Gremlin Nob","floor":11.0,"turns":4.0},{"damage":8.0,"enemies":"Looter","floor":13.0,"turns":3.0},{"damage":22.0,"enemies":"Gremlin Gang","floor":14.0,"turns":6.0},{"damage":0,"enemies":"The Guardian","floor":16,"turns":1}],"seed_played":"-1792335285154551935","potions_obtained":[{"floor":4.0,"key":"PowerPotion"},{"floor":13.0,"key":"Energy Potion"},{"floor":14.0,"key":"DistilledChaos"}],"is_trial":false,"path_per_floor":["M","$","?","M","M","R","?","R","T","M","E","R","M","M","R","B"],"character_chosen":"IRONCLAD","items_purchased":[],"campfire_rested":0,"item_purchase_floors":[],"current_hp_per_floor":[72,72,72,71,73,73,66,66,66,58,27,27,29,17,17,17,17],"gold":215,"neow_bonus":"RANDOM_COMMON_RELIC","is_daily":false,"chose_seed":false,"campfire_upgraded":4,"win_rate":0.0,"timestamp":1611613292,"path_taken":["M","$","?","M","M","R","?","R","T","M","E","R","M","?","R","BOSS"],"items_purchased_type":[],"build_version":"2020-12-22","purchased_purges":1,"victory":false,"max_hp_per_floor":[75,75,75,75,75,75,75,75,75,75,75,75,79,83,83,83,83],"card_choices":[{"not_picked":["Flex","Shrug It Off"],"picked":"True Grit","floor":1.0},{"not_picked":["Intimidate","Anger","Armaments"],"picked":"SKIP","floor":4.0},{"not_picked":["Clothesline","True Grit"],"picked":"Body Slam","floor":5.0},{"not_picked":["Clothesline","Twin Strike"],"picked":"Uppercut","floor":10.0},{"not_picked":["Reckless Charge","Cleave"],"picked":"Feed","floor":11.0},{"not_picked":["Clash","Pommel Strike"],"picked":"Fire Breathing","floor":13.0},{"not_picked":["Warcry","Sword Boomerang"],"picked":"Entrench","floor":14.0}],"player_experience":942693,"relics_obtained":[{"floor":9.0,"key":"Darkstone Periapt"},{"floor":11.0,"key":"Happy Flower"}],"event_choices":[{"damage_healed":0.0,"max_hp_gain":0.0,"max_hp_loss":0.0,"gold_gain":0.0,"event_name":"Big Fish","player_choice":"Box","floor":3.0,"gold_loss":0.0,"damage_taken":0.0,"relics_obtained":["Omamori"],"cards_obtained":["Regret"]},{"cards_removed":["Regret"],"damage_healed":0.0,"max_hp_gain":0.0,"max_hp_loss":0.0,"gold_gain":0.0,"event_name":"Golden Wing","player_choice":"Card Removal","floor":7.0,"gold_loss":0.0,"damage_taken":7.0}],"is_beta":false,"boss_relics":[],"items_purged_floors":[2],"is_endless":false,"potions_floor_spawned":[4,13,14],"killed_by":"The Guardian","ascension_level":20}}