{"host":"g8ufh7m4frdlkxwv","time":1611535273,"event":{"mods":["AchievementEnabler","BaseMod","Colored Map","Dark Map","Minty Spire (QoL Compilation)","Relic Stats","StSLib","ojb\u0027s Info Mod"],"gold_per_floor":[214,234,48,198,209,209,277,310,310,23,48,48,48,91,91,91,91],"floor_reached":16,"language":"ENG","playtime":768,"items_purged":["Doubt"],"score":220,"play_id":"e8c38a06-1e30-426f-9b96-5cef92779de9","local_time":"20210125014113","is_ascension_mode":true,"campfire_choices":[{"data":"HandOfGreed","floor":6.0,"key":"SMITH"},{"floor":13,"key":"REST"},{"data":"Blade Dance","floor":15,"key":"SMITH"}],"circlet_count":0,"master_deck":["AscendersBane","Strike_G","Strike_G","Strike_G","Strike_G","Strike_G","Defend_G","Defend_G","Defend_G","Defend_G","Defend_G","Survivor","Neutralize","Cloak And Dagger","Riddle With Holes","HandOfGreed+1","Quick Slash","Blade Dance+1","Footwork","Blade Dance+1","Acrobatics+1"],"relics":["Ring of the Snake","Bronze Scales","Anchor","Blood Vial","Toxic Egg 2","GremlinMask"],"acts_visited":["Exordium"],"potions_floor_usage":[8,11],"damage_taken":[{"damage":3.0,"enemies":"Jaw Worm","floor":1.0,"turns":5.0},{"damage":0.0,"enemies":"2 Louse","floor":2.0,"turns":3.0},{"damage":0.0,"enemies":"Cultist","floor":5.0,"turns":4.0},{"damage":5.0,"enemies":"Exordium Wildlife","floor":7.0,"turns":6.0},{"damage":24,"enemies":"Lagavulin","floor":8,"turns":6},{"damage":23,"enemies":"Gremlin Nob","floor":11,"turns":4},{"damage":6,"enemies":"Large Slime","floor":14,"turns":7},{"damage":22,"enemies":"Hexaghost","floor":16,"turns":7}],"seed_played":"-7632658651898628429","potions_obtained":[{"floor":2.0,"key":"Strength Potion"},{"floor":5.0,"key":"Weak Potion"},{"floor":14,"key":"EssenceOfSteel"}],"is_trial":false,"path_per_floor":["M","M","$","?","M","R","M","E","T","$","E","?","R","M","R","B"],"character_chosen":"THE_SILENT","items_purchased":["HandOfGreed","Blood Vial","Footwork"],"campfire_rested":1,"item_purchase_floors":[3,10,10],"current_hp_per_floor":[56,56,56,56,56,56,51,27,27,27,6,6,25,21,21,1,1],"gold":91,"neow_bonus":"HUNDRED_GOLD","is_daily":false,"chose_seed":false,"campfire_upgraded":2,"win_rate":0.0,"timestamp":1611535273,"path_taken":["M","M","$","?","M","R","M","E","T","$","E","?","R","?","R","BOSS"],"items_purchased_type":["Card","Relic","Card"],"build_version":"2020-12-22","purchased_purges":1,"victory":false,"max_hp_per_floor":[66,66,66,66,66,66,66,66,66,66,66,66,66,66,66,66,66],"relic_stats":{"Blood Vial":6,"counters":[8,42],"Bronze Scales":[48],"obtain_stats":[{"Blood Vial":10,"Anchor":9,"Bronze Scales":8,"GremlinMask":12,"Toxic Egg 2":11,"Ring of the Snake":0},{"Blood Vial":5,"Anchor":5,"Bronze Scales":5,"GremlinMask":6,"Toxic Egg 2":6,"Ring of the Snake":0},{"Blood Vial":24,"Anchor":24,"Bronze Scales":24,"GremlinMask":28,"Toxic Egg 2":28,"Ring of the Snake":0}],"Ring of the Snake":[16]},"card_choices":[{"not_picked":["Infinite Blades","PiercingWail"],"picked":"Cloak And Dagger","floor":1.0},{"not_picked":["Quick Slash","Cloak And Dagger"],"picked":"Riddle With Holes","floor":2.0},{"not_picked":["Dodge and Roll","Underhanded Strike"],"picked":"Quick Slash","floor":5.0},{"not_picked":["Bane","Cloak And Dagger","Predator"],"picked":"SKIP","floor":7.0},{"not_picked":["Burst","Concentrate"],"picked":"Blade Dance","floor":8},{"not_picked":["Masterful Stab","Caltrops"],"picked":"Blade Dance+1","floor":11},{"not_picked":["Deflect+1","Finisher"],"picked":"Acrobatics+1","floor":14}],"player_experience":1108165,"relics_obtained":[{"floor":8,"key":"Bronze Scales"},{"floor":9,"key":"Anchor"},{"floor":11,"key":"Toxic Egg 2"}],"event_choices":[{"damage_healed":0.0,"max_hp_gain":0.0,"max_hp_loss":0.0,"gold_gain":150.0,"event_name":"Liars Game","player_choice":"AGREE","floor":4.0,"gold_loss":0.0,"damage_taken":0.0,"cards_obtained":["Doubt"]},{"damage_healed":0,"gold_gain":0,"player_choice":"Trade","damage_taken":0,"relics_obtained":["GremlinMask"],"max_hp_gain":0,"max_hp_loss":0,"event_name":"FaceTrader","floor":12,"gold_loss":0}],"is_beta":false,"boss_relics":[],"items_purged_floors":[10],"is_endless":false,"potions_floor_spawned":[2,5,14],"killed_by":"Hexaghost","ascension_level":20}}