{"host":"7sni158j623xchr2","time":1611561112,"event":{"mods":["BaseMod","Colored Map","Highlight Path","Minty Spire (QoL Compilation)","Permanent Neow","Potion Indicator Mod","Rare Cards Sparkle","Relic Sorter","Relic Stats","StSLib","everything is the same but u backflip on backflip"],"gold_per_floor":[113,113,128,128,145,145,174,189,257,272,304,304,332,332,332,436,436,449,468,468,468,478,507,527,527,581,909,262,275,306,63,63,167,167,180,25,25,44,56,56,69,69,95,95,45,62,12,12,12,12,12,12,12,47,47,47],"floor_reached":55,"language":"ENG","playtime":1436,"items_purged":["Strike_P","Strike_P","Defend_P","Fasting2+1"],"score":885,"play_id":"7f43d73e-92bf-49b9-bd97-a9a727cd7d1d","local_time":"20210125015152","is_ascension_mode":true,"campfire_choices":[{"data":"Fasting2","floor":6,"key":"SMITH"},{"data":"Adaptation","floor":12,"key":"SMITH"},{"data":"FlurryOfBlows","floor":15,"key":"SMITH"},{"floor":25,"key":"DIG"},{"floor":32,"key":"REST"},{"floor":40,"key":"DIG"},{"floor":42,"key":"REST"},{"floor":44,"key":"DIG"},{"floor":49,"key":"RECALL"},{"data":"Scrawl","floor":52,"key":"SMITH"}],"circlet_count":0,"master_deck":["Strike_P","Defend_P","Defend_P","Eruption+1","Vigilance","Fasting2+1","FlurryOfBlows+1","Adaptation+1","Omniscience","InnerPeace+1","BowlingBash+1","EmptyMind","Fasting2+1","MentalFortress+1","Scrawl+1","FlurryOfBlows+1","DevaForm+1"],"relics":["Busted Crown","Incense Burner","Omamori","HornCleat","Strawberry","Shovel","Philosopher\u0027s Stone","Sundial","Blood Vial","Frozen Egg 2","Smiling Mask","Old Coin","Yang","Ginger","TungstenRod","PreservedInsect","SlaversCollar","Potion Belt","Anchor","Mango","Akabeko"],"acts_visited":["Exordium","TheCity","TheBeyond","TheEnding"],"potions_floor_usage":[13,24,27,27,27,30,55,55],"damage_taken":[{"damage":1.0,"enemies":"Jaw Worm","floor":1.0,"turns":4.0},{"damage":0.0,"enemies":"Cultist","floor":3.0,"turns":3.0},{"damage":0,"enemies":"2 Louse","floor":5,"turns":1},{"damage":10,"enemies":"3 Sentries","floor":7,"turns":4},{"damage":1,"enemies":"Red Slaver","floor":8,"turns":2},{"damage":3,"enemies":"3 Louse","floor":10,"turns":2},{"damage":0,"enemies":"Lagavulin","floor":11,"turns":4},{"damage":10,"enemies":"3 Sentries","floor":13,"turns":5},{"damage":32,"enemies":"Slime Boss","floor":16,"turns":8},{"damage":21,"enemies":"3 Byrds","floor":18,"turns":3},{"damage":2,"enemies":"Shell Parasite","floor":19,"turns":3},{"damage":1,"enemies":"Centurion and Healer","floor":22,"turns":3},{"damage":22,"enemies":"Slavers","floor":23,"turns":3},{"damage":9,"enemies":"Shelled Parasite and Fungi","floor":24,"turns":4},{"damage":14,"enemies":"Book of Stabbing","floor":27,"turns":4},{"damage":0,"enemies":"Snake Plant","floor":29,"turns":3},{"damage":17,"enemies":"Gremlin Leader","floor":30,"turns":6},{"damage":0,"enemies":"Automaton","floor":33,"turns":7},{"damage":1,"enemies":"Orb Walker","floor":35,"turns":3},{"damage":19,"enemies":"3 Darklings","floor":38,"turns":4},{"damage":6,"enemies":"4 Shapes","floor":39,"turns":4},{"damage":57,"enemies":"Maw","floor":41,"turns":6},{"damage":11,"enemies":"3 Darklings","floor":46,"turns":5},{"damage":18,"enemies":"Awakened One","floor":50,"turns":9},{"damage":0,"enemies":"Shield and Spear","floor":54,"turns":2},{"damage":94,"enemies":"The Heart","floor":55,"turns":3}],"seed_played":"-1869331756289761644","potions_obtained":[{"floor":1.0,"key":"BlessingOfTheForge"},{"floor":8,"key":"Energy Potion"},{"floor":10,"key":"Block Potion"},{"floor":13,"key":"EntropicBrew"},{"floor":18,"key":"Block Potion"},{"floor":35,"key":"LiquidBronze"},{"floor":46,"key":"Strength Potion"}],"is_trial":false,"path_per_floor":["M","?","M","?","M","R","E","M","T","M","E","R","E","?","R","B",null,"M","M","?","T","M","E","M","R","T","E","$","M","E","$","R","B",null,"M","$","?","M","M","R","M","R","T","R","$","M","$","?","R","B",null,"R","$","E","B"],"character_chosen":"WATCHER","items_purchased":["Yang","SteroidPotion","Ginger","PreservedInsect","MentalFortress+1","Potion Belt"],"campfire_rested":2,"item_purchase_floors":[28,28,28,31,31,36],"current_hp_per_floor":[71,71,71,71,71,71,61,60,60,57,64,64,54,54,54,22,79,58,56,56,56,55,33,26,26,26,14,14,16,1,1,24,26,79,78,78,78,60,56,56,1,24,24,38,38,29,29,29,29,13,93,93,93,93,0,0],"gold":47,"neow_bonus":"BOSS_RELIC","is_daily":false,"chose_seed":false,"campfire_upgraded":4,"win_rate":0.0,"timestamp":1611561112,"path_taken":["M","?","?","?","M","R","E","M","T","?","E","R","E","?","R","BOSS","M","M","?","?","?","E","M","R","T","E","?","M","E","$","R","BOSS","M","$","?","M","?","R","M","R","T","R","?","M","$","?","R","BOSS","R","$","E","BOSS"],"items_purchased_type":["Relic","Potion","Relic","Relic","Card","Relic"],"build_version":"2020-12-22","purchased_purges":4,"victory":false,"max_hp_per_floor":[72,72,72,72,72,72,72,72,72,72,79,79,79,79,79,79,79,79,79,79,79,79,79,79,79,79,79,79,79,79,79,79,79,79,79,79,79,79,79,79,79,79,79,93,93,93,93,93,93,93,93,93,93,93,93,93],"relic_stats":{"Blood Vial":19,"Busted Crown":52,"Shovel":3,"counters":[26,105],"Sundial":[24],"Yang":[161],"PreservedInsect":68,"Ginger":[7],"Smiling Mask":250,"obtain_stats":[{"Potion Belt":36,"Yang":28,"Mango":44,"PreservedInsect":31,"Incense Burner":2,"Omamori":7,"Ginger":28,"Frozen Egg 2":25,"Smiling Mask":26,"Akabeko":54,"Old Coin":27,"Blood Vial":23,"SlaversCollar":34,"Anchor":40,"Busted Crown":0,"HornCleat":9,"Shovel":13,"Sundial":21,"Strawberry":11,"Philosopher\u0027s Stone":17,"PureWater":0,"TungstenRod":30},{"Potion Belt":19,"Yang":15,"Mango":22,"PreservedInsect":17,"Incense Burner":1,"Omamori":4,"Ginger":15,"Frozen Egg 2":14,"Smiling Mask":14,"Akabeko":25,"Old Coin":15,"Blood Vial":13,"SlaversCollar":18,"Anchor":21,"Busted Crown":0,"HornCleat":5,"Shovel":8,"Sundial":11,"Strawberry":7,"Philosopher\u0027s Stone":9,"PureWater":0,"TungstenRod":17},{"Potion Belt":72,"Yang":53,"Mango":86,"PreservedInsect":62,"Incense Burner":4,"Omamori":12,"Ginger":53,"Frozen Egg 2":49,"Smiling Mask":49,"Akabeko":102,"Old Coin":53,"Blood Vial":45,"SlaversCollar":69,"Anchor":80,"Busted Crown":0,"HornCleat":14,"Shovel":25,"Sundial":39,"Strawberry":20,"Philosopher\u0027s Stone":33,"PureWater":0,"TungstenRod":62}],"TungstenRod":17},"card_choices":[{"not_picked":[],"picked":"Fasting2","floor":1.0},{"not_picked":["Evaluate"],"picked":"SKIP","floor":3},{"not_picked":[],"picked":"FlurryOfBlows","floor":5},{"not_picked":[],"picked":"Adaptation","floor":7},{"not_picked":["ClearTheMind"],"picked":"SKIP","floor":8},{"not_picked":["Swivel"],"picked":"SKIP","floor":10},{"not_picked":["FlurryOfBlows"],"picked":"SKIP","floor":11},{"not_picked":["SashWhip"],"picked":"SKIP","floor":13},{"not_picked":[],"picked":"Omniscience","floor":16},{"not_picked":[],"picked":"InnerPeace+1","floor":18},{"not_picked":[],"picked":"BowlingBash+1","floor":19},{"not_picked":["BowlingBash+1"],"picked":"SKIP","floor":22},{"not_picked":["ClearTheMind"],"picked":"SKIP","floor":23},{"not_picked":["ThirdEye"],"picked":"SKIP","floor":24},{"not_picked":[],"picked":"Fasting2+1","floor":27},{"not_picked":["Perseverance"],"picked":"SKIP","floor":29},{"not_picked":["CutThroughFate"],"picked":"SKIP","floor":30},{"not_picked":[],"picked":"Scrawl","floor":33},{"not_picked":["CrushJoints"],"picked":"SKIP","floor":35},{"not_picked":["Protect"],"picked":"SKIP","floor":38},{"not_picked":["ThirdEye"],"picked":"SKIP","floor":39},{"not_picked":[],"picked":"FlurryOfBlows+1","floor":41},{"not_picked":["Worship"],"picked":"SKIP","floor":46},{"not_picked":[],"picked":"DevaForm+1","floor":54}],"player_experience":1698466,"relics_obtained":[{"floor":7,"key":"Omamori"},{"floor":9,"key":"HornCleat"},{"floor":11,"key":"Strawberry"},{"floor":13,"key":"Shovel"},{"floor":21,"key":"Sundial"},{"floor":23,"key":"Blood Vial"},{"floor":25,"key":"Frozen Egg 2"},{"floor":26,"key":"Smiling Mask"},{"floor":27,"key":"Old Coin"},{"floor":30,"key":"TungstenRod"},{"floor":40,"key":"Anchor"},{"floor":44,"key":"Mango"},{"floor":54,"key":"Akabeko"}],"event_choices":[{"damage_healed":0.0,"max_hp_gain":0.0,"max_hp_loss":0.0,"gold_gain":0.0,"event_name":"WeMeetAgain","player_choice":"Gave Potion","floor":2.0,"gold_loss":0.0,"damage_taken":0.0,"relics_obtained":["Incense Burner"]},{"cards_removed":["Defend_P"],"damage_healed":0,"gold_gain":0,"player_choice":"Purged","damage_taken":0,"max_hp_gain":0,"max_hp_loss":0,"event_name":"Purifier","floor":4,"gold_loss":0},{"damage_healed":0,"gold_gain":0,"player_choice":"Grow","damage_taken":0,"max_hp_gain":0,"max_hp_loss":0,"event_name":"Living Wall","floor":14,"gold_loss":0,"cards_upgraded":["Eruption"]},{"damage_healed":0,"gold_gain":0,"player_choice":"Read","damage_taken":0,"max_hp_gain":0,"max_hp_loss":0,"event_name":"The Library","floor":20,"gold_loss":0,"cards_obtained":["EmptyMind"]},{"damage_healed":0,"gold_gain":0,"cards_transformed":["Strike_P"],"player_choice":"Transformed","damage_taken":0,"max_hp_gain":0,"max_hp_loss":0,"event_name":"Transmorgrifier","floor":37,"gold_loss":0,"cards_obtained":["Fasting2"]},{"damage_healed":0,"gold_gain":0,"player_choice":"Memory 1","damage_taken":0,"max_hp_gain":0,"max_hp_loss":0,"event_name":"SensoryStone","floor":48,"gold_loss":0}],"is_beta":false,"boss_relics":[{"not_picked":["Calling Bell","Snecko Eye"],"picked":"Philosopher\u0027s Stone"},{"not_picked":["Empty Cage","Cursed Key"],"picked":"SlaversCollar"}],"items_purged_floors":[28,31,45,47],"is_endless":false,"potions_floor_spawned":[1,8,10,13,18,19,22,23,35,46],"killed_by":"The Heart","ascension_level":1}}