{"host":"r53pw7z744tg3fxg","time":1611596369,"event":{"mods":["AchievementEnabler","BaseMod","Colored Map","Colored Powertips","Highlight Path","Minty Spire (QoL Compilation)","Quick Restart","Transform Curses"],"gold_per_floor":[113,12,22,22,40,40,62,80,161,161,180,213,50,77,77,151,151,162,176,99,109,109,109,120,120,166,166,194,194,210,223,223,295,295,311,311,0,0,10,10,10],"floor_reached":40,"language":"ENG","playtime":1664,"items_purged":[],"score":773,"play_id":"46f06c7e-bbb5-4395-8250-7b0a0cf364f8","local_time":"20210125103929","is_ascension_mode":true,"campfire_choices":[{"data":"Eruption","floor":6.0,"key":"SMITH"},{"floor":10.0,"key":"REST"},{"floor":15.0,"key":"REST"},{"floor":23.0,"key":"REST"},{"data":"Ragnarok","floor":25,"key":"SMITH"},{"floor":27,"key":"REST"},{"data":"ReachHeaven","floor":29,"key":"SMITH"},{"floor":32,"key":"REST"}],"circlet_count":0,"master_deck":["AscendersBane","Strike_P+1","Strike_P","Strike_P","Strike_P","Defend_P+1","Defend_P+1","Defend_P","Defend_P","Eruption+1","Vigilance","PathToVictory","Bandage Up","Conclude+1","ClearTheMind+1","Halt","Protect","LessonLearned","Adaptation+1","ForeignInfluence+1","Devotion+1","ReachHeaven+1","Prostrate+1","Ragnarok+1","EmptyBody","BattleHymn+1","Collect","Wish","WindmillStrike","Parasite","Wireheading+1"],"relics":["PureWater","Odd Mushroom","Frozen Egg 2","Art of War","Bronze Scales","White Beast Statue","Snecko Eye","Nilry\u0027s Codex","Ancient Tea Set","Pocketwatch","SlaversCollar","Red Mask"],"acts_visited":["Exordium","TheCity","TheBeyond"],"potions_floor_usage":[28,31,33,36,39,40],"damage_taken":[{"damage":5.0,"enemies":"2 Louse","floor":1.0,"turns":4.0},{"damage":4.0,"enemies":"Small Slimes","floor":3.0,"turns":5.0},{"damage":2.0,"enemies":"Jaw Worm","floor":5.0,"turns":3.0},{"damage":16.0,"enemies":"The Mushroom Lair","floor":7.0,"turns":4.0},{"damage":9.0,"enemies":"Red Slaver","floor":8.0,"turns":5.0},{"damage":4.0,"enemies":"Looter","floor":11.0,"turns":3.0},{"damage":16.0,"enemies":"Lagavulin","floor":12.0,"turns":10.0},{"damage":49.0,"enemies":"Gremlin Nob","floor":14.0,"turns":5.0},{"damage":32.0,"enemies":"Slime Boss","floor":16.0,"turns":9.0},{"damage":0.0,"enemies":"Chosen","floor":18.0,"turns":5.0},{"damage":9.0,"enemies":"3 Byrds","floor":19.0,"turns":2.0},{"damage":3.0,"enemies":"Cultist and Chosen","floor":21.0,"turns":4.0},{"damage":0,"enemies":"Snecko","floor":24,"turns":3},{"damage":20,"enemies":"Slavers","floor":28,"turns":3},{"damage":0,"enemies":"Snake Plant","floor":30,"turns":3},{"damage":24,"enemies":"Shelled Parasite and Fungi","floor":31,"turns":3},{"damage":55,"enemies":"Automaton","floor":33,"turns":7},{"damage":25,"enemies":"3 Darklings","floor":35,"turns":3},{"damage":0,"enemies":"3 Shapes","floor":36,"turns":1},{"damage":16,"enemies":"Writhing Mass","floor":39,"turns":4},{"damage":21,"enemies":"Reptomancer","floor":40,"turns":2}],"seed_played":"9096138226376707859","potions_obtained":[{"floor":3.0,"key":"FearPotion"},{"floor":8.0,"key":"Weak Potion"},{"floor":16.0,"key":"BlessingOfTheForge"},{"floor":18.0,"key":"DuplicationPotion"},{"floor":19.0,"key":"GamblersBrew"},{"floor":21.0,"key":"SmokeBomb"},{"floor":28,"key":"ColorlessPotion"},{"floor":31,"key":"Dexterity Potion"},{"floor":33,"key":"Block Potion"},{"floor":35,"key":"Dexterity Potion"},{"floor":38,"key":"Ambrosia"},{"floor":39,"key":"LiquidMemories"}],"is_trial":false,"path_per_floor":["M","$","M","$","M","R","?","M","T","R","M","E","$","E","R","B",null,"M","M","$","M","?","R","M","R","T","R","E","R","M","M","R","B",null,"M","M","?","?","M","E"],"character_chosen":"WATCHER","items_purchased":["Bandage Up","Bronze Scales","Ragnarok"],"campfire_rested":5,"item_purchase_floors":[2,13,20],"current_hp_per_floor":[62,62,62,62,64,64,52,47,47,69,69,57,57,12,34,6,57,61,52,52,49,28,50,50,50,50,72,52,52,56,36,58,7,57,32,32,32,32,20,0,0],"gold":10,"neow_bonus":"TEN_PERCENT_HP_BONUS","is_daily":false,"chose_seed":false,"campfire_upgraded":3,"win_rate":0.0,"timestamp":1611596369,"path_taken":["M","$","M","$","M","R","?","M","T","R","M","E","$","E","R","BOSS","M","M","$","M","?","R","M","R","T","R","E","R","M","M","R","BOSS","M","M","?","?","?","E"],"items_purchased_type":["Card","Relic","Card"],"build_version":"2020-12-22","purchased_purges":0,"victory":false,"max_hp_per_floor":[74,74,74,74,74,74,74,74,74,74,74,74,74,74,74,74,74,74,74,74,74,74,74,74,74,74,74,74,74,74,74,74,74,74,74,74,74,74,74,74,74],"card_choices":[{"not_picked":["FlyingSleeves","FlurryOfBlows"],"picked":"PathToVictory","floor":1.0},{"not_picked":["Collect","Prostrate"],"picked":"Conclude","floor":3.0},{"not_picked":["Tantrum","SashWhip"],"picked":"ClearTheMind","floor":5.0},{"not_picked":["SandsOfTime","Nirvana"],"picked":"Halt","floor":7.0},{"not_picked":["SashWhip","Meditate"],"picked":"Protect","floor":8.0},{"not_picked":["CrushJoints","Evaluate"],"picked":"LessonLearned","floor":11.0},{"not_picked":["SashWhip","Weave"],"picked":"Adaptation+1","floor":12.0},{"not_picked":["WaveOfTheHand","Indignation"],"picked":"ForeignInfluence","floor":14.0},{"not_picked":["Blasphemy","Vault"],"picked":"Devotion+1","floor":16.0},{"not_picked":["CutThroughFate","FollowUp"],"picked":"ReachHeaven","floor":18.0},{"not_picked":["Evaluate","CarveReality+1"],"picked":"Prostrate+1","floor":19.0},{"not_picked":["SashWhip","Conclude"],"picked":"EmptyBody","floor":21.0},{"not_picked":["FlyingSleeves+1","ClearTheMind+1","Halt"],"picked":"SKIP","floor":24},{"not_picked":["CutThroughFate","Conclude"],"picked":"BattleHymn+1","floor":28},{"not_picked":["ForeignInfluence","WaveOfTheHand"],"picked":"Collect","floor":30},{"not_picked":["SignatureMove","SashWhip","EmptyFist"],"picked":"SKIP","floor":31},{"not_picked":["Blasphemy","LessonLearned"],"picked":"Wish","floor":33},{"not_picked":["ThirdEye","CrushJoints+1"],"picked":"WindmillStrike","floor":35},{"not_picked":["LikeWater+1","FlyingSleeves"],"picked":"Wireheading+1","floor":39}],"player_experience":1343102,"relics_obtained":[{"floor":7.0,"key":"Odd Mushroom"},{"floor":9.0,"key":"Frozen Egg 2"},{"floor":12.0,"key":"Art of War"},{"floor":14.0,"key":"White Beast Statue"},{"floor":22.0,"key":"Nilry\u0027s Codex"},{"floor":26,"key":"Ancient Tea Set"},{"floor":28,"key":"Pocketwatch"}],"event_choices":[{"damage_healed":0.0,"max_hp_gain":0.0,"max_hp_loss":0.0,"gold_gain":0.0,"event_name":"Mushrooms","player_choice":"Fought Mushrooms","floor":7.0,"gold_loss":0.0,"damage_taken":0.0},{"damage_healed":0.0,"max_hp_gain":0.0,"max_hp_loss":0.0,"gold_gain":0.0,"event_name":"Cursed Tome","player_choice":"Obtained Book","floor":22.0,"gold_loss":0.0,"damage_taken":21.0},{"damage_healed":0,"gold_gain":0,"player_choice":"Paid","damage_taken":0,"relics_obtained":["Red Mask"],"max_hp_gain":0,"max_hp_loss":0,"event_name":"Tomb of Lord Red Mask","floor":37,"gold_loss":311},{"damage_healed":0,"gold_gain":0,"player_choice":"Got Potions","damage_taken":0,"max_hp_gain":0,"max_hp_loss":0,"event_name":"Lab","floor":38,"gold_loss":0}],"is_beta":false,"boss_relics":[{"not_picked":["Sozu","Velvet Choker"],"picked":"Snecko Eye"},{"not_picked":["Runic Dome","VioletLotus"],"picked":"SlaversCollar"}],"items_purged_floors":[],"is_endless":false,"potions_floor_spawned":[3,8,11,16,18,19,21,24,28,30,31,33,35,36,39],"killed_by":"Reptomancer","ascension_level":17}}