{"host":"61r95uy0hn86b9iu","time":1611547024,"event":{"mods":["AchievementEnabler","BaseMod","Better Vampires","BetterRewards","Colored Powertips","Hubris","Minty Spire (QoL Compilation)","Shop Mod","StSLib"],"gold_per_floor":[119,119,119,131,206,236,236,271,271,282,393,421,421,421,421,498,498,511,44,55,55,68,68,99,99,99,99,112,143,256,266,266,341,341,355,409,11,11,35,35,62,62,135,166,166,185,204,79,79,79,79,79,19,48,48,48],"floor_reached":55,"language":"ENG","playtime":4415,"items_purged":["Strike_B","Gash","Strike_B+1","Doom and Gloom"],"score":1836,"play_id":"ef59215e-2b07-40ae-b6a2-1428acb33fd9","local_time":"20210124215704","is_ascension_mode":true,"campfire_choices":[{"data":"Consume","floor":7.0,"key":"SMITH"},{"floor":13.0,"key":"REST"},{"floor":15.0,"key":"REST"},{"floor":23.0,"key":"REST"},{"floor":25.0,"key":"REST"},{"floor":32.0,"key":"REST"},{"floor":40.0,"key":"RECALL"},{"data":"Rainbow","floor":42.0,"key":"SMITH"},{"floor":45.0,"key":"REST"},{"floor":49,"key":"REST"},{"data":"Dualcast","floor":52,"key":"SMITH"}],"circlet_count":0,"master_deck":["AscendersBane","Strike_B+1","Defend_B+1","Defend_B+1","Defend_B+1","Defend_B+1","Zap","Dualcast+1","Conserve Battery","Master of Strategy","Coolheaded","Double Energy+1","Consume+1","Lockon","Go for the Eyes","Core Surge","Defragment+1","Glacier+1","Chill","Echo Form","Rainbow+1","Darkness+1","Sunder","Madness+1","Coolheaded"],"relics":["Cracked Core","Kunai","hubris:Icosahedron","Turnip","hubris:ToyBattleship","Emotion Chip","MerchantsRug","Torii","hubris:PeanutButter","Nloth\u0027s Gift","hubris:ScarierMask","hubris:GlazedTorus","Shuriken","Molten Egg 2","Toy Ornithopter","hubris:Reverence"],"acts_visited":["Exordium","TheCity","TheBeyond","TheEnding"],"potions_floor_usage":[54,55],"damage_taken":[{"damage":0.0,"enemies":"Cultist","floor":1.0,"turns":2.0},{"damage":0.0,"enemies":"2 Louse","floor":4.0,"turns":1.0},{"damage":14.0,"enemies":"Lagavulin","floor":6.0,"turns":4.0},{"damage":19.0,"enemies":"3 Sentries","floor":8.0,"turns":7.0},{"damage":6.0,"enemies":"Small Slimes","floor":10.0,"turns":3.0},{"damage":0.0,"enemies":"Blue Slaver","floor":11.0,"turns":2.0},{"damage":15.0,"enemies":"Lagavulin","floor":12.0,"turns":4.0},{"damage":0.0,"enemies":"Slime Boss","floor":16.0,"turns":6.0},{"damage":0.0,"enemies":"Chosen","floor":18.0,"turns":3.0},{"damage":24.0,"enemies":"2 Thieves","floor":20.0,"turns":4.0},{"damage":24.0,"enemies":"Snake Plant","floor":22.0,"turns":3.0},{"damage":1.0,"enemies":"Gremlin Leader","floor":24.0,"turns":8.0},{"damage":0.0,"enemies":"Snecko","floor":28.0,"turns":3.0},{"damage":28.0,"enemies":"Slavers","floor":29.0,"turns":8.0},{"damage":0.0,"enemies":"Cultist and Chosen","floor":30.0,"turns":5.0},{"damage":0.0,"enemies":"Centurion and Healer","floor":31.0,"turns":7.0},{"damage":1.0,"enemies":"Automaton","floor":33.0,"turns":10.0},{"damage":0.0,"enemies":"3 Shapes","floor":35.0,"turns":5.0},{"damage":15.0,"enemies":"2 Orb Walkers","floor":36.0,"turns":6.0},{"damage":0.0,"enemies":"Nemesis","floor":41.0,"turns":7.0},{"damage":16.0,"enemies":"Reptomancer","floor":44.0,"turns":6.0},{"damage":2.0,"enemies":"Orb Walker","floor":46.0,"turns":5.0},{"damage":0.0,"enemies":"Sphere and 2 Shapes","floor":47.0,"turns":4.0},{"damage":37,"enemies":"Time Eater","floor":50,"turns":13},{"damage":1,"enemies":"Shield and Spear","floor":54,"turns":7},{"damage":78,"enemies":"The Heart","floor":55,"turns":8}],"seed_played":"904297845600947179","potions_obtained":[{"floor":6.0,"key":"Strength Potion"},{"floor":10.0,"key":"GamblersBrew"},{"floor":12.0,"key":"FocusPotion"},{"floor":16.0,"key":"Fruit Juice"},{"floor":29.0,"key":"FocusPotion"},{"floor":31.0,"key":"PowerPotion"},{"floor":36.0,"key":"SpeedPotion"},{"floor":41.0,"key":"AttackPotion"},{"floor":47.0,"key":"CultistPotion"}],"is_trial":false,"path_per_floor":["M","?","?","M","?","E","R","E","T","M","M","E","R","?","R","B",null,"M","$","M","?","M","R","E","R","T","?","M","E","M","M","R","B",null,"M","?","$","?","T","R","E","R","T","E","R","M","M","$","R","B",null,"R","$","E","B"],"character_chosen":"DEFECT","items_purchased":["Conserve Battery","Kunai","Coolheaded","MerchantsRug","Torii","Doom and Gloom","Sunder","Matryoshka","Block Potion"],"campfire_rested":7,"item_purchase_floors":[0,0,0,19,19,19,37,37,53],"current_hp_per_floor":[44,44,44,71,60,46,46,27,27,21,21,6,27,27,48,53,70,70,70,46,46,22,44,43,65,65,65,65,37,37,37,59,58,72,72,57,57,57,57,57,57,57,57,41,63,61,61,61,76,39,67,67,67,71,0,0],"gold":48,"neow_bonus":"","is_daily":false,"chose_seed":false,"campfire_upgraded":3,"win_rate":0.0,"timestamp":1611547024,"path_taken":["M","?","?","M","?","E","R","E","T","M","M","E","R","?","R","BOSS","M","$","M","?","M","R","E","R","T","?","M","E","?","M","R","BOSS","M","?","$","?","?","R","E","R","T","E","R","M","M","$","R","BOSS","R","$","E","BOSS"],"items_purchased_type":["Card","Relic","Card","Relic","Relic","Card","Card","Relic","Potion"],"build_version":"2020-12-22","purchased_purges":4,"victory":false,"max_hp_per_floor":[71,71,71,71,71,71,71,71,71,71,71,71,71,71,71,76,76,76,76,76,76,76,76,76,76,76,76,76,76,76,76,76,76,76,76,76,76,76,76,76,76,76,76,76,76,76,76,76,76,76,76,76,76,76,76,76],"card_choices":[{"not_picked":["Coolheaded","Conserve Battery"],"picked":"Double Energy","floor":1.0},{"not_picked":["Hologram","Compile Driver","Gash"],"picked":"SKIP","floor":4.0},{"not_picked":["Chill","FTL"],"picked":"Consume","floor":6.0},{"not_picked":["Machine Learning","Compile Driver"],"picked":"Lockon","floor":8.0},{"not_picked":["Auto Shields","Stack"],"picked":"Go for the Eyes","floor":10.0},{"not_picked":["Streamline","Genetic Algorithm","Double Energy"],"picked":"SKIP","floor":11.0},{"not_picked":["Recycle","Skim","Storm"],"picked":"SKIP","floor":12.0},{"not_picked":["Rainbow","Reboot"],"picked":"Core Surge","floor":16.0},{"not_picked":["Tempest","Ball Lightning"],"picked":"Defragment+1","floor":18.0},{"not_picked":["Rebound","Reinforced Body","Cold Snap+1"],"picked":"SKIP","floor":20.0},{"not_picked":["Doom and Gloom","hubris:Ukulele","Chaos"],"picked":"SKIP","floor":22.0},{"not_picked":["Compile Driver","Redo","Doom and Gloom"],"picked":"SKIP","floor":24.0},{"not_picked":["Hologram","Ball Lightning"],"picked":"Glacier","floor":28.0},{"not_picked":["Skim","Steam"],"picked":"Chill","floor":29.0},{"not_picked":["Hologram+1","Sweeping Beam"],"picked":"Echo Form","floor":30.0},{"not_picked":["Leap","Compile Driver"],"picked":"Gash","floor":31.0},{"not_picked":["All For One","hubris:SpecializedCircuitry"],"picked":"Rainbow","floor":33.0},{"not_picked":["Go for the Eyes+1","Chill"],"picked":"Darkness+1","floor":35.0},{"not_picked":["Mayhem","Bandage Up"],"picked":"Madness","floor":38.0},{"not_picked":["Compile Driver","Hologram+1","Darkness+1"],"picked":"SKIP","floor":41.0},{"not_picked":["Genetic Algorithm","Go for the Eyes+1"],"picked":"Coolheaded","floor":44.0},{"not_picked":["Chaos","Stack+1","Cold Snap+1"],"picked":"SKIP","floor":46.0},{"not_picked":["Darkness","Reprogram","Double Energy"],"picked":"SKIP","floor":47.0},{"not_picked":["Genetic Algorithm+1","Reprogram","Machine Learning"],"picked":"SKIP","floor":54}],"player_experience":3294583,"relics_obtained":[{"floor":6.0,"key":"Ornamental Fan"},{"floor":8.0,"key":"Turnip"},{"floor":9.0,"key":"hubris:ToyBattleship"},{"floor":12.0,"key":"Emotion Chip"},{"floor":24.0,"key":"hubris:TenFootPole"},{"floor":26.0,"key":"hubris:PeanutButter"},{"floor":29.0,"key":"Girya"},{"floor":36.0,"key":"hubris:GlazedTorus"},{"floor":39.0,"key":"War Paint"},{"floor":41.0,"key":"Shuriken"},{"floor":43.0,"key":"Akabeko"},{"floor":43.0,"key":"Molten Egg 2"},{"floor":44.0,"key":"Toy Ornithopter"},{"floor":54,"key":"hubris:Reverence"}],"event_choices":[{"damage_healed":0.0,"max_hp_gain":0.0,"max_hp_loss":0.0,"gold_gain":75.0,"event_name":"World of Goop","player_choice":"Gather Gold","floor":5.0,"gold_loss":0.0,"damage_taken":11.0},{"damage_healed":0.0,"max_hp_gain":0.0,"max_hp_loss":0.0,"gold_gain":0.0,"event_name":"Scrap Ooze","player_choice":"Fled","floor":14.0,"gold_loss":0.0,"damage_taken":0.0},{"damage_healed":0.0,"max_hp_gain":0.0,"max_hp_loss":0.0,"gold_gain":0.0,"event_name":"Back to Basics","player_choice":"Simplicity","floor":21.0,"gold_loss":0.0,"damage_taken":0.0,"cards_upgraded":["Strike_B","Strike_B","Defend_B","Defend_B","Defend_B","Defend_B"]},{"damage_healed":0.0,"max_hp_gain":0.0,"max_hp_loss":0.0,"gold_gain":0.0,"event_name":"N\u0027loth","player_choice":"Traded Relic","floor":27.0,"relics_lost":["Sozu"],"gold_loss":0.0,"damage_taken":0.0,"relics_obtained":["Nloth\u0027s Gift"]},{"damage_healed":0.0,"max_hp_gain":0.0,"max_hp_loss":0.0,"gold_gain":0.0,"event_name":"Mysterious Sphere","player_choice":"Fight","floor":36.0,"gold_loss":0.0,"damage_taken":0.0},{"damage_healed":0.0,"max_hp_gain":0.0,"max_hp_loss":0.0,"gold_gain":0.0,"event_name":"SensoryStone","player_choice":"Memory 1","floor":38.0,"gold_loss":0.0,"damage_taken":0.0}],"is_beta":false,"boss_relics":[{"not_picked":["Runic Dome","Astrolabe"],"picked":"Sozu"},{"not_picked":["SacredBark","Nuclear Battery"],"picked":"hubris:ScarierMask"}],"items_purged_floors":[19,37,48,53],"is_endless":false,"potions_floor_spawned":[6,10,12,16,24,29,31,36,41,47],"killed_by":"The Heart","ascension_level":16}}