{"host":"978e30ws7ao5zzzo","time":1611534244,"event":{"mods":["A Penny For Your Troubles","AchievementEnabler","AlwaysNeverKeys","Aspiration","Bard","BaseMod","Bestiary","Better Altar","Better Debug","Better Match","Better Note","Better Sensory Stone","Better Skull","Better Third Choice","Better Vampires","BetterRewards","Conspire","Curses Come First","Custom Start","Displayed Cursed Tome","Grow up Mod","Hermit","Hubris","Hunter ??","Infinite Spire","Ironclad Rager","Marisa????????","Minty Spire (QoL Compilation)","Permanent Neow","Quick Restart","Random Character Button","Relic Stats","Remove Card Discount Mod","Replay The Spire","Retaliation","Shade Mod","Spicy Shops","Spikes Relics","Spire Arcade","StS++","StSLib","The Bug Knight","The Cursed","The Disciple","The Florist","The Gatherer","The Hierophant","The Marked","The Necromancer","The Runesmith","The Servant 0.9.4","The Spell Scribe","TheBandit","TheSwordswoman","TheVacant","Transform Curses","Treasure Hunter","????"],"gold_per_floor":[115,128,128,98,109,109,138,138,138,208,208,251,274,292,292,420,420,439,439,452,452,472,503,521,521,521,521,541,565,599,624,104,116,116],"floor_reached":33,"language":"ENG","playtime":2802,"items_purged":[],"score":374,"play_id":"36e95eef-fed9-443c-be64-e5fd493609e4","local_time":"20210124162404","is_ascension_mode":false,"campfire_choices":[{"data":"TheCursedMod:HellfireBreathing","floor":6.0,"key":"SMITH"},{"data":"TheCursedMod:SurpriseAttack","floor":15.0,"key":"SMITH"},{"data":"TH:DeckOfManyThings","floor":25.0,"key":"SMITH"},{"data":"TheCursedMod:CursedWand","floor":27.0,"key":"SMITH"}],"circlet_count":1,"master_deck":["TheCursedMod:Strike_TheCursed","TheCursedMod:Strike_TheCursed","TheCursedMod:Strike_TheCursed","TheCursedMod:Strike_TheCursed","TheCursedMod:Defend_TheCursed","TheCursedMod:Defend_TheCursed","TheCursedMod:Defend_TheCursed","TheCursedMod:Defend_TheCursed","TheCursedMod:CursedWand+1","TheCursedMod:CleanUpWorkshop","TheCursedMod:HellfireBreathing+1","TheCursedMod:CursedShiv","TheCursedMod:Wield","TheCursedMod:BlessingInDisguise","TH:ArmorSpikes","TheCursedMod:SmokeScreen","TH:PixieDust","TH:DeckOfManyThings+1","TH:ArmorSpikes","bard:HideousLaughter","TheCursedMod:SurpriseAttack+1","TH:BikiniMail","TheCursedMod:CircleOfAbyss","Gatherer:Snatch+1","Shade:Patience","Gatherer:Frenzy+1","TH:EnergyPotion","LockedMedicine","Rewind","TH:BikiniMail","TheCursedMod:AntiAging","TheCursedMod:Stretching+1","Replay:Undeath\u0027s Touch","TH:CursedSword","TheCursedMod:CircleOfBlood","TheCursedMod:RapidMovement","TheCursedMod:HellfireBreathing+1"],"relics":["Circlet","ReplayTheSpireMod:TigerMarble","Replay:Kaleidoscope","Bag of Marbles","Iron Hammer","Shuriken","PrismaticShard","RollingBoulder","Quantum Egg","Golden Idol","Mercury Hourglass","aspiration:MobileForge","WarpedTongs","Chameleon Ring","conspire:GiftBox","Molten Egg 2","Replay:Mystery Machine","MawBank","StSpp:Dice","DollysMirror","Letter Opener"],"acts_visited":["Exordium","TheCity"],"potions_floor_usage":[33,33],"damage_taken":[{"damage":0.0,"enemies":"Cultist","floor":1.0,"turns":3.0},{"damage":0.0,"enemies":"Jaw Worm","floor":2.0,"turns":2.0},{"damage":0.0,"enemies":"conspire:RoseBush","floor":5.0,"turns":2.0},{"damage":15.0,"enemies":"Replay:BlueRogue","floor":7.0,"turns":4.0},{"damage":29.0,"enemies":"HollowMod:MossKnight","floor":12.0,"turns":12.0},{"damage":9.0,"enemies":"conspire:2 RoseBushes","floor":13.0,"turns":4.0},{"damage":4.0,"enemies":"2 Fungi Beasts","floor":14.0,"turns":3.0},{"damage":34.0,"enemies":"The Guardian","floor":16.0,"turns":10.0},{"damage":31.0,"enemies":"conspire:FuzzyDice","floor":18.0,"turns":6.0},{"damage":1.0,"enemies":"Shell Parasite","floor":20.0,"turns":5.0},{"damage":8.0,"enemies":"Snake Plant","floor":22.0,"turns":5.0},{"damage":18.0,"enemies":"HollowMod:Nosk","floor":23.0,"turns":6.0},{"damage":24.0,"enemies":"Shelled Parasite and Fungi","floor":24.0,"turns":6.0},{"damage":0.0,"enemies":"Centurion and Healer","floor":28.0,"turns":2.0},{"damage":14.0,"enemies":"Snake Plant","floor":29.0,"turns":4.0},{"damage":23.0,"enemies":"conspire:SneckoGhost","floor":30.0,"turns":6.0},{"damage":3.0,"enemies":"3 Cultists","floor":31.0,"turns":6.0},{"damage":308,"enemies":"Collector","floor":33,"turns":18}],"seed_played":"-5750363834134432344","potions_obtained":[{"floor":2.0,"key":"Block Potion"},{"floor":4.0,"key":"AttackPotion"},{"floor":4.0,"key":"FairyPotion"},{"floor":12.0,"key":"Milkshake"},{"floor":18.0,"key":"Swift Potion"},{"floor":31.0,"key":"ColorlessPotion"}],"is_trial":false,"path_per_floor":["M","M","?","?","M","R","E","?","T","T","?","E","M","M","R","B",null,"M","?","M","?","M","E","M","R","T","R","M","M","E","M","R","B"],"character_chosen":"THE_CURSED","items_purchased":["TheCursedMod:HellfireBreathing","ReplayTheSpireMod:TigerMarble","Replay:Kaleidoscope","Bag of Marbles","Iron Hammer","Replay:Mystery Machine","MawBank","StSpp:Dice","DollysMirror"],"campfire_rested":0,"item_purchase_floors":[0,0,0,0,0,32,32,32,32],"current_hp_per_floor":[95,105,115,125,135,145,140,150,160,170,180,161,162,168,178,154,255,234,244,253,263,265,257,243,253,263,273,283,279,266,273,283,0,0],"gold":116,"neow_bonus":"","is_daily":false,"chose_seed":false,"campfire_upgraded":4,"win_rate":0.0,"timestamp":1611534244,"path_taken":["M","M","?","?","?","R","E","?","T","?","?","E","M","M","R","BOSS","M","?","?","?","M","E","M","R","T","R","M","M","E","M","R","BOSS"],"items_purchased_type":["Card","Relic","Relic","Relic","Relic","Relic","Relic","Relic","Relic"],"build_version":"2020-12-22","purchased_purges":0,"victory":false,"max_hp_per_floor":[95,105,115,125,135,145,155,165,175,185,195,205,215,225,235,245,255,265,275,285,295,305,315,325,335,345,355,365,375,385,395,405,405,405],"relic_stats":{"counters":[46,246],"Shuriken":[13],"Golden Idol":332,"Letter Opener":[5],"MawBank":12,"obtain_stats":[{"Golden Egg":13,"conspire:RoyalGoblet":34,"Hammer of Thor":0,"Blood Vial":53,"aspiration:MobileForge":17,"DollysMirror":32,"StSpp:TwinEgg":6,"Iron Hammer":0,"LugNut":54,"conspire:Dentures":28,"conspire:TreasureMap":20,"Dead Branch":38,"Replay:Kaleidoscope":0,"Letter Opener":33,"WarpedTongs":19,"infinitespire:EvilPickle":50,"OrangePellets":53,"StSpp:Dice":32,"vexMod:Cooldron":14,"conspire:GiftBox":37,"Anvil of the Gods":0,"Shuriken":7,"Molten Egg 2":30,"infinitespire:EmpoweringShard":26,"ReplayTheSpireMod:TigerMarble":53,"TH:Anvil":38,"Shade:YorickSkull":0,"Juzu Bracelet":32,"hubris:EmptyBottle":53,"Replay:Mystery Machine":32,"PrismaticShard":8,"BranchBurnRelic":40,"hubris:Icosahedron":44,"Chameleon Ring":23,"Pantograph":43,"Gambling Chip":53,"RollingBoulder":9,"BicycleWheel":9,"Lee\u0027s Waffle":5,"BargainBundle":14,"Golden Idol":7,"infinitespire:CursedDice":23,"Quantum Egg":10,"Circlet":0,"Replay:WaspNest":53,"aspiration:SecretTechniqueScroll":17,"Seething Fire":0,"hubris:Towel":4,"MawBank":32,"Mercury Hourglass":12,"Bag of Marbles":0,"hubris:NiceRug":53},{"Golden Egg":7,"conspire:RoyalGoblet":18,"Hammer of Thor":28,"Blood Vial":26,"aspiration:MobileForge":36,"DollysMirror":45,"StSpp:TwinEgg":3,"Iron Hammer":28,"LugNut":27,"conspire:Dentures":15,"conspire:TreasureMap":10,"Dead Branch":20,"Replay:Kaleidoscope":28,"Letter Opener":46,"WarpedTongs":37,"infinitespire:EvilPickle":25,"OrangePellets":26,"StSpp:Dice":45,"vexMod:Cooldron":7,"conspire:GiftBox":20,"Anvil of the Gods":28,"Shuriken":32,"Molten Egg 2":44,"infinitespire:EmpoweringShard":14,"ReplayTheSpireMod:TigerMarble":26,"TH:Anvil":20,"Shade:YorickSkull":0,"Juzu Bracelet":17,"hubris:EmptyBottle":26,"Replay:Mystery Machine":45,"PrismaticShard":32,"BranchBurnRelic":21,"hubris:Icosahedron":22,"Chameleon Ring":40,"Pantograph":22,"Gambling Chip":26,"RollingBoulder":32,"BicycleWheel":4,"Lee\u0027s Waffle":2,"BargainBundle":7,"Golden Idol":3,"infinitespire:CursedDice":13,"Quantum Egg":32,"Circlet":0,"Replay:WaspNest":26,"aspiration:SecretTechniqueScroll":8,"Seething Fire":28,"hubris:Towel":2,"MawBank":45,"Mercury Hourglass":33,"Bag of Marbles":28,"hubris:NiceRug":26},{"Golden Egg":30,"conspire:RoyalGoblet":92,"Hammer of Thor":143,"Blood Vial":125,"aspiration:MobileForge":183,"DollysMirror":228,"StSpp:TwinEgg":16,"Iron Hammer":143,"LugNut":137,"conspire:Dentures":68,"conspire:TreasureMap":51,"Dead Branch":98,"Replay:Kaleidoscope":143,"Letter Opener":229,"WarpedTongs":189,"infinitespire:EvilPickle":116,"OrangePellets":125,"StSpp:Dice":228,"vexMod:Cooldron":30,"conspire:GiftBox":98,"Anvil of the Gods":143,"Shuriken":154,"Molten Egg 2":222,"infinitespire:EmpoweringShard":64,"ReplayTheSpireMod:TigerMarble":125,"TH:Anvil":98,"Shade:YorickSkull":0,"Juzu Bracelet":82,"hubris:EmptyBottle":125,"Replay:Mystery Machine":228,"PrismaticShard":154,"BranchBurnRelic":101,"hubris:Icosahedron":106,"Chameleon Ring":205,"Pantograph":106,"Gambling Chip":125,"RollingBoulder":154,"BicycleWheel":18,"Lee\u0027s Waffle":5,"BargainBundle":30,"Golden Idol":16,"infinitespire:CursedDice":63,"Quantum Egg":154,"Circlet":0,"Replay:WaspNest":125,"aspiration:SecretTechniqueScroll":41,"Seething Fire":143,"hubris:Towel":5,"MawBank":228,"Mercury Hourglass":166,"Bag of Marbles":143,"hubris:NiceRug":125}],"Mercury Hourglass":[288],"WarpedTongs":[48]},"card_choices":[{"not_picked":["TheCursedMod:DoubleShield","TheCursedMod:CursedArmor"],"picked":"TheCursedMod:CursedShiv","floor":1.0},{"not_picked":["TheCursedMod:Stretching","TheCursedMod:AshesToAshes"],"picked":"TheCursedMod:Wield","floor":2.0},{"not_picked":["TheCursedMod:CursedMace","TheCursedMod:CircleOfBlood"],"picked":"TheCursedMod:BlessingInDisguise","floor":5.0},{"not_picked":["TH:PixieDust"],"picked":"TH:ArmorSpikes","floor":7.0},{"not_picked":["TheCursedMod:ReleasedKnowledge","TheCursedMod:BloodBarrier"],"picked":"TheCursedMod:SmokeScreen","floor":7.0},{"not_picked":["TH:EnergyPotion"],"picked":"TH:PixieDust","floor":9.0},{"not_picked":["TH:CopperCoins"],"picked":"TH:DeckOfManyThings","floor":10.0},{"not_picked":["TH:PixieDust"],"picked":"TH:ArmorSpikes","floor":12.0},{"not_picked":["Runesmith:CreatorForm","GearUp","Shade:OneIsEnough"],"picked":"SKIP","floor":12.0},{"not_picked":["ExoVibe","hermit:Snipe"],"picked":"bard:HideousLaughter","floor":13.0},{"not_picked":["TheCursedMod:ReleasedKnowledge","hermit:WideOpen"],"picked":"TheCursedMod:SurpriseAttack","floor":14.0},{"not_picked":["TH:TreasureMap"],"picked":"TH:BikiniMail","floor":16.0},{"not_picked":["Exhume","bard:Haste"],"picked":"TheCursedMod:CircleOfAbyss","floor":16.0},{"not_picked":["Shade:RavenousHorde","theVacant:Throttle"],"picked":"Gatherer:Snatch+1","floor":18.0},{"not_picked":["Ball Lightning","Death_March_Dance"],"picked":"Shade:Patience","floor":20.0},{"not_picked":["Cleave","Blood for Blood"],"picked":"Gatherer:Frenzy+1","floor":22.0},{"not_picked":["TH:TreasureMap"],"picked":"TH:EnergyPotion","floor":23.0},{"not_picked":["theVacant:Spinshield+1","Agrypnos:Rot+1"],"picked":"LockedMedicine","floor":23.0},{"not_picked":["Bone_Shift","theVacant:SpiritOrb"],"picked":"Rewind","floor":24.0},{"not_picked":["TH:TreasureMap"],"picked":"TH:BikiniMail","floor":26.0},{"not_picked":["TheCursedMod:DarkBarrier","TheCursedMod:DemonSword"],"picked":"TheCursedMod:AntiAging","floor":26.0},{"not_picked":["Vampiric_Strike","GremlinTsunderePetCall"],"picked":"TheCursedMod:Stretching+1","floor":28.0},{"not_picked":["theScribe:LightningBolt","theMarked:Static"],"picked":"Replay:Undeath\u0027s Touch","floor":29.0},{"not_picked":["TH:EnergyPotion"],"picked":"TH:CursedSword","floor":30.0},{"not_picked":["Misdirection","hierophant:FlamingChariot+1"],"picked":"TheCursedMod:CircleOfBlood","floor":30.0},{"not_picked":["Potential+1","wariomod:TheGrandJourney"],"picked":"TheCursedMod:RapidMovement","floor":31.0}],"player_experience":372963,"relics_obtained":[{"floor":7.0,"key":"Shuriken"},{"floor":9.0,"key":"RollingBoulder"},{"floor":10.0,"key":"Quantum Egg"},{"floor":12.0,"key":"Mercury Hourglass"},{"floor":23.0,"key":"Chameleon Ring"},{"floor":26.0,"key":"conspire:GiftBox"},{"floor":30.0,"key":"Molten Egg 2"}],"event_choices":[{"damage_healed":0.0,"max_hp_gain":0.0,"max_hp_loss":0.0,"gold_gain":0.0,"event_name":"conspire:LoneGhost","player_choice":"Disagree","floor":3.0,"gold_loss":0.0,"damage_taken":0.0},{"damage_healed":0.0,"max_hp_gain":0.0,"max_hp_loss":0.0,"gold_gain":0.0,"event_name":"The Woman in Blue","player_choice":"Bought 2 Potions","floor":4.0,"gold_loss":0.0,"damage_taken":0.0},{"damage_healed":0.0,"max_hp_gain":0.0,"max_hp_loss":0.0,"gold_gain":0.0,"event_name":"Golden Idol","player_choice":"Take Wound","floor":11.0,"gold_loss":0.0,"damage_taken":0.0,"relics_obtained":["Golden Idol"],"cards_obtained":["Injury"]},{"damage_healed":0.0,"max_hp_gain":0.0,"max_hp_loss":0.0,"gold_gain":0.0,"event_name":"Accursed Blacksmith","player_choice":"Rummage","floor":19.0,"gold_loss":0.0,"damage_taken":0.0,"relics_obtained":["WarpedTongs"],"cards_obtained":["Pain"]},{"cards_removed":["Pain","Injury","Normality","TheCursedMod:Dregs"],"damage_healed":0.0,"max_hp_gain":0.0,"max_hp_loss":0.0,"gold_gain":0.0,"event_name":"Fountain of Cleansing","player_choice":"Removed Curses","floor":21.0,"gold_loss":0.0,"damage_taken":0.0}],"is_beta":false,"boss_relics":[{"not_picked":["Abe\u0027s Treasure","aspiration:RandomNobGenerator"],"picked":"aspiration:MobileForge"}],"items_purged_floors":[],"is_endless":false,"potions_floor_spawned":[2,12,14,18,23,28,31],"killed_by":"Collector","ascension_level":0}}