{"host":"a5v7x5tmlr5iccdt","time":1611551221,"event":{"mods":["100% Spire Juice","Act Like it!","Arknights The Spire","Aspiration","BaseMod","BetterRewards","Colored Map","Colored Powertips","Downfall","Energized Spire","Gensokyo","Hallownest","Highlight Path","Marisa£®ÏF”Í°°ƒß¿Ì…≥£©","Mimic Mod","Minty Spire (QoL Compilation)","Quick Restart","Reimu£®≤©¿ˆ¡È√Œ£©","Remilia£®¿Ÿ√◊¿Ú—«£©","Replay The Spire","StSLib","The Bug Knight","Youmu£®ªÍ∆«—˝√Œ£©"],"gold_per_floor":[113,43,59,59,59,93,106,31,31,50,82,101,101,120,120,216,216,236,236,236,251,251,251,281,298,325,341,361,374,408,363,363,466,466,484,18,36,93,93,118,118,132,157,157,157,0,0,0,0,0],"floor_reached":51,"language":"ZHS","playtime":3049,"items_purged":["Pain"],"score":825,"play_id":"6588108d-1cf9-414a-baee-704b31dd5361","local_time":"20210125130701","is_ascension_mode":false,"campfire_choices":[{"data":"LovePray:ReiMu","floor":15,"key":"SMITH"},{"data":"YinYangSange:ReiMu","floor":23,"key":"SMITH"},{"data":"KyokaiOfKami:ReiMu","floor":32,"key":"SMITH"},{"data":"NineCharacters:ReiMu","floor":41,"key":"SMITH"},{"data":"KamiRite:ReiMu","floor":44,"key":"SMITH"},{"data":"CleanRite:ReiMu","floor":49,"key":"SMITH"}],"circlet_count":0,"master_deck":["Strike_Lin:ReiMu+1","Strike_Lin:ReiMu+1","NB:ReiMu","Stagnation:ReiMu","SubAcupoint:ReiMu","Amulet:ReiMu","Blade Dance","Adrenaline","Survivor","YinYangSange:ReiMu+1","SafetyPray:ReiMu","AirStrike:ReiMu","AirStrike:ReiMu","CleanRite:ReiMu+1","LovePray:ReiMu+1","PrayRite:ReiMu","SpringWay:ReiMu+1","Mountainwind:ReiMu+1","Glass Knife","Predator","Deflect","KamiSacrifice:ReiMu","CareerPray:ReiMu","PrepareRite:ReiMu+1","KyokaiOfKami:ReiMu+1","NineCharacters:ReiMu+1","KamiRite:ReiMu+1","DoubleButterfly:ReiMu+1","Midas Touch","RainPray2:ReiMu+1","ShadowOfCrow2:ReiMu","SpringWay:ReiMu+1"],"relics":["FlyPower:ReiMu","NeowsBlessing","Replay:Towering Pillar of Hats","ReplayTheSpireMod:CursedCoin","Whetstone","Mirror","Pocketwatch","Hallownest:DreamNailRelic","Coffee Dripper","Kunai","Red Mask","Pear","Bronze Scales","Toy Ornithopter","CrownOfHeavens:ReiMu","Membership Card","ReplayTheSpireMod:TigerMarble","StoneCalendar","CaptainsWheel","Hallownest:BeastSealRelic","Durian","Shuriken","Hallownest:StagBellStandRelic"],"acts_visited":["Hallownest:Greenpath","Hallownest:CityofTears","Hallownest:KingdomsEdge"],"potions_floor_usage":[24,24,33,33,50],"damage_taken":[{"damage":0,"enemies":"Hallownest:monsterHuskGuard","floor":1,"turns":1},{"damage":0,"enemies":"Hallownest:monsterHuskWarrior","floor":3,"turns":1},{"damage":0,"enemies":"Hallownest:eliteVengeflyKing","floor":6,"turns":1},{"damage":0,"enemies":"2_ Uuma","floor":7,"turns":6},{"damage":1,"enemies":"Hallownest:Guard_and_Warrior","floor":10,"turns":6},{"damage":0,"enemies":"Hallownest:eliteMossKnight","floor":11,"turns":9},{"damage":1,"enemies":"Hallownest:2_Tiktiks_1_Baldur_1_Crawlid","floor":12,"turns":5},{"damage":0,"enemies":"Hallownest:monsterFoolEater","floor":14,"turns":4},{"damage":7,"enemies":"Hallownest:BossHornet","floor":16,"turns":11},{"damage":0,"enemies":"Hallownest:2_Mistakes","floor":18,"turns":9},{"damage":17,"enemies":"Hallownest:Guard_and_Sentry","floor":21,"turns":4},{"damage":1,"enemies":"Hallownest:eliteWatcherKnight","floor":24,"turns":8},{"damage":1,"enemies":"Hallownest:2_Flukemon","floor":25,"turns":8},{"damage":31,"enemies":"Hallownest:Master_and_Novice","floor":27,"turns":4},{"damage":14,"enemies":"Hallownest:3_Mistakes","floor":28,"turns":7},{"damage":0,"enemies":"Hallownest:2_Flukemon","floor":29,"turns":5},{"damage":0,"enemies":"Hallownest:eliteSoulWarrior","floor":30,"turns":6},{"damage":2,"enemies":"Hallownest:BossSoulMaster","floor":33,"turns":9},{"damage":0,"enemies":"Hallownest:3_Siblings","floor":35,"turns":6},{"damage":4,"enemies":"Hallownest:Shield_Heavy","floor":37,"turns":4},{"damage":23,"enemies":"Hallownest:2_Primals","floor":38,"turns":4},{"damage":3,"enemies":"Hallownest:StalkingDevout","floor":40,"turns":4},{"damage":4,"enemies":"Hallownest:Slobbering_and_Violent","floor":42,"turns":5},{"damage":39,"enemies":"Hallownest:BossHollowKnight","floor":50,"turns":7}],"seed_played":"-3151914692138999472","potions_obtained":[{"floor":1,"key":"Explosive Potion"},{"floor":6,"key":"FearPotion"},{"floor":11,"key":"ZuzhouPotion:ReiMu"},{"floor":12,"key":"BottledKami:ReiMu"},{"floor":16,"key":"Fire Potion"},{"floor":25,"key":"PowerPotion"},{"floor":27,"key":"bronze:BurnAndBuffPotion"},{"floor":38,"key":"Fire Potion"},{"floor":40,"key":"GamblersBrew"}],"is_trial":false,"path_per_floor":["M","?","M","$","?","E","M","$","T","M","E","M","?","M","R","B",null,"M","T","?","M","?","R","E","M","T","M","M","M","E","?","R","B",null,"M","$","M","?","?","E","R","M","T","R","T","?","$","?","R","B",null],"character_chosen":"REIMU","items_purchased":["ReplayTheSpireMod:CursedCoin","Whetstone","Membership Card","ReplayTheSpireMod:TigerMarble","StoneCalendar","Midas Touch"],"campfire_rested":0,"item_purchase_floors":[8,8,36,36,36,36],"current_hp_per_floor":[65,65,65,65,65,65,65,65,65,64,64,63,63,63,63,56,65,65,65,65,48,48,48,57,56,56,25,11,11,11,11,11,19,75,75,75,71,48,48,50,50,46,46,46,46,46,46,54,54,20],"gold":0,"neow_bonus":"THREE_ENEMY_KILL","is_daily":false,"chose_seed":false,"campfire_upgraded":6,"win_rate":0.0,"timestamp":1611551221,"path_taken":["M","?","M","$","?","E","?","?","T","?","E","M","?","M","R","BOSS","M","?","?","M","?","R","E","M","T","M","?","?","E","?","R","BOSS","M","$","M","?","?","E","R","M","T","R","?","?","$","?","R","BOSS"],"items_purchased_type":["Relic","Relic","Relic","Relic","Relic","Card"],"build_version":"2020-12-22","purchased_purges":1,"victory":true,"max_hp_per_floor":[65,65,65,65,65,65,65,65,65,65,65,65,65,65,65,65,65,65,65,65,65,65,65,75,75,75,75,75,75,75,75,75,75,75,75,75,75,75,75,80,80,80,80,80,80,80,80,80,80,80],"card_choices":[{"not_picked":["AirStrike:ReiMu","InherentArray:ReiMu"],"picked":"SubAcupoint:ReiMu","floor":1},{"not_picked":["ForcedLanding:ReiMu","UpKicking:ReiMu"],"picked":"Amulet:ReiMu","floor":3},{"not_picked":["Meditation:ReiMu","OrbThrow:ReiMu"],"picked":"YinYangSange:ReiMu","floor":6},{"not_picked":["Free:ReiMu","PrepareRite:ReiMu"],"picked":"SafetyPray:ReiMu","floor":7},{"not_picked":["FineLineFantasy:ReiMu","Conquer:ReiMu"],"picked":"AirStrike:ReiMu","floor":10},{"not_picked":["Meditation:ReiMu","FineLineFantasy:ReiMu"],"picked":"AirStrike:ReiMu","floor":11},{"not_picked":["SafetyPray:ReiMu","CareerPray:ReiMu"],"picked":"CleanRite:ReiMu","floor":12},{"not_picked":["PassingAway:ReiMu","Meditation:ReiMu"],"picked":"LovePray:ReiMu","floor":14},{"not_picked":["YinYang:ReiMu","HakureiPhantom:ReiMu"],"picked":"PrayRite:ReiMu","floor":16},{"not_picked":["SubAcupoint:ReiMu","Amulet:ReiMu"],"picked":"SpringWay:ReiMu+1","floor":18},{"not_picked":["SafetyPray:ReiMu+1","LovePray:ReiMu"],"picked":"Mountainwind:ReiMu+1","floor":21},{"not_picked":["SpreadBorder2:ReiMu","Enchanting:ReiMu"],"picked":"KamiSacrifice:ReiMu","floor":24},{"not_picked":["TakeOff:ReiMu","KamiSacrifice:ReiMu"],"picked":"CareerPray:ReiMu","floor":25},{"not_picked":["SubAcupoint:ReiMu","AirManeuver:ReiMu"],"picked":"PrepareRite:ReiMu+1","floor":27},{"not_picked":["AlertArray:ReiMu","SubAcupoint:ReiMu"],"picked":"KyokaiOfKami:ReiMu","floor":28},{"not_picked":["AlertArray:ReiMu","PayForSelf:ReiMu"],"picked":"NineCharacters:ReiMu","floor":29},{"not_picked":["FoulBorder2:ReiMu","SpiritualOutbreak2:ReiMu+1","SubcavityInstant:ReiMu"],"picked":"SKIP","floor":30},{"not_picked":["Free:ReiMu","Authority:ReiMu"],"picked":"KamiRite:ReiMu","floor":33},{"not_picked":["OrbThrow:ReiMu","LearningPray:ReiMu"],"picked":"DoubleButterfly:ReiMu+1","floor":35},{"not_picked":["PrepareRite:ReiMu+1","EmergencyTakeOff:ReiMu+1"],"picked":"RainPray2:ReiMu+1","floor":37},{"not_picked":["Amulet:ReiMu+1","Conquer:ReiMu+1"],"picked":"ShadowOfCrow2:ReiMu","floor":38},{"not_picked":["SpreadBorder2:ReiMu+1","Intuition:ReiMu+1","AirStrike:ReiMu+1"],"picked":"SKIP","floor":40},{"not_picked":["AlertArray:ReiMu","CareerPray:ReiMu"],"picked":"SpringWay:ReiMu+1","floor":42}],"player_experience":88208,"relics_obtained":[{"floor":6,"key":"Replay:Towering Pillar of Hats"},{"floor":9,"key":"Mirror"},{"floor":11,"key":"Pocketwatch"},{"floor":19,"key":"Kunai"},{"floor":24,"key":"Pear"},{"floor":26,"key":"Bronze Scales"},{"floor":30,"key":"Toy Ornithopter"},{"floor":38,"key":"CaptainsWheel"},{"floor":40,"key":"Durian"},{"floor":45,"key":"Shuriken"}],"event_choices":[],"is_beta":false,"boss_relics":[{"not_picked":["SlaversCollar","SacredBark"],"picked":"Coffee Dripper"},{"not_picked":["Fusion Hammer","Pandora\u0027s Box"],"picked":"CrownOfHeavens:ReiMu"}],"items_purged_floors":[8],"is_endless":false,"potions_floor_spawned":[1,6,11,12,16,25,27,30,38,40],"ascension_level":0}}