{"host":"vc42n08di9czm3e7","time":1611542259,"event":{"mods":["AchievementEnabler","Act Like it!","BaseMod","Colored Powertips","Downfall","Friendly Minions","GifTheSpireLib","Minty Spire (QoL Compilation)","Rare Cards Sparkle","StSLib"],"gold_per_floor":[99,99,99,99,111,11,11,11,23,37,48,48,77,77,91,91,91,91],"floor_reached":16,"language":"ENG","playtime":480,"items_purged":[],"score":100,"play_id":"22e3028e-c2fa-4cec-afb2-cd93a0fa1693","local_time":"20210124213739","is_ascension_mode":false,"campfire_choices":[{"floor":1,"key":"RECALL"},{"data":"bronze:Turbo","floor":6,"key":"SMITH"},{"data":"bronze:Goto","floor":8,"key":"SMITH"}],"circlet_count":0,"master_deck":["bronze:Strike","bronze:Strike","bronze:Strike","bronze:Defend","bronze:Defend","bronze:Defend","bronze:Defend","bronze:Replicate","bronze:Goto+1","bronze:Iterate","bronze:DelayedGuard","bronze:Turbo+1","bronze:Fortify","bronze:Verify","bronze:Constructor+1","bronze:Return+1"],"relics":["bronze:BronzeCore","downfall:HeartsMalice","downfall:HeartBlessingRed","Pear","Happy Flower","Toxic Egg 2"],"acts_visited":["Exordium"],"potions_floor_usage":[13],"damage_taken":[{"damage":0,"enemies":"2 Louse","floor":2,"turns":1},{"damage":0,"enemies":"Small Slimes","floor":3,"turns":1},{"damage":0,"enemies":"Jaw Worm","floor":4,"turns":1},{"damage":3,"enemies":"Exordium Wildlife","floor":5,"turns":5},{"damage":12,"enemies":"Exordium Thugs","floor":9,"turns":4},{"damage":19,"enemies":"Blue Slaver","floor":10,"turns":3},{"damage":6,"enemies":"2 Fungi Beasts","floor":11,"turns":4},{"damage":4,"enemies":"Lagavulin","floor":13,"turns":5},{"damage":6,"enemies":"3 Louse","floor":15,"turns":3},{"damage":15,"enemies":"IC_STATUS_ARCHETYPE","floor":16,"turns":4}],"seed_played":"1137934632493390843","potions_obtained":[{"floor":9,"key":"BlessingOfTheForge"},{"floor":10,"key":"bronze:BurnAndBuffPotion"},{"floor":11,"key":"Explosive Potion"},{"floor":13,"key":"Swift Potion"}],"is_trial":false,"path_per_floor":["R","M","M","M","M","R","T","R","M","M","M","?","E","?","M","B"],"character_chosen":"THE_AUTOMATON","items_purchased":[],"campfire_rested":0,"item_purchase_floors":[],"current_hp_per_floor":[70,70,70,70,67,67,77,77,65,46,40,22,18,18,12,0,0,0],"gold":91,"neow_bonus":"THREE_ENEMY_KILL","is_daily":false,"chose_seed":false,"campfire_upgraded":2,"win_rate":0.0,"timestamp":1611542259,"path_taken":["R","M","M","M","M","R","T","R","M","M","M","?","E","?","M","BOSS"],"items_purchased_type":[],"build_version":"2020-12-22","purchased_purges":0,"victory":false,"max_hp_per_floor":[70,70,70,70,70,70,80,80,80,80,80,80,80,80,80,80,80,80],"card_choices":[{"not_picked":["bronze:FollowUp","bronze:WhirlingStrike"],"picked":"bronze:Iterate","floor":2},{"not_picked":["bronze:Invalidate","bronze:GetLatest","bronze:DigitalCarnage"],"picked":"SKIP","floor":3},{"not_picked":["bronze:Allocate","bronze:WildBeam"],"picked":"bronze:DelayedGuard","floor":4},{"not_picked":["bronze:CutThrough","bronze:WildBeam"],"picked":"bronze:Turbo","floor":5},{"not_picked":["bronze:Allocate","bronze:MaxOutput"],"picked":"bronze:Fortify","floor":9},{"not_picked":["bronze:ItsAFeature","bronze:Turbo"],"picked":"bronze:Verify","floor":10},{"not_picked":["bronze:MaxOutput","bronze:Branch","bronze:GetLatest"],"picked":"SKIP","floor":11},{"not_picked":["bronze:Safeguard+1","bronze:Philosophize+1"],"picked":"bronze:Constructor+1","floor":13},{"not_picked":["bronze:WildBeam","bronze:DelayedSlice"],"picked":"bronze:Return+1","floor":15}],"player_experience":308525,"relics_obtained":[{"floor":7,"key":"Pear"},{"floor":13,"key":"Toxic Egg 2"}],"event_choices":[{"damage_healed":0,"gold_gain":0,"player_choice":"Success","damage_taken":18,"relics_obtained":["Happy Flower"],"max_hp_gain":0,"max_hp_loss":0,"event_name":"Scrap Ooze","floor":12,"gold_loss":0},{"cards_removed":["bronze:Strike"],"damage_healed":0,"gold_gain":0,"player_choice":"Card Removal","damage_taken":0,"max_hp_gain":0,"max_hp_loss":0,"event_name":"The Cleric","floor":14,"gold_loss":0}],"is_beta":false,"boss_relics":[],"items_purged_floors":[],"is_endless":false,"potions_floor_spawned":[9,10,11,13,15],"killed_by":"IC_STATUS_ARCHETYPE","ascension_level":0}}