{"host":"7sni158j623xchr2","time":1611549254,"event":{"mods":["BaseMod","Colored Map","Highlight Path","Minty Spire (QoL Compilation)","Permanent Neow","Potion Indicator Mod","Rare Cards Sparkle","Relic Sorter","Relic Stats","StSLib","everything is the same but u backflip on backflip"],"gold_per_floor":[216,234,234,79,154,154,171,171,196,225,240,274,129,148,148,248,248,268,123,123,123,222,222,233,259,259,291,291,14,40,54,54,158,158,178,178,178,197,212,212,243,243,269,269,299,299,333,358,370,382,394,406,29,60,60,60],"floor_reached":55,"language":"ENG","playtime":1671,"items_purged":["Strike_G","Strike_G","Terror","Strike_G+1"],"score":859,"play_id":"90454c75-4cc8-4311-8fcf-7deb3b917a3d","local_time":"20210124223414","is_ascension_mode":true,"campfire_choices":[{"data":"Terror","floor":6,"key":"SMITH"},{"data":"Dagger Spray","floor":8,"key":"SMITH"},{"data":"Quick Slash","floor":15,"key":"SMITH"},{"data":"Glass Knife","floor":23,"key":"SMITH"},{"data":"Neutralize","floor":32,"key":"SMITH"},{"data":"Corpse Explosion","floor":40,"key":"SMITH"},{"floor":46,"key":"REST"},{"floor":49,"key":"RECALL"},{"data":"Malaise","floor":52,"key":"SMITH"}],"circlet_count":0,"master_deck":["Defend_G+1","Defend_G+1","Defend_G+1","Defend_G+1","Survivor","Neutralize+1","Deadly Poison","Backstab","Dagger Spray+1","Terror+1","Footwork","Bane","Well Laid Plans","Poisoned Stab","Quick Slash+1","Glass Knife+1","Blur","Calculated Gamble","Glass Knife+1","Corpse Explosion+1","Phantasmal Killer+1","Dash+1","PiercingWail+1","Malaise+1","Footwork","Backflip"],"relics":["Ring of the Snake","Ancient Tea Set","Art of War","Juzu Bracelet","Sozu","Bag of Preparation","Sundial","Dead Branch","HornCleat","DollysMirror","Paper Crane","SlaversCollar","Pantograph","Centennial Puzzle","MawBank","Bag of Marbles","Bottled Flame"],"acts_visited":["Exordium","TheCity","TheBeyond","TheEnding"],"potions_floor_usage":[27,45,55],"damage_taken":[{"damage":2,"enemies":"Small Slimes","floor":1,"turns":4},{"damage":0,"enemies":"Cultist","floor":2,"turns":4},{"damage":1,"enemies":"2 Louse","floor":7,"turns":2},{"damage":19,"enemies":"Gremlin Nob","floor":10,"turns":4},{"damage":0,"enemies":"Looter","floor":11,"turns":3},{"damage":7,"enemies":"3 Sentries","floor":12,"turns":7},{"damage":3,"enemies":"Large Slime","floor":14,"turns":5},{"damage":13,"enemies":"Slime Boss","floor":16,"turns":8},{"damage":7,"enemies":"Shell Parasite","floor":18,"turns":4},{"damage":0,"enemies":"2 Thieves","floor":24,"turns":3},{"damage":20,"enemies":"Book of Stabbing","floor":25,"turns":4},{"damage":8,"enemies":"Slavers","floor":27,"turns":4},{"damage":10,"enemies":"Gremlin Leader","floor":30,"turns":3},{"damage":4,"enemies":"Snake Plant","floor":31,"turns":3},{"damage":9,"enemies":"Collector","floor":33,"turns":8},{"damage":0,"enemies":"3 Darklings","floor":35,"turns":3},{"damage":0,"enemies":"Orb Walker","floor":38,"turns":2},{"damage":35,"enemies":"Writhing Mass","floor":39,"turns":6},{"damage":26,"enemies":"Giant Head","floor":41,"turns":7},{"damage":9,"enemies":"Nemesis","floor":45,"turns":9},{"damage":21,"enemies":"Reptomancer","floor":47,"turns":4},{"damage":0,"enemies":"Spire Growth","floor":48,"turns":4},{"damage":13,"enemies":"Awakened One","floor":50,"turns":14},{"damage":24,"enemies":"Shield and Spear","floor":54,"turns":4},{"damage":73,"enemies":"The Heart","floor":55,"turns":9}],"seed_played":"5879408887773428152","potions_obtained":[{"floor":2,"key":"Dexterity Potion"},{"floor":14,"key":"Fruit Juice"},{"floor":16,"key":"Explosive Potion"}],"is_trial":false,"path_per_floor":["M","M","?","$","?","R","M","R","T","E","M","E","$","M","R","B",null,"M","$","?","?","?","R","M","E","T","E","?","$","E","M","R","B",null,"M","?","?","M","M","R","E","?","T","?","E","R","E","M","R","B",null,"R","$","E","B"],"character_chosen":"THE_SILENT","items_purchased":["Terror","Poisoned Stab","Bag of Preparation","DollysMirror","Bag of Marbles","Footwork","Backflip"],"campfire_rested":1,"item_purchase_floors":[4,13,19,29,53,53,53],"current_hp_per_floor":[68,68,68,68,57,57,56,56,56,37,37,30,30,27,27,14,70,63,63,63,63,63,63,63,43,43,35,35,35,25,21,21,12,70,70,66,66,66,31,31,5,5,5,5,1,22,1,1,1,13,71,71,71,47,0,0],"gold":60,"neow_bonus":"HUNDRED_GOLD","is_daily":false,"chose_seed":false,"campfire_upgraded":7,"win_rate":0.0,"timestamp":1611549254,"path_taken":["M","M","?","?","?","R","M","R","T","E","M","E","$","M","R","BOSS","M","$","?","?","?","R","M","E","T","E","?","$","E","M","R","BOSS","M","?","?","M","M","R","E","?","T","?","E","R","E","M","R","BOSS","R","$","E","BOSS"],"items_purchased_type":["Card","Card","Relic","Relic","Relic","Card","Card"],"build_version":"2020-12-22","purchased_purges":4,"victory":false,"max_hp_per_floor":[70,70,70,70,70,70,70,70,70,70,70,70,70,70,70,70,70,70,70,70,70,70,70,70,70,70,70,70,70,70,70,70,70,70,70,66,66,66,66,66,66,66,66,66,71,71,71,71,71,71,71,71,71,71,71,71],"relic_stats":{"Sozu":7,"Centennial Puzzle":[11],"counters":[25,128],"Sundial":[12],"Dead Branch":[65],"Pantograph":49,"Art of War":[4],"Juzu Bracelet":1,"Bag of Preparation":[32],"MawBank":72,"obtain_stats":[{"Dead Branch":26,"Juzu Bracelet":12,"Bag of Preparation":19,"Paper Crane":30,"Ancient Tea Set":9,"MawBank":47,"Sozu":17,"SlaversCollar":34,"Centennial Puzzle":45,"Bottled Flame":54,"HornCleat":27,"Sundial":25,"DollysMirror":29,"Pantograph":41,"Art of War":10,"Bag of Marbles":53,"Ring of the Snake":0},{"Dead Branch":11,"Juzu Bracelet":6,"Bag of Preparation":9,"Paper Crane":13,"Ancient Tea Set":3,"MawBank":21,"Sozu":8,"SlaversCollar":15,"Centennial Puzzle":20,"Bottled Flame":24,"HornCleat":12,"Sundial":11,"DollysMirror":12,"Pantograph":19,"Art of War":4,"Bag of Marbles":23,"Ring of the Snake":0},{"Dead Branch":48,"Juzu Bracelet":24,"Bag of Preparation":41,"Paper Crane":55,"Ancient Tea Set":10,"MawBank":97,"Sozu":37,"SlaversCollar":66,"Centennial Puzzle":93,"Bottled Flame":119,"HornCleat":52,"Sundial":48,"DollysMirror":52,"Pantograph":84,"Art of War":14,"Bag of Marbles":115,"Ring of the Snake":0}],"Ring of the Snake":[50]},"card_choices":[{"not_picked":["Dodge and Roll","Reflex"],"picked":"Deadly Poison","floor":1},{"not_picked":["Poisoned Stab","Backflip"],"picked":"Backstab","floor":2},{"not_picked":["Sucker Punch","Blade Dance"],"picked":"Footwork","floor":7},{"not_picked":["Envenom","Deadly Poison"],"picked":"Bane","floor":10},{"not_picked":["Cloak And Dagger","Storm of Steel","Bane"],"picked":"SKIP","floor":11},{"not_picked":["Deflect","Riddle With Holes"],"picked":"Well Laid Plans","floor":12},{"not_picked":["Backstab","Sucker Punch"],"picked":"Quick Slash","floor":14},{"not_picked":["Malaise","Burst"],"picked":"Glass Knife","floor":16},{"not_picked":["Prepared","Riddle With Holes+1"],"picked":"Blur","floor":18},{"not_picked":["Cloak And Dagger","Blur","Distraction"],"picked":"SKIP","floor":24},{"not_picked":["Blur","Riddle With Holes","Dagger Throw+1"],"picked":"SKIP","floor":25},{"not_picked":["Dagger Throw","Prepared","Blade Dance"],"picked":"SKIP","floor":27},{"not_picked":["Acrobatics+1","Crippling Poison"],"picked":"Corpse Explosion","floor":30},{"not_picked":["Dagger Throw","Heel Hook","Dodge and Roll"],"picked":"SKIP","floor":31},{"not_picked":["Doppelganger","After Image"],"picked":"Phantasmal Killer","floor":33},{"not_picked":["Concentrate+1","Dodge and Roll","Choke+1"],"picked":"SKIP","floor":35},{"not_picked":["Underhanded Strike","Dagger Throw+1"],"picked":"Dash+1","floor":38},{"not_picked":["Distraction+1","Flechettes+1"],"picked":"PiercingWail+1","floor":39},{"not_picked":["Dagger Spray","Distraction+1"],"picked":"Malaise","floor":41},{"not_picked":["Riddle With Holes+1","Predator","Bane"],"picked":"SKIP","floor":45},{"not_picked":["Finisher+1","Underhanded Strike+1","Slice+1"],"picked":"SKIP","floor":47},{"not_picked":["Poisoned Stab+1","Flechettes+1","Expertise+1"],"picked":"SKIP","floor":48},{"not_picked":["Flechettes","Slice+1","Dagger Throw+1"],"picked":"SKIP","floor":54}],"player_experience":1695055,"relics_obtained":[{"floor":9,"key":"Ancient Tea Set"},{"floor":10,"key":"Art of War"},{"floor":12,"key":"Juzu Bracelet"},{"floor":25,"key":"Sundial"},{"floor":26,"key":"Dead Branch"},{"floor":27,"key":"HornCleat"},{"floor":30,"key":"Paper Crane"},{"floor":41,"key":"Pantograph"},{"floor":45,"key":"Centennial Puzzle"},{"floor":47,"key":"MawBank"},{"floor":54,"key":"Bottled Flame"}],"event_choices":[{"damage_healed":0,"gold_gain":0,"cards_transformed":["Defend_G"],"player_choice":"Transformed","damage_taken":0,"max_hp_gain":0,"max_hp_loss":0,"event_name":"Transmorgrifier","floor":3,"gold_loss":0,"cards_obtained":["Dagger Spray"]},{"damage_healed":0,"gold_gain":75,"player_choice":"Gather Gold","damage_taken":11,"max_hp_gain":0,"max_hp_loss":0,"event_name":"World of Goop","floor":5,"gold_loss":0},{"damage_healed":0,"gold_gain":0,"player_choice":"Ignored","damage_taken":0,"max_hp_gain":0,"max_hp_loss":0,"event_name":"Vampires","floor":20,"gold_loss":0},{"damage_healed":0,"gold_gain":0,"cards_transformed":["Strike_G","Strike_G"],"player_choice":"Became Test Subject","damage_taken":0,"max_hp_gain":0,"max_hp_loss":0,"event_name":"Drug Dealer","floor":21,"gold_loss":0,"cards_obtained":["Calculated Gamble","Terror"]},{"damage_healed":0,"gold_gain":99,"player_choice":"Stole From Cult","damage_taken":0,"max_hp_gain":0,"max_hp_loss":0,"event_name":"Nest","floor":22,"gold_loss":0},{"damage_healed":0,"gold_gain":0,"player_choice":"Simplicity","damage_taken":0,"max_hp_gain":0,"max_hp_loss":0,"event_name":"Back to Basics","floor":28,"gold_loss":0,"cards_upgraded":["Strike_G","Defend_G","Defend_G","Defend_G","Defend_G"]},{"damage_healed":0,"gold_gain":0,"player_choice":"Max HP","damage_taken":0,"max_hp_gain":0,"max_hp_loss":4,"event_name":"Winding Halls","floor":36,"gold_loss":0},{"damage_healed":0,"gold_gain":0,"player_choice":"Ignored","damage_taken":0,"max_hp_gain":0,"max_hp_loss":0,"event_name":"Tomb of Lord Red Mask","floor":37,"gold_loss":0},{"damage_healed":0,"gold_gain":0,"player_choice":"Forge","damage_taken":0,"max_hp_gain":0,"max_hp_loss":0,"event_name":"Accursed Blacksmith","floor":42,"gold_loss":0,"cards_upgraded":["Phantasmal Killer"]},{"damage_healed":0,"gold_gain":0,"player_choice":"Ignored","damage_taken":0,"max_hp_gain":0,"max_hp_loss":0,"event_name":"SecretPortal","floor":44,"gold_loss":0}],"is_beta":false,"boss_relics":[{"not_picked":["Fusion Hammer","Black Star"],"picked":"Sozu"},{"not_picked":["Cursed Key","Velvet Choker"],"picked":"SlaversCollar"}],"items_purged_floors":[4,13,29,53],"is_endless":false,"potions_floor_spawned":[2,14,16,24,27,31,38,41,48,54],"killed_by":"The Heart","ascension_level":1}}