{"host":"ejvhags3x5xyajzc","time":1611559728,"event":{"mods":["Arknights The Spire","BaseMod","Defuse TimeMaze Blight","Gremlin Skip","Grow up Mod","Highlight Path","KinomotoSakuraMod(Ä¾Ö®±¾Ó£)","Lobotomy","LobotomyExtend","Minty Spire (QoL Compilation)","Shop Mod","StSLib"],"gold_per_floor":[118,135,155,167,187,206,226,240,240,259,259,269,301,317,317,412,412,425,460,476,493,493,521,303,335,335,352,363,363,383,398,398,502,502,520,537,759,775,789,789,789,789,789],"floor_reached":44,"language":"ZHS","playtime":5660,"items_purged":["ats:Defend Order"],"score":714,"play_id":"e57a75b5-3c45-4bd8-9fc6-d0326088b13f","local_time":"20210125152848","daily_mods":["Draft"],"is_ascension_mode":false,"campfire_choices":[{"data":"ats:Ambush","floor":11,"key":"SMITH"},{"data":"ats:Closed Bolt Burst Fire","floor":15,"key":"SMITH"},{"data":"ats:Serious Mode","floor":29,"key":"SMITH"},{"data":"ats:Closed Bolt Burst Fire","floor":32,"key":"SMITH"},{"data":"ats:Wolf Pack","floor":40,"key":"SMITH"}],"circlet_count":0,"master_deck":["ats:Consecutive Shot Auto","ats:Leaping Hammer","ats:Shell Defense","ats:Closed Bolt Burst Fire+1","ats:Hammer On","ats:Flexible Camouflage","ats:Leaping Hammer","ats:Very Hot Blade","ats:Curse Doll","ats:Serious Mode+1","ats:Burning Ground","ats:Neurotoxin","ats:Poison Spread","ats:Closed Bolt Burst Fire+1","ats:Explosion Area Strengthen","ats:Counter Healing Mode","ats:Apocalypse","ats:Flexible Camouflage","ats:Sashimi Platter","ats:Explosion Area Strengthen","ats:Ambush+1","ats:Poison Spread","ats:Sashimi Platter","ats:Hammer On","ats:Thorns","ats:Nebulous Foxfire","ats:Flexible Camouflage","ats:Healing Drone","ats:Cat Scratch+1","ats:Sunburst","ats:Poison Spread+1","ats:Ambush","ats:Healing Strengthening+1","ats:Song Of Battle","ats:Rat Pack","ats:Shell Defense+1","ats:Shadow Assault","ats:Flexible Camouflage","ats:Thermite Blade+1","ats:Wolf Pack+1"],"relics":["ats:Sanity","Ice Cream","ats:Originium","Coffee Dripper","Red Mask","Nilry\u0027s Codex","Dream Catcher","ats:Support","Oddly Smooth Stone","Mummified Hand","ats:Tactical Delivery"],"acts_visited":["Exordium","TheCity","TheBeyond"],"potions_floor_usage":[],"damage_taken":[{"damage":6,"enemies":"Cultist","floor":1,"turns":3},{"damage":9,"enemies":"Small Slimes","floor":2,"turns":2},{"damage":11,"enemies":"Jaw Worm","floor":3,"turns":2},{"damage":0,"enemies":"Large Slime","floor":4,"turns":4},{"damage":0,"enemies":"3 Louse","floor":5,"turns":2},{"damage":9,"enemies":"Red Slaver","floor":6,"turns":2},{"damage":12,"enemies":"Blue Slaver","floor":7,"turns":2},{"damage":13,"enemies":"Large Slime","floor":8,"turns":5},{"damage":0,"enemies":"Exordium Wildlife","floor":10,"turns":2},{"damage":20,"enemies":"Looter","floor":12,"turns":3},{"damage":18,"enemies":"3 Sentries","floor":13,"turns":5},{"damage":16,"enemies":"Gremlin Gang","floor":14,"turns":4},{"damage":35,"enemies":"Slime Boss","floor":16,"turns":9},{"damage":5,"enemies":"Chosen","floor":18,"turns":4},{"damage":16,"enemies":"Masked Bandits","floor":19,"turns":4},{"damage":7,"enemies":"Shell Parasite","floor":20,"turns":3},{"damage":15,"enemies":"3 Cultists","floor":21,"turns":5},{"damage":19,"enemies":"Book of Stabbing","floor":23,"turns":5},{"damage":15,"enemies":"Gremlin Leader","floor":25,"turns":4},{"damage":20,"enemies":"Chosen and Byrds","floor":27,"turns":5},{"damage":0,"enemies":"Centurion and Healer","floor":28,"turns":5},{"damage":6,"enemies":"Sentry and Sphere","floor":30,"turns":4},{"damage":0,"enemies":"Snake Plant","floor":31,"turns":4},{"damage":72,"enemies":"Automaton","floor":33,"turns":9},{"damage":11,"enemies":"Orb Walker","floor":35,"turns":3},{"damage":29,"enemies":"3 Shapes","floor":36,"turns":2},{"damage":6,"enemies":"Sphere and 2 Shapes","floor":38,"turns":3},{"damage":18,"enemies":"Maw","floor":39,"turns":7},{"damage":104,"enemies":"Donu and Deca","floor":42,"turns":12}],"seed_played":"-8855120911664049307","potions_obtained":[{"floor":4,"key":"SteroidPotion"},{"floor":5,"key":"Block Potion"},{"floor":7,"key":"Weak Potion"},{"floor":16,"key":"EssenceOfSteel"},{"floor":30,"key":"DuplicationPotion"}],"is_trial":true,"path_per_floor":["M","M","M","M","M","M","M","M","T","M","R","M","E","M","R","B",null,"M","?","M","M","?","E","$","E","T","M","M","R","M","M","R","B",null,"M","M","?","M","M","R","?","B",null,null],"character_chosen":"DOCTOR_CLASS","items_purchased":["ats:Support"],"campfire_rested":0,"item_purchase_floors":[24],"current_hp_per_floor":[86,87,86,106,116,126,137,141,151,161,171,161,164,177,187,187,252,262,267,278,292,286,289,299,294,304,308,341,351,371,392,402,353,422,430,417,427,431,462,472,482,486,496],"gold":789,"neow_bonus":"","is_daily":false,"chose_seed":false,"campfire_upgraded":5,"win_rate":0.0,"timestamp":1611559728,"path_taken":["M","M","M","M","M","M","?","M","T","M","R","M","E","M","R","BOSS","M","?","M","M","?","E","$","E","T","M","?","R","M","M","R","BOSS","M","M","?","M","M","R","?","BOSS"],"items_purchased_type":["Relic"],"build_version":"2020-12-22","purchased_purges":1,"victory":true,"max_hp_per_floor":[92,102,112,122,132,142,152,162,172,182,192,202,212,222,232,242,252,262,272,282,292,302,312,322,332,342,352,362,372,382,392,402,412,422,432,442,452,462,472,482,492,502,512],"card_choices":[{"not_picked":["ats:Absolute Focus","ats:Assault Order"],"picked":"ats:Consecutive Shot Auto","floor":0},{"not_picked":["ats:Flame Of Heaven","ats:Neurotoxin"],"picked":"ats:Leaping Hammer","floor":0},{"not_picked":["ats:Apocalypse","ats:Absolute Focus"],"picked":"ats:Shell Defense","floor":0},{"not_picked":["ats:Soul Absorption","ats:Guard Mode"],"picked":"ats:Closed Bolt Burst Fire","floor":0},{"not_picked":["ats:Closed Bolt Burst Fire","ats:Assault Order"],"picked":"ats:Hammer On","floor":0},{"not_picked":["ats:Charging Defense","ats:Absolute Focus"],"picked":"ats:Flexible Camouflage","floor":0},{"not_picked":["ats:Literary Storm","ats:Cat Scratch"],"picked":"ats:Leaping Hammer","floor":0},{"not_picked":["ats:Revitalization","ats:Assault Order"],"picked":"ats:Very Hot Blade","floor":0},{"not_picked":["ats:Guard Mode","ats:Absolute Focus"],"picked":"ats:Curse Doll","floor":0},{"not_picked":["ats:Demon Strength","ats:Beaten Up"],"picked":"ats:Serious Mode","floor":0},{"not_picked":["ats:Curse Doll","ats:Poison Spread"],"picked":"ats:Burning Ground","floor":0},{"not_picked":["ats:Cat Scratch","ats:Revitalization"],"picked":"ats:Neurotoxin","floor":0},{"not_picked":["ats:Powerful Strike","ats:Assault Order"],"picked":"ats:Poison Spread","floor":0},{"not_picked":["ats:Blood Oath","ats:Absolute Focus"],"picked":"ats:Closed Bolt Burst Fire","floor":0},{"not_picked":["ats:Powerful Strike","ats:Red Shift"],"picked":"ats:Explosion Area Strengthen","floor":0},{"not_picked":["ats:Shell Defense","ats:Cat Scratch"],"picked":"ats:Counter Healing Mode","floor":1},{"not_picked":["ats:Explosion Area Strengthen","ats:Flexible Camouflage"],"picked":"ats:Apocalypse","floor":2},{"not_picked":["ats:Steam Pump","ats:Absolute Focus"],"picked":"ats:Flexible Camouflage","floor":3},{"not_picked":["ats:Shell Defense","ats:Absolute Focus"],"picked":"ats:Defend Order","floor":4},{"not_picked":["ats:Directed Diagnosis","ats:Revitalization"],"picked":"ats:Sashimi Platter","floor":5},{"not_picked":["ats:Hook Shot","ats:Counter Healing Mode"],"picked":"ats:Explosion Area Strengthen","floor":6},{"not_picked":["ats:Shadow Raid","ats:Composite Medical Shells"],"picked":"ats:Ambush","floor":7},{"not_picked":["ats:Blood Oath","ats:Revitalization"],"picked":"ats:Poison Spread","floor":8},{"not_picked":["ats:Revitalization","ats:Curse Doll"],"picked":"ats:Sashimi Platter","floor":10},{"not_picked":["ats:Leaping Hammer","ats:Phantom"],"picked":"ats:Hammer On","floor":12},{"not_picked":["ats:Phantom","ats:Flame Of Heaven","ats:Chain Hook"],"picked":"SKIP","floor":13},{"not_picked":["ats:Revitalization","ats:Leaping Hammer"],"picked":"ats:Thorns","floor":14},{"not_picked":["ats:Wolf Pack","ats:Calcification"],"picked":"ats:Nebulous Foxfire","floor":16},{"not_picked":["ats:Guard Mode","ats:Counter Healing Mode"],"picked":"ats:Flexible Camouflage","floor":18},{"not_picked":["ats:Flexible Camouflage","ats:Hammer On"],"picked":"ats:Healing Drone","floor":19},{"not_picked":["ats:Encircling Forest+1","ats:Dogmatic Field"],"picked":"ats:Cat Scratch+1","floor":20},{"not_picked":["ats:Hammer On","ats:Neurotoxin"],"picked":"ats:Sunburst","floor":21},{"not_picked":["ats:Hammer On","ats:Encircling Forest"],"picked":"ats:Poison Spread+1","floor":23},{"not_picked":["ats:Spore Proliferation","ats:Ignite"],"picked":"ats:Ambush","floor":25},{"not_picked":["ats:Consecutive Shot Auto","ats:Poison Spread"],"picked":"ats:Healing Strengthening+1","floor":27},{"not_picked":["ats:Assault Order+1","ats:Blood Oath"],"picked":"ats:Song Of Battle","floor":28},{"not_picked":["ats:Curse Doll","ats:Shell Defense"],"picked":"ats:Rat Pack","floor":30},{"not_picked":["ats:Assault Order","ats:Blood Oath"],"picked":"ats:Shell Defense+1","floor":31},{"not_picked":["ats:Fractured Body","ats:Roar Of Ursus"],"picked":"ats:Shadow Assault","floor":33},{"not_picked":["ats:Steam Pump","ats:Poison Spread"],"picked":"ats:Flexible Camouflage","floor":35},{"not_picked":["ats:Composite Medical Shells+1","ats:Poison Spread"],"picked":"ats:Thermite Blade+1","floor":36},{"not_picked":["ats:Literary Storm+1","ats:Spore Proliferation+1"],"picked":"ats:Wolf Pack","floor":38},{"not_picked":["ats:Beaten Up+1","ats:Soul Absorption+1","ats:Automatic Cover"],"picked":"SKIP","floor":39}],"player_experience":55714,"relics_obtained":[{"floor":9,"key":"Ice Cream"},{"floor":13,"key":"ats:Originium"},{"floor":19,"key":"Red Mask"},{"floor":22,"key":"Nilry\u0027s Codex"},{"floor":23,"key":"ats:Originium"},{"floor":23,"key":"Dream Catcher"},{"floor":25,"key":"ats:Originium"},{"floor":25,"key":"Oddly Smooth Stone"},{"floor":26,"key":"Mummified Hand"}],"event_choices":[{"damage_healed":0,"gold_gain":0,"player_choice":"Fought Bandits","damage_taken":0,"max_hp_gain":0,"max_hp_loss":0,"event_name":"Masked Bandits","floor":19,"gold_loss":0},{"damage_healed":0,"gold_gain":0,"player_choice":"Obtained Book","damage_taken":16,"max_hp_gain":0,"max_hp_loss":0,"event_name":"Cursed Tome","floor":22,"gold_loss":0},{"damage_healed":0,"gold_gain":222,"player_choice":"Wore Mask","damage_taken":0,"max_hp_gain":0,"max_hp_loss":0,"event_name":"Tomb of Lord Red Mask","floor":37,"gold_loss":0},{"damage_healed":0,"gold_gain":0,"player_choice":"Took Portal","damage_taken":0,"max_hp_gain":0,"max_hp_loss":0,"event_name":"SecretPortal","floor":41,"gold_loss":0}],"is_beta":false,"boss_relics":[{"not_picked":["Astrolabe","Velvet Choker"],"picked":"Coffee Dripper"},{"not_picked":["Tiny House","SacredBark"],"picked":"ats:Tactical Delivery"}],"items_purged_floors":[24],"is_endless":false,"potions_floor_spawned":[4,5,7,12,13,16,18,20,23,30,35,38],"ascension_level":0}}