{"host":"v3mpq6flurzldi5g","time":1611602556,"event":{"mods":["AchievementEnabler","BaseMod","Colored Powertips","Highlight Path","Minty Spire (QoL Compilation)","StSLib"],"gold_per_floor":[118,134,190,190,35,35,35,35,62,62,81,156,156,176,176,271,271,286,302,302,160,175,175,175,100,180,180,197,217,217,217],"floor_reached":30,"language":"ENG","playtime":1441,"items_purged":["Accuracy"],"score":349,"play_id":"3129cd1b-32a4-46a8-a435-205330e18175","local_time":"20210125142236","is_ascension_mode":true,"campfire_choices":[{"data":"Neutralize","floor":6,"key":"SMITH"},{"data":"Defend_G","floor":10,"key":"SMITH"},{"floor":13,"key":"REST"},{"floor":15,"key":"REST"},{"floor":23,"key":"REST"},{"floor":27,"key":"REST"}],"circlet_count":0,"master_deck":["AscendersBane","Strike_G","Strike_G","Strike_G","Strike_G","Defend_G","Defend_G","Defend_G","Defend_G+1","Defend_G+1","Survivor","Neutralize+1","Caltrops","Predator","Envenom","Dagger Spray","Backflip+1","Footwork","Caltrops"],"relics":["Ring of the Snake","Boot","TwistedFunnel","Pen Nib","SlaversCollar","MutagenicStrength","Gremlin Horn"],"acts_visited":["Exordium","TheCity"],"potions_floor_usage":[16,18],"damage_taken":[{"damage":1,"enemies":"Jaw Worm","floor":1,"turns":4},{"damage":2,"enemies":"Small Slimes","floor":2,"turns":4},{"damage":0,"enemies":"Cultist","floor":11,"turns":3},{"damage":25,"enemies":"Exordium Wildlife","floor":14,"turns":6},{"damage":40,"enemies":"Slime Boss","floor":16,"turns":12},{"damage":28,"enemies":"Shell Parasite","floor":18,"turns":6},{"damage":5,"enemies":"Chosen","floor":19,"turns":5},{"damage":26,"enemies":"Snake Plant","floor":22,"turns":5},{"damage":12,"enemies":"Centurion and Healer","floor":28,"turns":9},{"damage":23,"enemies":"Chosen and Byrds","floor":29,"turns":8},{"damage":20,"enemies":"Snecko","floor":30,"turns":3}],"seed_played":"3275163923404939443","potions_obtained":[{"floor":1,"key":"Weak Potion"},{"floor":11,"key":"AttackPotion"},{"floor":28,"key":"FearPotion"}],"is_trial":false,"path_per_floor":["M","M","?","?","$","R","$","?","T","R","M","?","R","M","R","B",null,"M","M","?","$","M","R","?","?","T","R","M","M","M"],"character_chosen":"THE_SILENT","items_purchased":["TwistedFunnel","Footwork"],"campfire_rested":4,"item_purchase_floors":[5,21],"current_hp_per_floor":[62,60,60,65,65,65,65,65,65,65,65,54,75,50,72,32,64,36,31,31,31,5,27,27,27,27,49,37,14,0,0],"gold":217,"neow_bonus":"RANDOM_COMMON_RELIC","is_daily":false,"chose_seed":false,"campfire_upgraded":2,"win_rate":0.0,"timestamp":1611602556,"path_taken":["M","M","?","?","$","R","$","?","T","R","M","?","R","M","R","BOSS","M","M","?","$","M","R","?","?","T","R","M","?","M"],"items_purchased_type":["Relic","Card"],"build_version":"2020-12-22","purchased_purges":1,"victory":false,"max_hp_per_floor":[70,70,70,75,75,75,75,75,75,75,75,75,75,75,75,75,75,75,75,75,75,75,75,75,75,75,75,75,75,75,75],"card_choices":[{"not_picked":["Riddle With Holes","Backflip"],"picked":"Caltrops","floor":1},{"not_picked":["All Out Attack","Calculated Gamble"],"picked":"Predator","floor":2},{"not_picked":["Deadly Poison","PiercingWail","Underhanded Strike"],"picked":"SKIP","floor":11},{"not_picked":["Slice","Endless Agony"],"picked":"Accuracy","floor":14},{"not_picked":["Doppelganger","Grand Finale"],"picked":"Envenom","floor":16},{"not_picked":["Cloak And Dagger","Predator"],"picked":"Dagger Spray","floor":18},{"not_picked":["Dodge and Roll","Bane"],"picked":"Backflip+1","floor":19},{"not_picked":["Bane","Deadly Poison","Prepared"],"picked":"SKIP","floor":22},{"not_picked":["Distraction","Predator","Reflex"],"picked":"SKIP","floor":28},{"not_picked":["Bane","Blade Dance"],"picked":"Caltrops","floor":29}],"player_experience":1054631,"relics_obtained":[{"floor":9,"key":"Pen Nib"},{"floor":26,"key":"Gremlin Horn"}],"event_choices":[{"damage_healed":0,"gold_gain":56,"player_choice":"Gained Gold","damage_taken":0,"max_hp_gain":0,"max_hp_loss":0,"event_name":"Golden Wing","floor":3,"gold_loss":0},{"damage_healed":0,"gold_gain":0,"player_choice":"Donut","damage_taken":0,"max_hp_gain":5,"max_hp_loss":0,"event_name":"Big Fish","floor":4,"gold_loss":0},{"damage_healed":0,"gold_gain":0,"player_choice":"Grow","damage_taken":0,"max_hp_gain":0,"max_hp_loss":0,"event_name":"Living Wall","floor":8,"gold_loss":0,"cards_upgraded":["Defend_G"]},{"damage_healed":0,"gold_gain":75,"player_choice":"Gather Gold","damage_taken":11,"max_hp_gain":0,"max_hp_loss":0,"event_name":"World of Goop","floor":12,"gold_loss":0},{"damage_healed":0,"gold_gain":0,"player_choice":"Inject Mutagens","damage_taken":0,"relics_obtained":["MutagenicStrength"],"max_hp_gain":0,"max_hp_loss":0,"event_name":"Drug Dealer","floor":20,"gold_loss":0},{"damage_healed":0,"gold_gain":0,"player_choice":"Ignored","damage_taken":0,"max_hp_gain":0,"max_hp_loss":0,"event_name":"Ghosts","floor":24,"gold_loss":0},{"cards_removed":["Strike_G"],"damage_healed":0,"gold_gain":0,"player_choice":"Gave Gold","damage_taken":0,"max_hp_gain":0,"max_hp_loss":0,"event_name":"Beggar","floor":25,"gold_loss":75}],"is_beta":false,"boss_relics":[{"not_picked":["Empty Cage","SacredBark"],"picked":"SlaversCollar"}],"items_purged_floors":[21],"is_endless":false,"potions_floor_spawned":[1,11,14,28],"killed_by":"Snecko","ascension_level":12}}