{"host":"f6w7z8zvb0mi4wy9","time":1611614878,"event":{"mods":["BaseMod","Colored Map","Minty Spire (QoL Compilation)","READ ME - Guardian Mod","StSLib","SuperFastMode","The Jungle"],"gold_per_floor":[113,42,42,19,36,70,70,97,143,153,153,153,173,194,194,299,299,312,312,312,237,197,197,231,262,274,309,344,356,368,368],"floor_reached":30,"language":"KOR","playtime":588,"items_purged":[],"score":410,"play_id":"761be6b6-133e-4f31-a15a-f5e617d7e2da","local_time":"20210126074758","is_ascension_mode":true,"campfire_choices":[{"data":"Dualcast","floor":7.0,"key":"SMITH"},{"floor":11.0,"key":"RECALL"},{"data":"Beam Cell","floor":15.0,"key":"SMITH"},{"data":"Streamline","floor":23.0,"key":"SMITH"},{"floor":29,"key":"REST"}],"circlet_count":0,"master_deck":["Strike_B","Strike_B","Strike_B","Defend_B","Defend_B","Defend_B","Defend_B+1","Zap+1","Dualcast+1","Cold Snap","Glacier+1","Compile Driver","Chill","Beam Cell+1","Streamline+1","Electrodynamics","Hologram","Fusion+1","Echo Form"],"relics":["Cracked Core","NeowsBlessing","Vajra","MealTicket","Strawberry","CeramicFish","Inserter","MawBank","Omamori"],"acts_visited":["Exordium","TheCity"],"potions_floor_usage":[28,28],"damage_taken":[{"damage":0.0,"enemies":"Small Slimes","floor":1.0,"turns":1.0},{"damage":0.0,"enemies":"2 Louse","floor":5.0,"turns":2.0},{"damage":0.0,"enemies":"3 Sentries","floor":6.0,"turns":1.0},{"damage":11.0,"enemies":"Gremlin Nob","floor":8.0,"turns":4.0},{"damage":1.0,"enemies":"Jaw Worm","floor":10.0,"turns":3.0},{"damage":5.0,"enemies":"Exordium Wildlife","floor":13.0,"turns":4.0},{"damage":0.0,"enemies":"Looter","floor":14.0,"turns":2.0},{"damage":2.0,"enemies":"Slime Boss","floor":16.0,"turns":9.0},{"damage":16.0,"enemies":"Chosen","floor":18.0,"turns":5.0},{"damage":12.0,"enemies":"Gremlin Leader","floor":24.0,"turns":6.0},{"damage":0.0,"enemies":"Spheric Guardian","floor":25.0,"turns":2.0},{"damage":13.0,"enemies":"Snecko","floor":27.0,"turns":5.0},{"damage":12,"enemies":"Snake Plant","floor":28,"turns":4},{"damage":32,"enemies":"Book of Stabbing","floor":30,"turns":5}],"seed_played":"-7426347229372413700","potions_obtained":[{"floor":1.0,"key":"LiquidMemories"},{"floor":10.0,"key":"FearPotion"},{"floor":13.0,"key":"FocusPotion"},{"floor":18.0,"key":"Fire Potion"}],"is_trial":false,"path_per_floor":["M","$","?","$","M","E","R","E","T","M","R","?","M","M","R","B",null,"M","?","T","?","?","R","E","M","T","M","M","R","E"],"character_chosen":"DEFECT","items_purchased":["Glacier","Compile Driver"],"campfire_rested":1,"item_purchase_floors":[2,4],"current_hp_per_floor":[68,68,68,68,68,68,68,57,64,63,63,51,46,46,46,44,73,57,41,41,41,41,41,29,29,29,16,4,30,0,0],"gold":368,"neow_bonus":"THREE_ENEMY_KILL","is_daily":false,"chose_seed":false,"campfire_upgraded":3,"win_rate":0.0,"timestamp":1611614878,"path_taken":["M","$","?","$","M","E","R","E","T","M","R","?","M","M","R","BOSS","M","?","?","?","?","R","E","M","T","M","M","R","E"],"items_purchased_type":["Card","Card"],"build_version":"2020-12-22","purchased_purges":0,"victory":false,"max_hp_per_floor":[75,75,75,75,75,75,75,75,82,82,82,82,82,82,82,82,82,82,87,87,87,87,87,87,87,87,87,87,87,87,87],"card_choices":[{"not_picked":["Rip and Tear","Beam Cell"],"picked":"Cold Snap","floor":1.0},{"not_picked":["Fusion","Redo","Undo"],"picked":"SKIP","floor":5.0},{"not_picked":["Sweeping Beam","Steam","Coolheaded"],"picked":"SKIP","floor":6.0},{"not_picked":["Hologram","Cold Snap","Go for the Eyes"],"picked":"SKIP","floor":8.0},{"not_picked":["Rebound","Sweeping Beam"],"picked":"Chill","floor":10.0},{"not_picked":["Rebound","Multi-Cast"],"picked":"Beam Cell","floor":13.0},{"not_picked":["Coolheaded","Barrage"],"picked":"Streamline","floor":14.0},{"not_picked":["Seek","Core Surge"],"picked":"Electrodynamics","floor":16.0},{"not_picked":["Hello World+1","Rebound+1","Reinforced Body+1"],"picked":"SKIP","floor":18.0},{"not_picked":["Sunder","Skim"],"picked":"Hologram","floor":24.0},{"not_picked":["Stack+1","Leap","Streamline+1"],"picked":"SKIP","floor":25.0},{"not_picked":["Streamline","Conserve Battery+1"],"picked":"Fusion+1","floor":27.0},{"not_picked":["Undo","Beam Cell"],"picked":"Echo Form","floor":28}],"player_experience":898343,"relics_obtained":[{"floor":6.0,"key":"Vajra"},{"floor":8.0,"key":"MealTicket"},{"floor":9.0,"key":"Strawberry"},{"floor":24.0,"key":"MawBank"},{"floor":26.0,"key":"Omamori"}],"event_choices":[{"damage_healed":0.0,"max_hp_gain":0.0,"max_hp_loss":0.0,"gold_gain":0.0,"event_name":"Living Wall","player_choice":"Grow","floor":3.0,"gold_loss":0.0,"damage_taken":0.0,"cards_upgraded":["Zap"]},{"damage_healed":0.0,"max_hp_gain":0.0,"max_hp_loss":0.0,"gold_gain":0.0,"event_name":"Scrap Ooze","player_choice":"Success","floor":12.0,"gold_loss":0.0,"damage_taken":12.0,"relics_obtained":["CeramicFish"]},{"damage_healed":0.0,"max_hp_gain":5.0,"max_hp_loss":0.0,"gold_gain":0.0,"event_name":"Forgotten Altar","player_choice":"Shed Blood","floor":19.0,"gold_loss":0.0,"damage_taken":21.0},{"cards_removed":["Strike_B"],"damage_healed":0.0,"max_hp_gain":0.0,"max_hp_loss":0.0,"gold_gain":0.0,"event_name":"Beggar","player_choice":"Gave Gold","floor":21.0,"gold_loss":75.0,"damage_taken":0.0},{"damage_healed":0.0,"max_hp_gain":0.0,"max_hp_loss":0.0,"gold_gain":0.0,"event_name":"Designer","player_choice":"Upgraded Two","floor":22.0,"gold_loss":40.0,"damage_taken":0.0,"cards_upgraded":["Defend_B","Glacier"]}],"is_beta":false,"boss_relics":[{"not_picked":["Snecko Eye","Runic Dome"],"picked":"Inserter"}],"items_purged_floors":[],"is_endless":false,"potions_floor_spawned":[1,10,13,18],"killed_by":"Book of Stabbing","ascension_level":9}}