{"host":"6drv1qzpbnls60z2","time":1611577060,"event":{"mods":["ATMod(°¢èªMod)","Act Like it!","Arknights The Spire","BaseMod","Hallownest","Minty Spire (QoL Compilation)","Reimu£¨²©ÀöÁéÃÎ£©","Replay The Spire","Shop Mod","Spicy Shops","StSLib","The Dragonkin","Uncapped","¡¾ÒÅÎï¿¨ÅÆ¡¿REMEMod","óô»ðÖ¸ÄÏ"],"gold_per_floor":[110,125,144,10,24,24,24,24],"floor_reached":7,"language":"ZHS","playtime":465,"items_purged":["ats:Serious Mode"],"score":186,"play_id":"c001e96b-cd71-479c-b478-aa19d054cb2c","local_time":"20210125201740","daily_mods":["Allstar"],"is_ascension_mode":true,"campfire_choices":[{"data":"ats:Serious Mode","floor":6,"key":"SMITH"}],"circlet_count":0,"master_deck":["AscendersBane","ats:Strike C","ats:Strike G","ats:Strike S","ats:Strike V","ats:Armor Crushing Shot","ats:Defend","ats:Defend","ats:Defend","ats:Defend","ats:Emotion Absorption","AT_Dispersion","Dual Wield","Master of Strategy","ReplayTheSpireMod:Private Reserves","Replay:Sssssssssshield","REME_TwoStrings","Violence","SealNeedle:ReiMu","ManaGlint:ReiMu","ats:Serious Mode+1","ats:Closed Bolt Burst Fire"],"relics":["ats:Sanity","AT_ATBox","REME_ComplimentaryCards"],"acts_visited":["Exordium"],"potions_floor_usage":[7],"damage_taken":[{"damage":19,"enemies":"Cultist","floor":1,"turns":4},{"damage":12,"enemies":"Small Slimes","floor":2,"turns":3},{"damage":15,"enemies":"2 Louse","floor":3,"turns":3},{"damage":7,"enemies":"Blue Slaver","floor":5,"turns":4},{"damage":19,"enemies":"3 Sentries","floor":7,"turns":2}],"seed_played":"4123110523265138050","potions_obtained":[{"floor":2,"key":"Ancient Potion"},{"floor":5,"key":"LiquidBronze"}],"is_trial":true,"path_per_floor":["M","M","M","$","M","R","E"],"character_chosen":"DOCTOR_CLASS","items_purchased":["ats:Serious Mode"],"campfire_rested":0,"item_purchase_floors":[4],"current_hp_per_floor":[46,34,19,19,12,12,0,0],"gold":24,"neow_bonus":"","is_daily":false,"chose_seed":false,"campfire_upgraded":1,"win_rate":0.0,"timestamp":1611577060,"path_taken":["M","M","M","$","M","R","E"],"items_purchased_type":["Card"],"build_version":"2020-12-22","purchased_purges":1,"victory":false,"max_hp_per_floor":[72,72,72,72,72,72,72,72],"card_choices":[{"not_picked":["ats:Hammer On","ats:Beaten Up"],"picked":"SealNeedle:ReiMu","floor":1},{"not_picked":["AirStrike:ReiMu","TightArray:ReiMu"],"picked":"ManaGlint:ReiMu","floor":2},{"not_picked":["PayForSelf:ReiMu","EmergencyTakeOff:ReiMu","Enchanting:ReiMu"],"picked":"SKIP","floor":3},{"not_picked":["ats:Sword Rain","ats:Flexible Camouflage"],"picked":"ats:Closed Bolt Burst Fire","floor":5}],"player_experience":130675,"relics_obtained":[],"event_choices":[],"is_beta":false,"boss_relics":[],"items_purged_floors":[4],"is_endless":true,"potions_floor_spawned":[2,5],"killed_by":"3 Sentries","ascension_level":20}}