{"host":"v0dnu0zs4qo0v13s","time":1611538406,"event":{"mods":["BaseMod","Colored Map","Colored Powertips","Minty Spire (QoL Compilation)","Relic Stats","StSLib","SuperFastMode","everything is the same but u backflip on backflip"],"gold_per_floor":[109,34,34,47,62,62,119,119,119,135,135,135,55,105,105,234,234,255,274,96,119,119,119,119],"floor_reached":23,"language":"ENG","playtime":1161,"items_purged":["Strike_P","Defend_P"],"score":286,"play_id":"6bad94a2-a2d1-4d4c-83c2-47523ee40773","local_time":"20210124203326","is_ascension_mode":true,"campfire_choices":[{"data":"Consecrate","floor":6.0,"key":"SMITH"},{"data":"EmptyBody","floor":8.0,"key":"SMITH"},{"data":"TalkToTheHand","floor":11.0,"key":"SMITH"},{"floor":15.0,"key":"REST"}],"circlet_count":0,"master_deck":["AscendersBane","Strike_P","Strike_P","Defend_P","Defend_P","Defend_P","Eruption","Vigilance","ReachHeaven","Consecrate+1","EmptyBody+1","Perseverance","TalkToTheHand+1","Judgement","CurseOfTheBell","EmptyFist+1","ThirdEye","InnerPeace","LessonLearned"],"relics":["SacredBark","Boot","The Courier","Golden Idol","Ancient Tea Set","Calling Bell","Akabeko","TeardropLocket","Turnip","PreservedInsect"],"acts_visited":["Exordium","TheCity"],"potions_floor_usage":[21,21],"damage_taken":[{"damage":0.0,"enemies":"2 Louse","floor":1.0,"turns":4.0},{"damage":4.0,"enemies":"Jaw Worm","floor":4.0,"turns":3.0},{"damage":0.0,"enemies":"Small Slimes","floor":5.0,"turns":3.0},{"damage":11.0,"enemies":"Gremlin Nob","floor":7.0,"turns":3.0},{"damage":12.0,"enemies":"Exordium Thugs","floor":10.0,"turns":4.0},{"damage":49.0,"enemies":"Hexaghost","floor":16.0,"turns":11.0},{"damage":17.0,"enemies":"3 Byrds","floor":18.0,"turns":5.0},{"damage":4.0,"enemies":"Chosen","floor":19.0,"turns":5.0},{"damage":25,"enemies":"Shelled Parasite and Fungi","floor":21,"turns":6},{"damage":0,"enemies":"Slavers","floor":23,"turns":1}],"seed_played":"-285567196722759208","potions_obtained":[{"floor":1.0,"key":"Energy Potion"},{"floor":16.0,"key":"Block Potion"},{"floor":18.0,"key":"BottledMiracle"},{"floor":21,"key":"BottledMiracle"}],"is_trial":false,"path_per_floor":["M","$","?","M","M","R","?","R","T","M","R","?","$","T","R","B",null,"M","M","$","M","?","E"],"character_chosen":"WATCHER","items_purchased":["InnerPeace","PreservedInsect"],"campfire_rested":1,"item_purchase_floors":[20,20],"current_hp_per_floor":[65,65,62,58,58,58,47,47,47,35,35,35,35,35,55,6,52,35,31,31,6,6,6,6],"gold":119,"neow_bonus":"BOSS_RELIC","is_daily":false,"chose_seed":false,"campfire_upgraded":3,"win_rate":0.0,"timestamp":1611538406,"path_taken":["M","$","?","M","M","R","?","R","T","M","R","?","$","?","R","BOSS","M","M","$","M","?","E"],"items_purchased_type":["Card","Relic"],"build_version":"2020-12-22","purchased_purges":2,"victory":false,"max_hp_per_floor":[72,72,72,72,72,72,72,72,72,72,72,67,67,67,67,67,67,67,67,67,67,67,67,67],"relic_stats":{"counters":[10,45],"Golden Idol":39,"Turnip":[2],"PreservedInsect":41,"Boot":[12],"obtain_stats":[{"Calling Bell":17,"Golden Idol":12,"SacredBark":0,"The Courier":7,"Turnip":17,"PreservedInsect":20,"TeardropLocket":17,"PureWater":0,"Boot":3,"Ancient Tea Set":14,"Akabeko":17},{"Calling Bell":6,"Golden Idol":5,"SacredBark":0,"The Courier":3,"Turnip":6,"PreservedInsect":8,"TeardropLocket":6,"PureWater":0,"Boot":1,"Ancient Tea Set":5,"Akabeko":6},{"Calling Bell":28,"Golden Idol":17,"SacredBark":0,"The Courier":10,"Turnip":28,"PreservedInsect":38,"TeardropLocket":28,"PureWater":0,"Boot":4,"Ancient Tea Set":17,"Akabeko":28}]},"card_choices":[{"not_picked":["FollowUp","Halt"],"picked":"ReachHeaven","floor":1.0},{"not_picked":["PathToVictory","BattleHymn"],"picked":"Consecrate","floor":4.0},{"not_picked":["FlyingSleeves","FlurryOfBlows"],"picked":"EmptyBody","floor":5.0},{"not_picked":["ThirdEye","FlyingSleeves"],"picked":"Perseverance","floor":7.0},{"not_picked":["PathToVictory","EmptyFist"],"picked":"TalkToTheHand","floor":10.0},{"not_picked":["Alpha","Scrawl"],"picked":"Judgement","floor":16.0},{"not_picked":["SashWhip","ThirdEye"],"picked":"EmptyFist+1","floor":18.0},{"not_picked":["Halt","CrushJoints"],"picked":"ThirdEye","floor":19.0},{"not_picked":["EmptyFist","CarveReality"],"picked":"LessonLearned","floor":21}],"player_experience":714748,"relics_obtained":[{"floor":14.0,"key":"Ancient Tea Set"},{"floor":17.0,"key":"Akabeko"},{"floor":17.0,"key":"TeardropLocket"},{"floor":17.0,"key":"Turnip"}],"event_choices":[{"damage_healed":0.0,"max_hp_gain":0.0,"max_hp_loss":0.0,"gold_gain":0.0,"event_name":"Scrap Ooze","player_choice":"Success","floor":3.0,"gold_loss":0.0,"damage_taken":3.0,"relics_obtained":["Boot"]},{"damage_healed":0.0,"max_hp_gain":0.0,"max_hp_loss":0.0,"gold_gain":30.0,"event_name":"Dead Adventurer","player_choice":"Searched \u00273\u0027 times","floor":7.0,"gold_loss":0.0,"damage_taken":0.0,"relics_obtained":["The Courier"]},{"damage_healed":0.0,"max_hp_gain":0.0,"max_hp_loss":5.0,"gold_gain":0.0,"event_name":"Golden Idol","player_choice":"Lose Max HP","floor":12.0,"gold_loss":0.0,"damage_taken":0.0,"relics_obtained":["Golden Idol"]},{"cards_removed":["Strike_P"],"damage_healed":0,"gold_gain":0,"player_choice":"Offered Basic","damage_taken":0,"max_hp_gain":0,"max_hp_loss":0,"event_name":"Bonfire Elementals","floor":22,"gold_loss":0}],"is_beta":false,"boss_relics":[{"not_picked":["Sozu","SlaversCollar"],"picked":"Calling Bell"}],"items_purged_floors":[2,13],"is_endless":false,"potions_floor_spawned":[1,16,18,21],"killed_by":"Slavers","ascension_level":12}}