{"host":"l84l8xigz5v5foa2","time":1611576276,"event":{"mods":["2.2 Compatiblity","AchievementEnabler","BaseMod","Better Note","Better Vampires","Card Filter","Colored Map","DeckTracker","Gremlin Skip","Highlight Path","Keyboard Shortcuts","Minty Spire (QoL Compilation)","Permanent Neow","Quick Restart","Relic Filter","Relic Stats","Shop Mod","StSLib","SuperFastMode","Transform Curses","Unknown Chances"],"gold_per_floor":[14,14,14,34,58,58,94,113,137,137,137,180,194,209,209,305,305,321,321,82,82,101,101,140,140,165,90,128,128,149,64,64,162,162,180,198,245,260,284,322,322,356,383,403,403,403,16,41,41,41,41,41,41,82,82],"floor_reached":56,"language":"KOR","playtime":2706,"items_purged":[],"score":2209,"play_id":"214e7a3d-43ca-4e77-b623-f6f3932d140c","local_time":"20210125210436","is_ascension_mode":true,"campfire_choices":[{"data":"Blade Dance","floor":6.0,"key":"SMITH"},{"data":"Acrobatics","floor":10.0,"key":"SMITH"},{"data":"Phantasmal Killer","floor":15.0,"key":"SMITH"},{"data":"Concentrate","floor":23.0,"key":"SMITH"},{"data":"Burst","floor":25.0,"key":"SMITH"},{"data":"Reflex","floor":29.0,"key":"SMITH"},{"data":"Well Laid Plans","floor":32.0,"key":"SMITH"},{"data":"Accuracy","floor":41.0,"key":"SMITH"},{"floor":46.0,"key":"RECALL"},{"data":"Skewer","floor":49,"key":"SMITH"},{"data":"Tools of the Trade","floor":52,"key":"SMITH"}],"circlet_count":0,"master_deck":["AscendersBane","Survivor","Neutralize+1","Blade Dance+1","Venomology","Acrobatics+1","Phantasmal Killer+1","Skewer+1","PiercingWail","Corpse Explosion","Heel Hook","Backstab+1","Burst+1","Reflex+1","Riddle With Holes","Dash+1","Accuracy+1","Blur","Concentrate+1","Panache","Setup+1","Cloak And Dagger+1","Prepared+1","Well Laid Plans+1","Tools of the Trade+1","Cloak And Dagger+1","Blur+1","Outmaneuver+1","Tactician+1","Expertise+1","Dodge and Roll+1","Dagger Throw+1","Infinite Blades"],"relics":["Ring of the Snake","Bird Faced Urn","Golden Idol","Lizard Tail","Ancient Tea Set","Meat on the Bone","Pandora\u0027s Box","Anchor","Centennial Puzzle","Toxic Egg 2","Coffee Dripper","Strawberry","Incense Burner","Whetstone","MealTicket","Kunai","Nunchaku","Toy Ornithopter"],"acts_visited":["Exordium","TheCity","TheBeyond","TheEnding"],"potions_floor_usage":[48,50,50,54,54],"damage_taken":[{"damage":3.0,"enemies":"Small Slimes","floor":1.0,"turns":4.0},{"damage":0.0,"enemies":"Jaw Worm","floor":4.0,"turns":4.0},{"damage":7.0,"enemies":"Cultist","floor":5.0,"turns":4.0},{"damage":0.0,"enemies":"Gremlin Nob","floor":7.0,"turns":1.0},{"damage":1.0,"enemies":"Blue Slaver","floor":8.0,"turns":4.0},{"damage":25.0,"enemies":"Lagavulin","floor":12.0,"turns":7.0},{"damage":4.0,"enemies":"Exordium Thugs","floor":13.0,"turns":4.0},{"damage":1.0,"enemies":"3 Louse","floor":14.0,"turns":3.0},{"damage":0.0,"enemies":"The Guardian","floor":16.0,"turns":16.0},{"damage":0.0,"enemies":"Spheric Guardian","floor":18.0,"turns":2.0},{"damage":0.0,"enemies":"3 Byrds","floor":22.0,"turns":2.0},{"damage":0.0,"enemies":"Slavers","floor":24.0,"turns":3.0},{"damage":18.0,"enemies":"Book of Stabbing","floor":28.0,"turns":5.0},{"damage":4.0,"enemies":"Cultist and Chosen","floor":30.0,"turns":5.0},{"damage":16.0,"enemies":"Collector","floor":33.0,"turns":7.0},{"damage":0.0,"enemies":"3 Darklings","floor":35.0,"turns":2.0},{"damage":0.0,"enemies":"3 Shapes","floor":36.0,"turns":3.0},{"damage":0.0,"enemies":"3 Darklings","floor":38.0,"turns":3.0},{"damage":0.0,"enemies":"Sphere and 2 Shapes","floor":39.0,"turns":3.0},{"damage":0.0,"enemies":"Giant Head","floor":40.0,"turns":6.0},{"damage":7.0,"enemies":"Nemesis","floor":42.0,"turns":3.0},{"damage":6.0,"enemies":"4 Shapes","floor":44.0,"turns":5.0},{"damage":0,"enemies":"Spire Growth","floor":48,"turns":3},{"damage":16,"enemies":"Time Eater","floor":50,"turns":6},{"damage":39,"enemies":"Shield and Spear","floor":54,"turns":4},{"damage":30,"enemies":"The Heart","floor":55,"turns":7}],"seed_played":"7858869981349598209","potions_obtained":[{"floor":1.0,"key":"SteroidPotion"},{"floor":4.0,"key":"FearPotion"},{"floor":8.0,"key":"SpeedPotion"},{"floor":12.0,"key":"Fire Potion"},{"floor":13.0,"key":"LiquidMemories"},{"floor":18.0,"key":"DistilledChaos"},{"floor":30.0,"key":"Weak Potion"},{"floor":39.0,"key":"Swift Potion"},{"floor":40.0,"key":"Weak Potion"},{"floor":44.0,"key":"CunningPotion"}],"is_trial":false,"path_per_floor":["M","?","?","M","M","R","E","M","T","R","?","E","M","M","R","B",null,"M","?","$","T","M","R","E","R","T","?","E","R","M","$","R","B",null,"M","M","T","M","M","E","R","E","T","M","?","R","$","M","R","B",null,"R","$","E","B",null],"character_chosen":"THE_SILENT","items_purchased":["Concentrate","Panache","Prepared+1","Well Laid Plans","Kunai","Nunchaku"],"campfire_rested":0,"item_purchase_floors":[20,20,31,31,47,47],"current_hp_per_floor":[56,56,56,56,49,49,49,48,48,48,48,23,31,42,42,42,56,58,58,58,58,58,58,60,60,60,60,44,44,46,46,46,38,55,60,60,67,67,67,67,67,62,62,61,61,61,67,67,67,51,63,63,67,44,36],"gold":82,"neow_bonus":"ONE_RARE_RELIC","is_daily":false,"chose_seed":false,"campfire_upgraded":10,"win_rate":0.0,"timestamp":1611576276,"path_taken":["M","?","?","M","?","R","E","M","T","R","?","E","M","?","R","BOSS","M","?","?","?","M","R","E","R","T","?","E","R","M","?","R","BOSS","M","M","?","M","M","E","R","E","T","M","?","R","$","?","R","BOSS","R","$","E","BOSS"],"items_purchased_type":["Card","Card","Card","Card","Relic","Relic"],"build_version":"2020-12-22","purchased_purges":0,"victory":true,"max_hp_per_floor":[66,60,60,60,60,60,60,60,60,60,60,60,60,60,60,60,60,60,60,60,60,60,60,60,60,60,60,60,60,60,60,60,60,60,60,60,67,67,67,67,67,67,67,67,67,67,67,67,67,67,67,67,67,67,67],"relic_stats":{"counters":[26,116],"Golden Idol":187,"Whetstone":["Backstab","Dash"],"Lizard Tail":0,"Centennial Puzzle":[24],"Nunchaku":[10],"Bird Faced Urn":[46],"Pandora\u0027s Box":["All Out Attack","Heel Hook","Backstab","Burst","Reflex","Caltrops","Riddle With Holes","Dash","Accuracy"],"MealTicket":10,"Kunai":[26],"obtain_stats":[{"Golden Idol":2,"Incense Burner":40,"Whetstone":42,"Ancient Tea Set":9,"Lizard Tail":7,"Anchor":21,"Centennial Puzzle":24,"Nunchaku":47,"Bird Faced Urn":0,"Strawberry":37,"Pandora\u0027s Box":17,"MealTicket":43,"Coffee Dripper":34,"Kunai":47,"Toxic Egg 2":28,"Toy Ornithopter":54,"Ring of the Snake":0,"Meat on the Bone":12},{"Golden Idol":1,"Incense Burner":20,"Whetstone":21,"Ancient Tea Set":5,"Lizard Tail":4,"Anchor":10,"Centennial Puzzle":12,"Nunchaku":22,"Bird Faced Urn":0,"Strawberry":17,"Pandora\u0027s Box":9,"MealTicket":21,"Coffee Dripper":15,"Kunai":22,"Toxic Egg 2":13,"Toy Ornithopter":25,"Ring of the Snake":0,"Meat on the Bone":6},{"Golden Idol":4,"Incense Burner":88,"Whetstone":91,"Ancient Tea Set":17,"Lizard Tail":13,"Anchor":49,"Centennial Puzzle":54,"Nunchaku":96,"Bird Faced Urn":0,"Strawberry":76,"Pandora\u0027s Box":47,"MealTicket":91,"Coffee Dripper":71,"Kunai":96,"Toxic Egg 2":59,"Toy Ornithopter":109,"Ring of the Snake":0,"Meat on the Bone":24}],"Toy Ornithopter":0,"Ring of the Snake":[52],"Meat on the Bone":48},"card_choices":[{"not_picked":["Flechettes","Caltrops"],"picked":"Heel Hook","floor":1.0},{"not_picked":["Backflip","Deadly Poison"],"picked":"Blade Dance","floor":4.0},{"not_picked":["Choke","Dodge and Roll","Catalyst"],"picked":"SKIP","floor":5.0},{"not_picked":["Terror","Dash"],"picked":"Venomology","floor":7.0},{"not_picked":["Catalyst","Slice"],"picked":"Acrobatics","floor":8.0},{"not_picked":["Quick Slash","Dagger Spray"],"picked":"Phantasmal Killer","floor":12.0},{"not_picked":["Acrobatics","Flying Knee"],"picked":"Skewer","floor":13.0},{"not_picked":["Flechettes","Dagger Spray"],"picked":"PiercingWail","floor":14.0},{"not_picked":["Bullet Time","Envenom"],"picked":"Corpse Explosion","floor":16.0},{"not_picked":["Setup","Catalyst"],"picked":"Blur","floor":18.0},{"not_picked":["Dodge and Roll","Masterful Stab+1","Dash"],"picked":"SKIP","floor":22.0},{"not_picked":["Heel Hook","Eviscerate","Masterful Stab"],"picked":"SKIP","floor":24.0},{"not_picked":["Sucker Punch","PiercingWail+1"],"picked":"Setup+1","floor":28.0},{"not_picked":["Flechettes","Deflect+1"],"picked":"Cloak And Dagger+1","floor":30.0},{"not_picked":["Glass Knife","Corpse Explosion+1"],"picked":"Tools of the Trade","floor":33.0},{"not_picked":["Bouncing Flask+1","Well Laid Plans"],"picked":"Cloak And Dagger+1","floor":35.0},{"not_picked":["Dagger Spray","Terror+1"],"picked":"Blur+1","floor":36.0},{"not_picked":["Caltrops","Cloak And Dagger+1"],"picked":"Outmaneuver+1","floor":38.0},{"not_picked":["All Out Attack","Skewer"],"picked":"Tactician+1","floor":39.0},{"not_picked":["Sucker Punch","Outmaneuver+1","Catalyst+1"],"picked":"SKIP","floor":40.0},{"not_picked":["Poisoned Stab","Phantasmal Killer+1"],"picked":"Expertise+1","floor":42.0},{"not_picked":["Slice","Skewer"],"picked":"Dodge and Roll+1","floor":44.0},{"not_picked":["Corpse Explosion+1","Prepared+1"],"picked":"Dagger Throw+1","floor":48},{"not_picked":["Prepared+1","Crippling Poison+1"],"picked":"Infinite Blades","floor":54}],"player_experience":1443835,"relics_obtained":[{"floor":7.0,"key":"Lizard Tail"},{"floor":9.0,"key":"Ancient Tea Set"},{"floor":12.0,"key":"Meat on the Bone"},{"floor":21.0,"key":"Anchor"},{"floor":24.0,"key":"Centennial Puzzle"},{"floor":28.0,"key":"Toxic Egg 2"},{"floor":37.0,"key":"Strawberry"},{"floor":40.0,"key":"Incense Burner"},{"floor":42.0,"key":"Whetstone"},{"floor":43.0,"key":"MealTicket"},{"floor":54,"key":"Toy Ornithopter"}],"event_choices":[{"damage_healed":0.0,"max_hp_gain":0.0,"max_hp_loss":6.0,"gold_gain":0.0,"event_name":"Golden Idol","player_choice":"Lose Max HP","floor":2.0,"gold_loss":0.0,"damage_taken":0.0,"relics_obtained":["Golden Idol"]},{"damage_healed":0.0,"max_hp_gain":0.0,"max_hp_loss":0.0,"gold_gain":0.0,"event_name":"Upgrade Shrine","player_choice":"Upgraded","floor":3.0,"gold_loss":0.0,"damage_taken":0.0,"cards_upgraded":["Neutralize"]},{"cards_removed":["Strike_G"],"damage_healed":0.0,"max_hp_gain":0.0,"max_hp_loss":0.0,"gold_gain":0.0,"event_name":"Bonfire Elementals","player_choice":"Offered Basic","floor":11.0,"gold_loss":0.0,"damage_taken":0.0},{"cards_removed":["All Out Attack"],"damage_healed":0.0,"max_hp_gain":0.0,"max_hp_loss":0.0,"gold_gain":0.0,"event_name":"Purifier","player_choice":"Purged","floor":19.0,"gold_loss":0.0,"damage_taken":0.0},{"cards_removed":["Heel Hook"],"damage_healed":0.0,"max_hp_gain":0.0,"max_hp_loss":0.0,"gold_gain":0.0,"event_name":"Beggar","player_choice":"Gave Gold","floor":27.0,"gold_loss":75.0,"damage_taken":0.0},{"cards_removed":["Caltrops"],"damage_healed":0.0,"max_hp_gain":0.0,"max_hp_loss":0.0,"gold_gain":0.0,"event_name":"Purifier","player_choice":"Purged","floor":45.0,"gold_loss":0.0,"damage_taken":0.0}],"is_beta":false,"boss_relics":[{"not_picked":["Sozu","Busted Crown"],"picked":"Pandora\u0027s Box"},{"not_picked":["SlaversCollar","HoveringKite"],"picked":"Coffee Dripper"}],"items_purged_floors":[],"is_endless":false,"potions_floor_spawned":[1,4,8,12,13,18,30,36,39,40,44],"ascension_level":15}}