{"host":"ievzwsxi676hcxyy","time":1611550805,"event":{"mods":["Aspiration","BaseMod","Downfall","Hermit","Minty Spire (QoL Compilation)","Replay The Spire","StSLib","The Construct","The Cursed","The Disciple","The Jungle","everything is the same but u backflip on backflip"],"gold_per_floor":[199,349,349,349,360,392,419,432,432,432,757,41,41,61,79,64,76,76,76,76],"floor_reached":18,"language":"ENG","playtime":846,"items_purged":["downfall:Malfunctioning"],"score":120,"play_id":"56001991-cf42-4092-828f-1cf667bd874d","local_time":"20210124230005","is_ascension_mode":false,"campfire_choices":[{"floor":1,"key":"RECALL"},{"data":"hexamod:VolcanoVisage","floor":13,"key":"SMITH"}],"circlet_count":0,"master_deck":["hexamod:Strike","hexamod:Strike","hexamod:Strike","hexamod:Strike","hexamod:Defend","hexamod:Defend+1","hexamod:Defend+1","hexamod:Defend","hexamod:Sear+1","hexamod:Float","downfall:Icky","Injury","hexamod:HeatMetal+1","hexamod:NightmareStrike+1","hexamod:SkipABeat","hexamod:SoulSteal","hexamod:VolcanoVisage","hexamod:ShieldOfDarkness","hexamod:VolcanoVisage+1","hexamod:PhantomCloak","expansioncontent:QuickStudy","hexamod:SwordOfDarkness+1","hexamod:HeatMetal+1","hexamod:CatchUp"],"relics":["hexamod:SpiritBrand","Molten Egg 2","Bag of Marbles","Orichalcum","Old Coin","DollysMirror","aspiration:Lifesprig"],"acts_visited":["Exordium"],"potions_floor_usage":[18,18],"damage_taken":[{"damage":1,"enemies":"Jaw Worm","floor":5,"turns":3},{"damage":32,"enemies":"Gremlin Nob","floor":6,"turns":5},{"damage":1,"enemies":"2 Louse","floor":8,"turns":2},{"damage":13,"enemies":"Lagavulin","floor":11,"turns":7},{"damage":0,"enemies":"downfall:FleeingMerchant","floor":12,"turns":4},{"damage":6,"enemies":"Small Slimes","floor":14,"turns":3},{"damage":0,"enemies":"3 Louse","floor":15,"turns":3},{"damage":10,"enemies":"downfall:FleeingMerchant","floor":16,"turns":4},{"damage":4,"enemies":"Exordium Thugs","floor":17,"turns":3},{"damage":3,"enemies":"WA_ARCHETYPE_RETAIN","floor":18,"turns":2}],"seed_played":"-7261299696946667391","potions_obtained":[{"floor":8,"key":"sneckomod:MuddlingPotion"},{"floor":15,"key":"SpeedPotion"},{"floor":17,"key":"DistilledChaos"}],"is_trial":false,"path_per_floor":["R","?","?","?","M","E","T","M","PTL","PTL","E","$","R","M","M","$","M","B"],"character_chosen":"THE_SPIRIT","items_purchased":["hexamod:ShieldOfDarkness","DollysMirror","hexamod:PhantomCloak","expansioncontent:QuickStudy","aspiration:Lifesprig"],"campfire_rested":0,"item_purchase_floors":[12,12,12,12,12],"current_hp_per_floor":[70,70,70,70,69,37,37,36,36,36,23,23,23,17,17,7,3,0,0,0],"gold":76,"neow_bonus":"HUNDRED_GOLD","is_daily":false,"chose_seed":false,"campfire_upgraded":1,"win_rate":0.0,"timestamp":1611550805,"path_taken":["R","?","?","?","M","E","T","M","PTL","PTL","E","$","R","M","M","$","M","BOSS"],"items_purchased_type":["Card","Relic","Card","Card","Relic"],"build_version":"2020-12-22","purchased_purges":1,"victory":false,"max_hp_per_floor":[70,70,70,70,70,70,70,70,70,70,70,70,70,70,70,70,70,70,70,70],"card_choices":[{"not_picked":["hexamod:GhostOfSpirePast","hexamod:BurningTouch"],"picked":"hexamod:HeatMetal+1","floor":5},{"not_picked":["hexamod:Hexaguard","hexamod:HeatMetal+1"],"picked":"hexamod:NightmareStrike+1","floor":6},{"not_picked":["hexamod:RetreatToShadows","hexamod:SuperheatedStrike+1"],"picked":"hexamod:SkipABeat","floor":8},{"not_picked":["hexamod:NecessarySacrifice","hexamod:PhantomFireball+1"],"picked":"hexamod:SoulSteal","floor":11},{"not_picked":["hexamod:GhostOfSpirePresent","hexamod:Hexaguard"],"picked":"hexamod:VolcanoVisage","floor":12},{"not_picked":["hexamod:BurningTouch","hexamod:ShieldOfDarkness"],"picked":"hexamod:SwordOfDarkness+1","floor":14},{"not_picked":["hexamod:NightmareGuise","hexamod:FastForward"],"picked":"hexamod:HeatMetal+1","floor":15},{"not_picked":["hexamod:FifthSeal","hexamod:HeatCrush+1","hexamod:FourthSeal"],"picked":"SKIP","floor":16},{"not_picked":["hexamod:GhostflameBarrier","hexamod:NightmareGuise"],"picked":"hexamod:CatchUp","floor":17}],"player_experience":482385,"relics_obtained":[{"floor":6,"key":"Bag of Marbles"},{"floor":7,"key":"Orichalcum"},{"floor":11,"key":"Old Coin"}],"event_choices":[],"is_beta":false,"boss_relics":[],"items_purged_floors":[12],"is_endless":false,"potions_floor_spawned":[8,15,17],"killed_by":"WA_ARCHETYPE_RETAIN","ascension_level":0}}