{"host":"l84l8xigz5v5foa2","time":1611572721,"event":{"mods":["2.2 Compatiblity","AchievementEnabler","BaseMod","Better Note","Better Vampires","Card Filter","Colored Map","DeckTracker","Gremlin Skip","Highlight Path","Keyboard Shortcuts","Minty Spire (QoL Compilation)","Permanent Neow","Quick Restart","Relic Filter","Relic Stats","Shop Mod","StSLib","SuperFastMode","Transform Curses","Unknown Chances"],"gold_per_floor":[110,80,95,113,132,132,165,90,90,110,121,121,133,153,153,226,226,243,243,274,286,286,286,336,349,349,349,365,379,379,32,32,106,106,116,134,187,202,202,229,229,229,229],"floor_reached":42,"language":"KOR","playtime":2188,"items_purged":["Strike_G"],"score":800,"play_id":"c9f79a2b-05b0-4705-8d9c-dbbc62b6d33c","local_time":"20210125200521","is_ascension_mode":true,"campfire_choices":[{"data":"A Thousand Cuts","floor":6.0,"key":"SMITH"},{"data":"Cloak And Dagger","floor":12.0,"key":"SMITH"},{"data":"Calculated Gamble","floor":15.0,"key":"SMITH"},{"data":"Neutralize","floor":23.0,"key":"SMITH"},{"data":"Well Laid Plans","floor":27.0,"key":"SMITH"},{"data":"Tools of the Trade","floor":30.0,"key":"SMITH"},{"data":"Footwork","floor":32.0,"key":"SMITH"},{"data":"1","floor":41.0,"key":"LIFT"}],"circlet_count":0,"master_deck":["AscendersBane","Defend_G","Defend_G","Defend_G","Defend_G","Survivor","Neutralize+1","A Thousand Cuts+1","Blade Dance","Reflex","Cloak And Dagger+1","Dash","Glass Knife","Skewer","Finisher","Blur","Calculated Gamble+1","Tools of the Trade+1","Well Laid Plans+1","Backflip","Prepared+1","Deflect","Footwork+1","After Image","Acrobatics","Expertise+1","PiercingWail"],"relics":["Ring of the Snake","Kunai","Du-Vu Doll","Coffee Dripper","Enchiridion","Red Mask","Peace Pipe","Membership Card","White Beast Statue","Empty Cage","Girya","Bottled Lightning"],"acts_visited":["Exordium","TheCity","TheBeyond"],"potions_floor_usage":[42,42],"damage_taken":[{"damage":0.0,"enemies":"2 Louse","floor":1.0,"turns":3.0},{"damage":0.0,"enemies":"Cultist","floor":3.0,"turns":4.0},{"damage":1.0,"enemies":"Jaw Worm","floor":4.0,"turns":3.0},{"damage":4.0,"enemies":"Blue Slaver","floor":5.0,"turns":4.0},{"damage":9.0,"enemies":"3 Sentries","floor":7.0,"turns":6.0},{"damage":0.0,"enemies":"2 Fungi Beasts","floor":10.0,"turns":2.0},{"damage":13.0,"enemies":"Large Slime","floor":11.0,"turns":6.0},{"damage":0.0,"enemies":"Blue Slaver","floor":13.0,"turns":3.0},{"damage":0.0,"enemies":"3 Louse","floor":14.0,"turns":2.0},{"damage":4.0,"enemies":"The Guardian","floor":16.0,"turns":12.0},{"damage":0.0,"enemies":"3 Byrds","floor":18.0,"turns":4.0},{"damage":16.0,"enemies":"Masked Bandits","floor":20.0,"turns":5.0},{"damage":0.0,"enemies":"Spheric Guardian","floor":21.0,"turns":2.0},{"damage":0.0,"enemies":"Centurion and Healer","floor":25.0,"turns":5.0},{"damage":0.0,"enemies":"3 Cultists","floor":28.0,"turns":3.0},{"damage":4.0,"enemies":"Snecko","floor":29.0,"turns":5.0},{"damage":4.0,"enemies":"Automaton","floor":33.0,"turns":11.0},{"damage":1.0,"enemies":"3 Darklings","floor":35.0,"turns":5.0},{"damage":0.0,"enemies":"Orb Walker","floor":36.0,"turns":2.0},{"damage":50.0,"enemies":"2 Orb Walkers","floor":37.0,"turns":6.0},{"damage":7.0,"enemies":"Writhing Mass","floor":38.0,"turns":9.0},{"damage":0.0,"enemies":"Nemesis","floor":40.0,"turns":9.0},{"damage":19,"enemies":"Reptomancer","floor":42,"turns":3}],"seed_played":"-7538627175087973751","potions_obtained":[{"floor":2.0,"key":"Energy Potion"},{"floor":2.0,"key":"Strength Potion"},{"floor":5.0,"key":"Fire Potion"},{"floor":11.0,"key":"Swift Potion"},{"floor":13.0,"key":"ColorlessPotion"},{"floor":20.0,"key":"Fire Potion"},{"floor":28.0,"key":"Ancient Potion"},{"floor":29.0,"key":"GamblersBrew"},{"floor":37.0,"key":"Fire Potion"},{"floor":38.0,"key":"Fire Potion"}],"is_trial":false,"path_per_floor":["M","?","M","M","M","R","E","$","T","M","M","R","M","M","R","B",null,"M","?","?","M","?","R","?","M","T","R","M","M","R","$","R","B",null,"M","M","?","M","?","E","R","E"],"character_chosen":"THE_SILENT","items_purchased":["Membership Card","FairyPotion","Footwork","White Beast Statue"],"campfire_rested":0,"item_purchase_floors":[31,31,31,31],"current_hp_per_floor":[44,44,44,43,39,39,30,30,30,30,17,17,17,17,17,13,53,53,32,16,16,16,16,16,16,16,16,16,12,12,12,12,8,52,51,51,1,19,19,19,19,0,0],"gold":229,"neow_bonus":"TRANSFORM_TWO_CARDS","is_daily":false,"chose_seed":false,"campfire_upgraded":7,"win_rate":0.0,"timestamp":1611572721,"path_taken":["M","?","M","M","?","R","E","$","T","M","M","R","M","M","R","BOSS","M","?","?","M","?","R","?","M","T","R","?","M","R","$","R","BOSS","M","M","?","M","?","E","R","E"],"items_purchased_type":["Relic","Potion","Card","Relic"],"build_version":"2020-12-22","purchased_purges":1,"victory":false,"max_hp_per_floor":[66,66,66,66,66,66,66,66,66,66,66,66,66,66,66,66,66,66,66,66,66,66,66,66,66,66,66,66,66,66,66,66,66,66,66,66,66,66,63,63,63,63,63],"relic_stats":{"Peace Pipe":0,"counters":[23,114],"Kunai":[68],"obtain_stats":[{"Du-Vu Doll":9,"Peace Pipe":26,"Girya":37,"Enchiridion":19,"Coffee Dripper":17,"Red Mask":20,"Kunai":7,"Membership Card":31,"Bottled Lightning":40,"Empty Cage":34,"White Beast Statue":31,"Ring of the Snake":0},{"Du-Vu Doll":5,"Peace Pipe":14,"Girya":20,"Enchiridion":11,"Coffee Dripper":10,"Red Mask":12,"Kunai":5,"Membership Card":16,"Bottled Lightning":22,"Empty Cage":17,"White Beast Statue":16,"Ring of the Snake":0},{"Du-Vu Doll":20,"Peace Pipe":61,"Girya":93,"Enchiridion":49,"Coffee Dripper":45,"Red Mask":54,"Kunai":20,"Membership Card":69,"Bottled Lightning":111,"Empty Cage":80,"White Beast Statue":69,"Ring of the Snake":0}],"Ring of the Snake":[46]},"card_choices":[{"not_picked":["Acrobatics","Caltrops"],"picked":"Reflex","floor":1.0},{"not_picked":["Deadly Poison","Deflect"],"picked":"Cloak And Dagger","floor":3.0},{"not_picked":["Poisoned Stab","Bouncing Flask","Dodge and Roll"],"picked":"SKIP","floor":4.0},{"not_picked":["Sucker Punch","Poisoned Stab"],"picked":"Dash","floor":5.0},{"not_picked":["Crippling Poison","Skewer"],"picked":"Glass Knife","floor":7.0},{"not_picked":["Quick Slash","PiercingWail"],"picked":"Skewer","floor":10.0},{"not_picked":["Dodge and Roll","Backflip"],"picked":"Finisher","floor":11.0},{"not_picked":["Underhanded Strike","Masterful Stab"],"picked":"Blur","floor":13.0},{"not_picked":["Blade Dance","Catalyst"],"picked":"Calculated Gamble","floor":14.0},{"not_picked":["Unload","Doppelganger"],"picked":"Tools of the Trade","floor":16.0},{"not_picked":["Bouncing Flask","Bane"],"picked":"Well Laid Plans","floor":18.0},{"not_picked":["Reflex","Dagger Spray"],"picked":"Backflip","floor":21.0},{"not_picked":["Deadly Poison","Dagger Spray"],"picked":"Prepared+1","floor":25.0},{"not_picked":["Bane","Bouncing Flask","Crippling Poison"],"picked":"SKIP","floor":28.0},{"not_picked":["PiercingWail","Dagger Spray"],"picked":"Deflect","floor":29.0},{"not_picked":["Bullet Time","Adrenaline"],"picked":"After Image","floor":33.0},{"not_picked":["Eviscerate","All Out Attack","Backstab"],"picked":"SKIP","floor":35.0},{"not_picked":["Concentrate","Quick Slash"],"picked":"Acrobatics","floor":36.0},{"not_picked":["Footwork","Dash+1"],"picked":"Expertise+1","floor":37.0},{"not_picked":["Quick Slash","Dagger Spray","Slice"],"picked":"SKIP","floor":38.0},{"not_picked":["Outmaneuver","Backflip"],"picked":"PiercingWail","floor":40.0}],"player_experience":1443835,"relics_obtained":[{"floor":7.0,"key":"Kunai"},{"floor":9.0,"key":"Du-Vu Doll"},{"floor":19.0,"key":"Enchiridion"},{"floor":20.0,"key":"Red Mask"},{"floor":26.0,"key":"Peace Pipe"},{"floor":37.0,"key":"Girya"},{"floor":40.0,"key":"Bottled Lightning"}],"event_choices":[{"damage_healed":0.0,"max_hp_gain":0.0,"max_hp_loss":0.0,"gold_gain":0.0,"event_name":"The Woman in Blue","player_choice":"Bought 2 Potions","floor":2.0,"gold_loss":0.0,"damage_taken":0.0},{"damage_healed":0.0,"max_hp_gain":0.0,"max_hp_loss":0.0,"gold_gain":0.0,"event_name":"Cursed Tome","player_choice":"Obtained Book","floor":19.0,"gold_loss":0.0,"damage_taken":21.0},{"damage_healed":0.0,"max_hp_gain":0.0,"max_hp_loss":0.0,"gold_gain":0.0,"event_name":"Masked Bandits","player_choice":"Fought Bandits","floor":20.0,"gold_loss":0.0,"damage_taken":0.0},{"cards_removed":["Strike_G"],"damage_healed":0.0,"max_hp_gain":0.0,"max_hp_loss":0.0,"gold_gain":0.0,"event_name":"Back to Basics","player_choice":"Elegance","floor":22.0,"gold_loss":0.0,"damage_taken":0.0},{"damage_healed":0.0,"max_hp_gain":0.0,"max_hp_loss":0.0,"gold_gain":50.0,"event_name":"Nest","player_choice":"Stole From Cult","floor":24.0,"gold_loss":0.0,"damage_taken":0.0},{"damage_healed":0.0,"max_hp_gain":0.0,"max_hp_loss":0.0,"gold_gain":0.0,"event_name":"Mysterious Sphere","player_choice":"Fight","floor":37.0,"gold_loss":0.0,"damage_taken":0.0},{"damage_healed":0.0,"max_hp_gain":0.0,"max_hp_loss":3.0,"gold_gain":0.0,"event_name":"Winding Halls","player_choice":"Max HP","floor":39.0,"gold_loss":0.0,"damage_taken":0.0}],"is_beta":false,"boss_relics":[{"not_picked":["WristBlade","Calling Bell"],"picked":"Coffee Dripper"},{"not_picked":["Cursed Key","Sozu"],"picked":"Empty Cage"}],"items_purged_floors":[8],"is_endless":false,"potions_floor_spawned":[3,5,11,13,14,20,28,29,33,35,36,37,38,40],"killed_by":"Reptomancer","ascension_level":15}}