{"host":"v3mpq6flurzldi5g","time":1611544433,"event":{"mods":["AchievementEnabler","BaseMod","Colored Powertips","Highlight Path","Minty Spire (QoL Compilation)","StSLib"],"gold_per_floor":[116,31,45,58,69,69,80,100,123,123,74,74,93,107,107,202,202,212,226,2,21,33,48,48,48,48],"floor_reached":25,"language":"ENG","playtime":1130,"items_purged":["Strike_R"],"score":322,"play_id":"67b2506a-8e71-4e0d-9807-f52997885482","local_time":"20210124221353","is_ascension_mode":true,"campfire_choices":[{"data":"Defend_R","floor":6.0,"key":"SMITH"},{"data":"Defend_R","floor":10.0,"key":"SMITH"},{"data":"Defend_R","floor":12.0,"key":"SMITH"},{"data":"Defend_R","floor":15.0,"key":"SMITH"},{"floor":24,"key":"REST"}],"circlet_count":0,"master_deck":["AscendersBane","Strike_R","Strike_R","Strike_R","Strike_R","Defend_R+1","Defend_R+1","Defend_R+1","Defend_R+1","Bash","Shockwave","Carnage","Ghostly Armor","Spot Weakness","Cleave","Heavy Blade","Berserk","Twin Strike"],"relics":["Burning Blood","Happy Flower","Juzu Bracelet","Cursed Key","MealTicket"],"acts_visited":["Exordium","TheCity"],"potions_floor_usage":[16,16,21,22,23],"damage_taken":[{"damage":4.0,"enemies":"Jaw Worm","floor":1.0,"turns":5.0},{"damage":0.0,"enemies":"Cultist","floor":3.0,"turns":4.0},{"damage":6.0,"enemies":"Small Slimes","floor":4.0,"turns":4.0},{"damage":4.0,"enemies":"3 Louse","floor":5.0,"turns":3.0},{"damage":8.0,"enemies":"Looter","floor":7.0,"turns":3.0},{"damage":1.0,"enemies":"2 Fungi Beasts","floor":8.0,"turns":3.0},{"damage":3.0,"enemies":"Lots of Slimes","floor":13.0,"turns":5.0},{"damage":6.0,"enemies":"3 Louse","floor":14.0,"turns":2.0},{"damage":50,"enemies":"Hexaghost","floor":16,"turns":13},{"damage":18,"enemies":"3 Byrds","floor":18,"turns":6},{"damage":18,"enemies":"Shell Parasite","floor":19,"turns":5},{"damage":7,"enemies":"3 Cultists","floor":21,"turns":4},{"damage":18,"enemies":"Snake Plant","floor":22,"turns":4},{"damage":15,"enemies":"Shelled Parasite and Fungi","floor":23,"turns":4},{"damage":49,"enemies":"Book of Stabbing","floor":25,"turns":5}],"seed_played":"-2986568033579122123","potions_obtained":[{"floor":3.0,"key":"AttackPotion"},{"floor":4.0,"key":"Swift Potion"},{"floor":14.0,"key":"Weak Potion"},{"floor":16,"key":"ColorlessPotion"},{"floor":18,"key":"EssenceOfSteel"},{"floor":19,"key":"Fire Potion"},{"floor":22,"key":"Weak Potion"}],"is_trial":false,"path_per_floor":["M","?","M","M","M","R","M","M","T","R","$","R","M","M","R","B",null,"M","M","$","M","M","M","R","E"],"character_chosen":"IRONCLAD","items_purchased":["Heavy Blade","MealTicket"],"campfire_rested":1,"item_purchase_floors":[11,20],"current_hp_per_floor":[74,74,80,80,80,80,78,80,80,80,80,80,80,80,80,36,69,57,45,45,44,32,23,47,0,0],"gold":48,"neow_bonus":"THREE_CARDS","is_daily":false,"chose_seed":false,"campfire_upgraded":4,"win_rate":0.0,"timestamp":1611544433,"path_taken":["M","?","M","M","M","R","M","?","T","R","$","R","M","M","R","BOSS","M","M","$","M","M","M","R","E"],"items_purchased_type":["Card","Relic"],"build_version":"2020-12-22","purchased_purges":1,"victory":false,"max_hp_per_floor":[80,80,80,80,80,80,80,80,80,80,80,80,80,80,80,80,80,80,80,80,80,80,80,80,80,80],"card_choices":[{"not_picked":["Cleave","Shrug It Off"],"picked":"Shockwave","floor":0.0},{"not_picked":["Warcry","Combust"],"picked":"Carnage","floor":1.0},{"not_picked":["Body Slam","Rage"],"picked":"Ghostly Armor","floor":3.0},{"not_picked":["Iron Wave","Blood for Blood","Entrench"],"picked":"SKIP","floor":4.0},{"not_picked":["Shockwave","Armaments"],"picked":"Spot Weakness","floor":5.0},{"not_picked":["Twin Strike","Perfected Strike"],"picked":"Cleave","floor":7.0},{"not_picked":["Hemokinesis","Power Through","Anger"],"picked":"SKIP","floor":8.0},{"not_picked":["Clothesline","Anger","Power Through"],"picked":"SKIP","floor":13.0},{"not_picked":["Power Through","Wild Strike","Headbutt"],"picked":"SKIP","floor":14.0},{"not_picked":["Offering","Impervious"],"picked":"Berserk","floor":16},{"not_picked":["Clash","Pommel Strike","Perfected Strike+1"],"picked":"SKIP","floor":18},{"not_picked":["Heavy Blade","Whirlwind","Perfected Strike"],"picked":"SKIP","floor":19},{"not_picked":["Iron Wave","True Grit","Reckless Charge"],"picked":"SKIP","floor":21},{"not_picked":["Headbutt","Sword Boomerang"],"picked":"Twin Strike","floor":22},{"not_picked":["Perfected Strike","Wild Strike+1","Clash"],"picked":"SKIP","floor":23}],"player_experience":1042032,"relics_obtained":[{"floor":9.0,"key":"Juzu Bracelet"}],"event_choices":[{"damage_healed":0.0,"max_hp_gain":0.0,"max_hp_loss":0.0,"gold_gain":0.0,"event_name":"WeMeetAgain","player_choice":"Paid Gold","floor":2.0,"gold_loss":85.0,"damage_taken":0.0,"relics_obtained":["Happy Flower"]}],"is_beta":false,"boss_relics":[{"not_picked":["Snecko Eye","Tiny House"],"picked":"Cursed Key"}],"items_purged_floors":[20],"is_endless":false,"potions_floor_spawned":[3,4,5,14,16,18,19,22],"killed_by":"Book of Stabbing","ascension_level":12}}