{"host":"8is2j71l4wmybkoi","time":1611571775,"event":{"mods":["AchievementEnabler","BaseMod","Colored Map","Minty Spire (QoL Compilation)","Rare Cards Sparkle","StSLib","SuperFastMode"],"gold_per_floor":[113,136,32,47,60,60,60,60,60,76,76,86,119,119,119,119,119],"floor_reached":16,"language":"KOR","playtime":432,"items_purged":[],"score":190,"play_id":"2547f659-cff2-430a-bbc3-05e813286749","local_time":"20210125194935","is_ascension_mode":true,"campfire_choices":[{"data":"Sunder","floor":6,"key":"SMITH"},{"data":"Zap","floor":8,"key":"SMITH"},{"floor":15,"key":"REST"}],"circlet_count":0,"master_deck":["AscendersBane","Strike_B","Strike_B","Strike_B","Strike_B","Defend_B","Defend_B","Defend_B","Defend_B","Zap+1","Dualcast","Thunder Strike","Sweeping Beam","Sunder+1","Coolheaded","Hologram","Gash","Seek","Cold Snap"],"relics":["Cracked Core","Nunchaku","Emotion Chip","Ancient Tea Set","Question Card"],"acts_visited":["Exordium"],"potions_floor_usage":[5,10,13],"damage_taken":[{"damage":1,"enemies":"Cultist","floor":1,"turns":3},{"damage":7,"enemies":"Jaw Worm","floor":4,"turns":3},{"damage":7,"enemies":"Small Slimes","floor":5,"turns":3},{"damage":17,"enemies":"Exordium Wildlife","floor":10,"turns":2},{"damage":19,"enemies":"Large Slime","floor":12,"turns":4},{"damage":12,"enemies":"Lagavulin","floor":13,"turns":6},{"damage":22,"enemies":"The Guardian","floor":16,"turns":8}],"seed_played":"-1864078688158280672","potions_obtained":[{"floor":1,"key":"PowerPotion"},{"floor":4,"key":"Energy Potion"},{"floor":5,"key":"LiquidBronze"},{"floor":12,"key":"FocusPotion"}],"is_trial":false,"path_per_floor":["M","T","$","M","M","R","$","R","T","M","?","M","E","?","R","B"],"character_chosen":"DEFECT","items_purchased":["Sunder","Coolheaded"],"campfire_rested":1,"item_purchase_floors":[3,3],"current_hp_per_floor":[63,63,63,56,49,49,49,49,49,32,32,13,1,1,22,0,0],"gold":119,"neow_bonus":"ONE_RANDOM_RARE_CARD","is_daily":false,"chose_seed":false,"campfire_upgraded":2,"win_rate":0.0,"timestamp":1611571775,"path_taken":["M","?","$","M","M","R","?","R","T","M","?","?","E","?","R","BOSS"],"items_purchased_type":["Card","Card"],"build_version":"2020-12-22","purchased_purges":0,"victory":false,"max_hp_per_floor":[71,71,71,71,71,71,71,71,71,71,71,71,71,71,71,71,71],"card_choices":[{"not_picked":["Hello World","Compile Driver"],"picked":"Sweeping Beam","floor":1},{"not_picked":["Rip and Tear","Stack"],"picked":"Hologram","floor":4},{"not_picked":["Redo","Stack"],"picked":"Gash","floor":5},{"not_picked":["Redo","Compile Driver"],"picked":"Seek","floor":10},{"not_picked":["Leap","Hologram"],"picked":"Cold Snap","floor":12},{"not_picked":["Sweeping Beam","Stack","Sunder"],"picked":"SKIP","floor":13}],"player_experience":787002,"relics_obtained":[{"floor":2,"key":"Nunchaku"},{"floor":9,"key":"Emotion Chip"},{"floor":13,"key":"Question Card"}],"event_choices":[{"damage_healed":0,"gold_gain":0,"player_choice":"Gave Potion","damage_taken":0,"relics_obtained":["Ancient Tea Set"],"max_hp_gain":0,"max_hp_loss":0,"event_name":"WeMeetAgain","floor":11,"gold_loss":0},{"damage_healed":0,"gold_gain":0,"player_choice":"Ignored","damage_taken":0,"max_hp_gain":0,"max_hp_loss":0,"event_name":"Shining Light","floor":14,"gold_loss":0}],"is_beta":false,"boss_relics":[],"items_purged_floors":[],"is_endless":false,"potions_floor_spawned":[1,4,5,12],"killed_by":"The Guardian","ascension_level":18}}