{"host":"f5gffvlv6a66yqkd","time":1611567526,"event":{"mods":["2.2 Compatiblity","BaseMod","Colored Map","Custom Start","DeckTracker","Keyboard Shortcuts","Minty Spire (QoL Compilation)","Permanent Neow","Quick Restart","Relic Stats","StSLib","SuperFastMode"],"gold_per_floor":[19,19,19,42,66,66,97,111,111,111,111,111,129,12,12,12,12],"floor_reached":16,"language":"KOR","playtime":331,"items_purged":["Strike_G"],"score":200,"play_id":"a35aa963-6555-4678-9f7b-e4c96dcd4fdd","local_time":"20210125183846","is_ascension_mode":true,"campfire_choices":[{"data":"Bane","floor":6.0,"key":"SMITH"},{"floor":10.0,"key":"REST"},{"floor":12.0,"key":"REST"},{"data":"Tactician","floor":15.0,"key":"SMITH"}],"circlet_count":0,"master_deck":["AscendersBane","Strike_G","Strike_G","Strike_G","Defend_G","Defend_G","Defend_G","Defend_G","Survivor","Neutralize","Deadly Poison","Bouncing Flask","Bane+1","Acrobatics","PiercingWail","Burst","Escape Plan","Escape Plan","Tactician+1"],"relics":["Ring of the Snake","Golden Idol","Anchor","Meat on the Bone","Girya"],"acts_visited":["Exordium"],"potions_floor_usage":[16],"damage_taken":[{"damage":1.0,"enemies":"2 Louse","floor":1.0,"turns":3.0},{"damage":0.0,"enemies":"Small Slimes","floor":4.0,"turns":3.0},{"damage":1.0,"enemies":"Jaw Worm","floor":5.0,"turns":3.0},{"damage":24.0,"enemies":"Gremlin Nob","floor":7.0,"turns":4.0},{"damage":6.0,"enemies":"Lots of Slimes","floor":8.0,"turns":4.0},{"damage":3.0,"enemies":"Gremlin Gang","floor":13.0,"turns":6.0},{"damage":50,"enemies":"Slime Boss","floor":16,"turns":6}],"seed_played":"-6656519638843916508","potions_obtained":[{"floor":5.0,"key":"Fire Potion"},{"floor":8.0,"key":"PowerPotion"}],"is_trial":false,"path_per_floor":["M","?","?","M","M","R","E","M","T","R","?","R","M","$","R","B"],"character_chosen":"THE_SILENT","items_purchased":["Tactician"],"campfire_rested":2,"item_purchase_floors":[14],"current_hp_per_floor":[58,35,35,35,34,34,10,4,4,23,12,31,40,40,40,0,0],"gold":12,"neow_bonus":"TRANSFORM_TWO_CARDS","is_daily":false,"chose_seed":false,"campfire_upgraded":2,"win_rate":0.0,"timestamp":1611567526,"path_taken":["M","?","?","M","M","R","E","M","T","R","?","R","M","$","R","BOSS"],"items_purchased_type":["Card"],"build_version":"2020-12-22","purchased_purges":1,"victory":false,"max_hp_per_floor":[66,66,66,66,66,66,66,66,66,66,66,66,66,66,66,66,66],"relic_stats":{"counters":[7,29],"Golden Idol":23,"obtain_stats":[{"Girya":11,"Anchor":7,"Golden Idol":2,"Ring of the Snake":0,"Meat on the Bone":9},{"Girya":5,"Anchor":4,"Golden Idol":1,"Ring of the Snake":0,"Meat on the Bone":5},{"Girya":17,"Anchor":13,"Golden Idol":3,"Ring of the Snake":0,"Meat on the Bone":17}],"Ring of the Snake":[14],"Meat on the Bone":12},"card_choices":[{"not_picked":["Dash","Blur"],"picked":"Bane","floor":1.0},{"not_picked":["PiercingWail","Distraction"],"picked":"Acrobatics","floor":4.0},{"not_picked":["Quick Slash","Dagger Spray"],"picked":"PiercingWail","floor":5.0},{"not_picked":["Terror","Blade Dance"],"picked":"Burst","floor":7.0},{"not_picked":["Flying Knee","Blade Dance"],"picked":"Escape Plan","floor":8.0},{"not_picked":["Poisoned Stab","Slice"],"picked":"Escape Plan","floor":13.0}],"player_experience":1612901,"relics_obtained":[{"floor":7.0,"key":"Anchor"},{"floor":9.0,"key":"Meat on the Bone"}],"event_choices":[{"damage_healed":0.0,"max_hp_gain":0.0,"max_hp_loss":0.0,"gold_gain":0.0,"event_name":"Golden Idol","player_choice":"Take Damage","floor":2.0,"gold_loss":0.0,"damage_taken":23.0,"relics_obtained":["Golden Idol"]},{"damage_healed":0.0,"max_hp_gain":0.0,"max_hp_loss":0.0,"gold_gain":0.0,"event_name":"Liars Game","player_choice":"Ignored","floor":3.0,"gold_loss":0.0,"damage_taken":0.0},{"damage_healed":0.0,"max_hp_gain":0.0,"max_hp_loss":0.0,"gold_gain":0.0,"event_name":"Scrap Ooze","player_choice":"Success","floor":11.0,"gold_loss":0.0,"damage_taken":11.0,"relics_obtained":["Girya"]}],"is_beta":false,"boss_relics":[],"items_purged_floors":[14],"is_endless":false,"potions_floor_spawned":[5,8],"killed_by":"Slime Boss","ascension_level":20}}