{"host":"5853c1oyph9xmrns","time":1611618644,"event":{"mods":["BaseMod","Colored Powertips","Downfall","Googly Eyes","Hermit","Mimic Mod","Minty Spire (QoL Compilation)","Quick Restart","Rare Cards Sparkle","StSLib","The IronCluck","Wide Potions"],"gold_per_floor":[99,99,99,199,274,274,274,274,291,308,408,422,176,202,52,95,218,218,18,33,75,89,102,119,119,4,0,0,0,0],"floor_reached":27,"language":"ENG","playtime":1374,"items_purged":[],"score":363,"play_id":"5abf5939-219b-4f46-b673-215fae6f8919","local_time":"20210125195044","is_ascension_mode":false,"campfire_choices":[{"floor":1.0,"key":"RECALL"}],"circlet_count":0,"master_deck":["sneckomod:Strike","sneckomod:Strike","sneckomod:Strike","sneckomod:Defend","sneckomod:Defend","sneckomod:Defend","sneckomod:TailWhip","sneckomod:SnekBite","sneckomod:Unknown","sneckomod:SlitherStrike","downfall:Haunted","downfall:Haunted","downfall:Aged","sneckomod:UnknownRareSkill","downfall:Icky","Pain","sneckomod:UnknownStrength","sneckomod:Rotation","sneckomod:ImprovisedAttack","sneckomod:PureSnecko","sneckomod:SoulDraw","sneckomod:PureSnecko","sneckomod:UnknownClassTHE_BRONZE_AUTOMATON","sneckomod:UnknownUncommonAttack","sneckomod:UnknownUncommonSkill+1","sneckomod:MorePower","CurseOfTheBell","Impervious+1","sneckomod:CheapStock","sneckomod:UnknownRareAttack+1","sneckomod:UnknownVulnerable+1","sneckomod:Unknown3Cost+1","sneckomod:UnknownVulnerable+1","sneckomod:SoulCleanse+1","sneckomod:UnknownVulnerable+1","sneckomod:SnekBeam","sneckomod:Unknown3Cost+1","sneckomod:UnknownWeak+1","sneckomod:UnknownRareAttack","sneckomod:UnknownRareSkill+1","sneckomod:UnknownRarePower","sneckomod:SoulDraw+1","sneckomod:UnknownStrength+1","sneckomod:UnknownStrength+1"],"relics":["sneckomod:SneckoSoul","downfall:HeartsMalice","Du-Vu Doll","Anchor","Membership Card","sneckomod:SneckoCommon","Toxic Egg 2","Calling Bell","Nunchaku","Kunai","Lizard Tail","downfall:HeartBlessingGreen","downfall:HeartBlessingRed","sneckomod:RareBoosterPack"],"acts_visited":["Exordium","TheCity"],"potions_floor_usage":[],"damage_taken":[{"damage":0.0,"enemies":"2 Louse","floor":2.0,"turns":1.0},{"damage":0.0,"enemies":"Cultist","floor":5.0,"turns":1.0},{"damage":0.0,"enemies":"Jaw Worm","floor":6.0,"turns":1.0},{"damage":3.0,"enemies":"2 Fungi Beasts","floor":8.0,"turns":2.0},{"damage":23.0,"enemies":"Large Slime","floor":9.0,"turns":5.0},{"damage":2.0,"enemies":"2 Fungi Beasts","floor":11.0,"turns":3.0},{"damage":18.0,"enemies":"downfall:FleeingMerchant","floor":12.0,"turns":4.0},{"damage":45.0,"enemies":"Gremlin Nob","floor":13.0,"turns":4.0},{"damage":5.0,"enemies":"Blue Slaver","floor":15.0,"turns":2.0},{"damage":40.0,"enemies":"SI_SHIV_ARCHETYPE","floor":16.0,"turns":7.0},{"damage":23.0,"enemies":"Spheric Guardian","floor":19.0,"turns":4.0},{"damage":34.0,"enemies":"Shell Parasite","floor":20.0,"turns":7.0},{"damage":13.0,"enemies":"Centurion and Healer","floor":21.0,"turns":4.0},{"damage":26.0,"enemies":"3 Cultists","floor":22.0,"turns":5.0},{"damage":6.0,"enemies":"Cultist and Chosen","floor":23.0,"turns":3.0},{"damage":15,"enemies":"downfall:FleeingMerchant","floor":25,"turns":4},{"damage":20,"enemies":"downfall:FleeingMerchant","floor":26,"turns":5},{"damage":20,"enemies":"Chosen and Byrds","floor":27,"turns":4}],"seed_played":"6102694827805167076","potions_obtained":[{"floor":4.0,"key":"downfall:CursedFountainPotion"},{"floor":8.0,"key":"hexamod:SoulburnPotion"},{"floor":16.0,"key":"hexamod:SoulburnPotion"}],"is_trial":false,"path_per_floor":["R","M","?","?","M","M","T","M","M","?","M","$","E","?","M","B",null,"R","M","M","M","M","M","T","$","$","M"],"character_chosen":"THE_SNECKO","items_purchased":["Membership Card","sneckomod:SneckoCommon","sneckomod:RareBoosterPack","sneckomod:SoulDraw+1"],"campfire_rested":0,"item_purchase_floors":[12,12,25,25],"current_hp_per_floor":[90,90,90,95,95,95,95,95,92,69,69,67,49,4,105,100,60,105,105,82,48,35,9,3,3,40,20,0,0,0],"gold":0,"neow_bonus":"THREE_ENEMY_KILL","is_daily":false,"chose_seed":false,"campfire_upgraded":0,"win_rate":0.0,"timestamp":1611618644,"path_taken":["R","M","?","?","?","M","T","M","M","?","M","$","E","?","M","BOSS","R","M","M","M","M","?","T","?","$","?"],"items_purchased_type":["Relic","Relic","Relic","Card"],"build_version":"2020-12-22","purchased_purges":0,"victory":false,"max_hp_per_floor":[90,90,90,95,95,95,95,95,95,95,95,95,95,95,105,105,105,105,105,105,105,105,105,105,105,105,105,105,105,105],"card_choices":[{"not_picked":["sneckomod:SerpentIdol","sneckomod:WideSting"],"picked":"sneckomod:SlitherStrike","floor":2.0},{"not_picked":["sneckomod:WideSting","sneckomod:ImprovisedGuard"],"picked":"sneckomod:UnknownStrength","floor":5.0},{"not_picked":["sneckomod:UnknownCommonAttack","sneckomod:DiceCrush"],"picked":"sneckomod:Rotation","floor":6.0},{"not_picked":["sneckomod:UnknownBlock","sneckomod:UnknownWeak"],"picked":"sneckomod:ImprovisedAttack","floor":8.0},{"not_picked":["sneckomod:UnknownBlock","sneckomod:Mudshield"],"picked":"sneckomod:PureSnecko","floor":9.0},{"not_picked":["sneckomod:UnknownCommonSkill","sneckomod:UnknownCommonAttack"],"picked":"sneckomod:SoulDraw","floor":11.0},{"not_picked":["sneckomod:SoulDraw","sneckomod:QuickMove"],"picked":"sneckomod:PureSnecko","floor":12.0},{"not_picked":["sneckomod:UnknownWeak+1","sneckomod:QuickBite"],"picked":"sneckomod:UnknownUncommonAttack","floor":13.0},{"not_picked":["sneckomod:MasterEye","sneckomod:RainOfDice"],"picked":"sneckomod:UnknownUncommonSkill+1","floor":15.0},{"not_picked":["sneckomod:UnknownRareSkill+1","sneckomod:DangerNoodle"],"picked":"sneckomod:MorePower","floor":16.0},{"not_picked":["sneckomod:SoulCleanse+1","sneckomod:DiceCrush"],"picked":"sneckomod:CheapStock","floor":19.0},{"not_picked":["sneckomod:UnknownClassHEXA_GHOST_PURPLE+1","sneckomod:UnknownRareSkill+1"],"picked":"sneckomod:UnknownRareAttack+1","floor":20.0},{"not_picked":["sneckomod:UnknownX+1","sneckomod:WideSting"],"picked":"sneckomod:UnknownVulnerable+1","floor":20.0},{"not_picked":["sneckomod:WideSting","sneckomod:PureSnecko+1"],"picked":"sneckomod:Unknown3Cost+1","floor":21.0},{"not_picked":["sneckomod:UnknownClassDEFAULT_GRAY_COLOR+1","sneckomod:UnknownCommonSkill+1"],"picked":"sneckomod:UnknownVulnerable+1","floor":22.0},{"not_picked":["sneckomod:UnknownColorless+1","sneckomod:UnknownCommonSkill+1"],"picked":"sneckomod:SoulCleanse+1","floor":22.0},{"not_picked":["sneckomod:UnknownClassTHE_CHAMP_GRAY+1","sneckomod:UnknownBlock+1"],"picked":"sneckomod:UnknownVulnerable+1","floor":23.0},{"not_picked":["sneckomod:UnknownUncommonAttack","sneckomod:MasterEye"],"picked":"sneckomod:SnekBeam","floor":23.0},{"not_picked":["sneckomod:UnknownUncommonAttack+1","sneckomod:UnknownStrength+1"],"picked":"sneckomod:Unknown3Cost+1","floor":25},{"not_picked":["sneckomod:UnknownDraw+1","sneckomod:SoulRoll+1"],"picked":"sneckomod:UnknownWeak+1","floor":25},{"not_picked":["sneckomod:UnknownDexterity+1","sneckomod:UnknownDraw+1"],"picked":"sneckomod:UnknownStrength+1","floor":26},{"not_picked":["sneckomod:TrashToTreasure+1","sneckomod:Nope+1"],"picked":"sneckomod:UnknownStrength+1","floor":26}],"player_experience":457506,"relics_obtained":[{"floor":7.0,"key":"Anchor"},{"floor":13.0,"key":"Toxic Egg 2"},{"floor":17.0,"key":"Nunchaku"},{"floor":17.0,"key":"Kunai"},{"floor":17.0,"key":"Lizard Tail"}],"event_choices":[],"is_beta":false,"boss_relics":[{"not_picked":["Velvet Choker","Sozu"],"picked":"Calling Bell"}],"items_purged_floors":[],"is_endless":false,"potions_floor_spawned":[8,13,15,16,21],"killed_by":"Chosen and Byrds","ascension_level":0}}