{"host":"rolltorest","time":1611551528,"event":{"mods":["BaseMod","Minty Spire (QoL Compilation)","Relic Stats","Robot Space Explorer","Slay the Relics Exporter","StSLib","The Servant 0.9.4"],"gold_per_floor":[118,130,95,105,105,139,139,156,237,247,280,280,53,84,84,155,155,169,169,54,104,154,154,188,206,206,271,271,298,191,210,210,281,281,299,349,362,33,83,83,116,116,116,166,196,213,240,143,143,143,143,143,143,10,35,35],"floor_reached":57,"language":"ENG","playtime":2744,"items_purged":["Strike_S","Strike_S","Strike_S"],"score":3388,"play_id":"6ed9430a-8c78-44aa-a19c-8a0a955d0bd3","local_time":"20210124211208","is_ascension_mode":true,"campfire_choices":[{"data":"Trip","floor":7,"key":"SMITH"},{"floor":12,"key":"REST"},{"data":"Barrier","floor":15,"key":"SMITH"},{"data":"Hightail","floor":23,"key":"SMITH"},{"floor":28,"key":"REST"},{"data":"Manipulate","floor":32,"key":"SMITH"},{"data":"FloweringNight","floor":40,"key":"SMITH"},{"data":"Luminosity","floor":42,"key":"SMITH"},{"floor":49,"key":"RECALL"},{"data":"BottledTime","floor":53,"key":"SMITH"}],"circlet_count":0,"master_deck":["AscendersBane","Defend_S","Defend_S","Defend_S","Defend_S","KidneyShot","Exchange","Trip+1","Orbit","Defy","Potential","Rewind","SilverBlades","Barrier+1","ForgedInTime","Gouge","Initiator","Spin+1","Hightail+1","Luminosity+1","Starlight","ShatteredReality+1","Alleviate","Manipulate+1","FloweringNight+1","Apotheosis","TheWorld","Defy+1","Sabotage+1","BottledTime+1","Rearm+1","Foresight"],"relics":["Uniform","StoneCalendar","Singing Bowl","Nunchaku","Incense Burner","StoneMask","SsserpentHead","Lee\u0027s Waffle","MutagenicStrength","Tiny Chest","Pantograph","Bag of Marbles","Busted Crown","FossilizedHelix","Ornamental Fan","The Courier","Bottled Lightning","Orrery","Chemical X","Vajra"],"acts_visited":["Exordium","TheCity","TheBeyond","TheEnding"],"potions_floor_usage":[8,16,29,33,37,56,56],"damage_taken":[{"damage":8,"enemies":"Small Slimes","floor":1,"turns":4},{"damage":5,"enemies":"2 Louse","floor":2,"turns":3},{"damage":0,"enemies":"Cultist","floor":4,"turns":4},{"damage":26,"enemies":"Lagavulin","floor":6,"turns":6},{"damage":0,"enemies":"Red Slaver","floor":8,"turns":3},{"damage":12,"enemies":"Large Slime","floor":10,"turns":3},{"damage":24,"enemies":"3 Sentries","floor":11,"turns":7},{"damage":0,"enemies":"Lagavulin","floor":14,"turns":7},{"damage":0,"enemies":"The Guardian","floor":16,"turns":10},{"damage":18,"enemies":"3 Byrds","floor":18,"turns":5},{"damage":51,"enemies":"Book of Stabbing","floor":24,"turns":7},{"damage":12,"enemies":"2 Thieves","floor":25,"turns":3},{"damage":0,"enemies":"Centurion and Healer","floor":27,"turns":7},{"damage":27,"enemies":"Slavers","floor":29,"turns":5},{"damage":21,"enemies":"Snake Plant","floor":31,"turns":4},{"damage":35,"enemies":"Collector","floor":33,"turns":10},{"damage":1,"enemies":"Orb Walker","floor":35,"turns":5},{"damage":19,"enemies":"3 Shapes","floor":37,"turns":2},{"damage":0,"enemies":"Giant Head","floor":41,"turns":5},{"damage":3,"enemies":"Reptomancer","floor":45,"turns":5},{"damage":0,"enemies":"Sphere and 2 Shapes","floor":46,"turns":7},{"damage":0,"enemies":"Nemesis","floor":47,"turns":13},{"damage":0,"enemies":"Time Eater","floor":50,"turns":13},{"damage":0,"enemies":"Donu and Deca","floor":51,"turns":11},{"damage":0,"enemies":"Shield and Spear","floor":55,"turns":12},{"damage":0,"enemies":"The Heart","floor":56,"turns":9}],"seed_played":"3596603449965150396","potions_obtained":[{"floor":2,"key":"SpeedPotion"},{"floor":6,"key":"SneckoOil"},{"floor":11,"key":"DistilledChaos"},{"floor":14,"key":"CultistPotion"},{"floor":24,"key":"PowerPotion"},{"floor":31,"key":"BlessingOfTheForge"},{"floor":33,"key":"AttackPotion"},{"floor":41,"key":"CultistPotion"}],"is_trial":false,"path_per_floor":["M","M","?","M","?","E","R","M","T","M","E","R","$","E","R","B",null,"M","?","$","?","?","R","E","M","T","M","R","E","$","M","R","B",null,"M","?","M","$","T","R","E","R","T","?","E","M","E","$","R","B","B",null,"R","$","E","B",null],"character_chosen":"THE_SERVANT","items_purchased":["Barrier","ForgedInTime","Lee\u0027s Waffle","Alleviate","TheWorld","PowerPotion","BottledTime","Orrery","Chemical X"],"campfire_rested":2,"item_purchase_floors":[13,13,20,30,38,38,48,48,54],"current_hp_per_floor":[46,41,56,56,56,30,30,30,30,25,6,24,24,29,29,34,55,46,46,72,72,72,72,24,18,18,29,52,41,41,28,28,21,68,72,66,58,58,58,58,66,66,66,66,66,77,82,90,90,115,117,117,117,117,119,120],"gold":35,"neow_bonus":"RANDOM_COLORLESS","is_daily":false,"chose_seed":false,"campfire_upgraded":7,"win_rate":0.0,"timestamp":1611551528,"path_taken":["M","M","?","M","?","E","R","M","T","?","E","R","?","E","R","BOSS","M","?","?","?","?","R","E","M","T","?","R","E","?","M","R","BOSS","M","?","M","$","?","R","E","R","T","?","E","M","E","?","R","BOSS","BOSS","R","$","E","BOSS"],"items_purchased_type":["Card","Card","Relic","Card","Card","Potion","Card","Relic","Relic"],"build_version":"2020-12-18","purchased_purges":3,"victory":true,"max_hp_per_floor":[60,60,60,60,60,60,60,60,60,62,62,62,62,62,62,62,62,65,65,72,72,72,72,73,75,75,77,77,82,82,83,83,84,84,87,91,96,96,96,96,97,97,97,97,98,103,106,114,114,115,117,117,117,117,119,120],"relic_stats":{"SsserpentHead":450,"Nunchaku":[23],"Lee\u0027s Waffle":26,"Busted Crown":30,"Singing Bowl":24,"counters":[26,170],"Ornamental Fan":[72],"Pantograph":49,"StoneCalendar":[499],"Tiny Chest":1,"Chemical X":[14],"obtain_stats":[{"Lee\u0027s Waffle":20,"Singing Bowl":9,"StoneMask":17,"Vajra":55,"StoneCalendar":6,"The Courier":45,"Uniform":0,"Incense Burner":14,"SsserpentHead":19,"Nunchaku":11,"Busted Crown":34,"Ornamental Fan":43,"MutagenicStrength":21,"Pantograph":26,"Orrery":48,"Tiny Chest":24,"Bag of Marbles":29,"Bottled Lightning":47,"Chemical X":54,"FossilizedHelix":41},{"Lee\u0027s Waffle":10,"Singing Bowl":5,"StoneMask":9,"Vajra":25,"StoneCalendar":4,"The Courier":20,"Uniform":0,"Incense Burner":8,"SsserpentHead":10,"Nunchaku":7,"Busted Crown":16,"Ornamental Fan":19,"MutagenicStrength":10,"Pantograph":12,"Orrery":22,"Tiny Chest":11,"Bag of Marbles":14,"Bottled Lightning":22,"Chemical X":24,"FossilizedHelix":19},{"Lee\u0027s Waffle":52,"Singing Bowl":20,"StoneMask":47,"Vajra":161,"StoneCalendar":17,"The Courier":105,"Uniform":0,"Incense Burner":37,"SsserpentHead":52,"Nunchaku":30,"Busted Crown":88,"Ornamental Fan":100,"MutagenicStrength":52,"Pantograph":62,"Orrery":125,"Tiny Chest":59,"Bag of Marbles":74,"Bottled Lightning":125,"Chemical X":149,"FossilizedHelix":100}]},"card_choices":[{"not_picked":["Dramatic Entrance","Forethought"],"picked":"Trip","floor":0},{"not_picked":["TimeWarp","SurpressingFire"],"picked":"Orbit","floor":1},{"not_picked":["Luminosity","FastForward"],"picked":"Defy","floor":2},{"not_picked":["Starlight","Revamp"],"picked":"Potential","floor":4},{"not_picked":["Collapse","Reset"],"picked":"SpecialFormula","floor":6},{"not_picked":["Revamp","Unruled"],"picked":"Rewind","floor":8},{"not_picked":["Gouge","TimeWarp","Rewind"],"picked":"Singing Bowl","floor":10},{"not_picked":["SurpressingFire","Defy"],"picked":"SilverBlades","floor":11},{"not_picked":["DoubleEdge","FastForward"],"picked":"Gouge","floor":14},{"not_picked":["Duplication","Deny"],"picked":"Initiator","floor":16},{"not_picked":["ShatteredReality","Read"],"picked":"Spin+1","floor":18},{"not_picked":["KillingDoll","Defy"],"picked":"Luminosity","floor":24},{"not_picked":["TimeWarp","Foresight"],"picked":"Starlight","floor":25},{"not_picked":["Replace","Alleviate"],"picked":"ShatteredReality+1","floor":27},{"not_picked":["DoubleEdge","Ricochet","SpecialFormula"],"picked":"Singing Bowl","floor":29},{"not_picked":["Moondial","Alleviate"],"picked":"Manipulate","floor":31},{"not_picked":["SoulSculpture","ForgedInTime"],"picked":"FloweringNight","floor":33},{"not_picked":["Ricochet"],"picked":"Singing Bowl","floor":35},{"not_picked":["Purity"],"picked":"Singing Bowl","floor":36},{"not_picked":["Blind"],"picked":"Singing Bowl","floor":36},{"not_picked":[],"picked":"Apotheosis","floor":36},{"not_picked":["Unruled+1"],"picked":"Singing Bowl","floor":37},{"not_picked":[],"picked":"Defy+1","floor":41},{"not_picked":[],"picked":"Sabotage+1","floor":45},{"not_picked":["Alleviate"],"picked":"Singing Bowl","floor":46},{"not_picked":["BestPractice"],"picked":"Singing Bowl","floor":47},{"not_picked":[],"picked":"Rearm+1","floor":48},{"not_picked":["FanOfKnives"],"picked":"Singing Bowl","floor":48},{"not_picked":["Revamp"],"picked":"Singing Bowl","floor":48},{"not_picked":["ShatteredReality+1"],"picked":"Singing Bowl","floor":48},{"not_picked":["Ricochet+1"],"picked":"Singing Bowl","floor":48},{"not_picked":[],"picked":"Foresight","floor":55}],"player_experience":2112540,"relics_obtained":[{"floor":6,"key":"StoneCalendar"},{"floor":9,"key":"Singing Bowl"},{"floor":11,"key":"Nunchaku"},{"floor":14,"key":"Incense Burner"},{"floor":24,"key":"Tiny Chest"},{"floor":26,"key":"Pantograph"},{"floor":29,"key":"Bag of Marbles"},{"floor":41,"key":"FossilizedHelix"},{"floor":43,"key":"Ornamental Fan"},{"floor":45,"key":"The Courier"},{"floor":47,"key":"Bottled Lightning"},{"floor":55,"key":"Vajra"}],"event_choices":[{"damage_healed":15,"gold_gain":0,"player_choice":"Healed","damage_taken":0,"max_hp_gain":0,"max_hp_loss":0,"event_name":"The Cleric","floor":3,"gold_loss":35},{"cards_removed":["Strike_S"],"damage_healed":0,"gold_gain":0,"player_choice":"Offered Basic","damage_taken":0,"max_hp_gain":0,"max_hp_loss":0,"event_name":"Bonfire Elementals","floor":5,"gold_loss":0},{"damage_healed":0,"gold_gain":0,"player_choice":"Trade","damage_taken":0,"relics_obtained":["SsserpentHead"],"max_hp_gain":0,"max_hp_loss":0,"event_name":"FaceTrader","floor":19,"gold_loss":0},{"damage_healed":0,"gold_gain":0,"player_choice":"Inject Mutagens","damage_taken":0,"relics_obtained":["MutagenicStrength"],"max_hp_gain":0,"max_hp_loss":0,"event_name":"Drug Dealer","floor":21,"gold_loss":0},{"damage_healed":0,"gold_gain":0,"player_choice":"Read","damage_taken":0,"max_hp_gain":0,"max_hp_loss":0,"event_name":"The Library","floor":22,"gold_loss":0,"cards_obtained":["Hightail"]},{"damage_healed":0,"gold_gain":0,"player_choice":"Memory 3","damage_taken":10,"max_hp_gain":0,"max_hp_loss":0,"event_name":"SensoryStone","floor":36,"gold_loss":0},{"cards_removed":["SpecialFormula"],"damage_healed":0,"gold_gain":0,"player_choice":"Removed Skill","damage_taken":0,"max_hp_gain":0,"max_hp_loss":0,"event_name":"Falling","floor":44,"gold_loss":0}],"is_beta":true,"boss_relics":[{"not_picked":["SlaversCollar","Black Star"],"picked":"StoneMask"},{"not_picked":["Astrolabe","Velvet Choker"],"picked":"Busted Crown"}],"items_purged_floors":[13,30,38],"is_endless":false,"potions_floor_spawned":[2,6,11,14,24,27,31,33,41,46,47],"ascension_level":20}}