{"host":"f92cxfnb1r2wg3zj","time":1611587169,"event":{"mods":["AchievementEnabler","BaseMod","Better Skull","Challenge The Spire","Downfall","Minty Spire (QoL Compilation)","Replay The Spire","Spicy Shops","StSLib"],"gold_per_floor":[349,113,146,179,212,212,212,212,247,282,282,282],"floor_reached":11,"language":"ENG","playtime":727,"items_purged":["Strike_B","Shame","Doubt"],"score":105,"play_id":"e716a3b2-4cb9-47a8-bbb0-a8e96f6f4f5f","local_time":"20210126013609","daily_mods":["challengethespire:Bronze Difficulty","challengethespire:Modded Elite Rush","Uncertain Future"],"is_ascension_mode":false,"campfire_choices":[{"floor":7,"key":"REST"},{"floor":8,"key":"REST"}],"circlet_count":0,"master_deck":["Strike_B","Strike_B","Strike_B","Defend_B","Defend_B","Defend_B","Defend_B","Zap","Dualcast","Capacitor","BasicCrystalCard","Crystallizer","Tempest","Coolheaded","Turbo","Pot Of Greed","Pot Of Greed","Electrodynamics","Heatsinks"],"relics":["Cracked Core","Black Star","Sling","PreservedInsect","hexamod:BolsterEngine","Geode","Strange Spoon","ReplayTheSpireMod:CursedCoin","BargainBundle","Replay:Multitool","Replay:Antivirus Software","Slimebound:StickyStick","Incense Burner","Replay:Arrowhead","Replay:Bandana","MealTicket","bronze:MakeshiftBattery","Grinning Jar","Nunchaku","White Beast Statue","StrikeDummy"],"acts_visited":["Exordium"],"potions_floor_usage":[],"damage_taken":[{"damage":30,"enemies":"Lagavulin","floor":3,"turns":6},{"damage":18,"enemies":"Replay:BlueRogue","floor":4,"turns":3},{"damage":12,"enemies":"3 Sentries","floor":5,"turns":4},{"damage":36,"enemies":"Slavers","floor":9,"turns":5},{"damage":1,"enemies":"Replay:Snechameleon","floor":10,"turns":4},{"damage":25,"enemies":"Gremlin Leader","floor":11,"turns":4}],"seed_played":"-3126542001529648245","potions_obtained":[{"floor":9,"key":"EssenceOfSteel"}],"is_trial":true,"path_per_floor":["$","$","E","E","E","T","R","R","E","E","E"],"character_chosen":"DEFECT","items_purchased":["hexamod:BolsterEngine","Capacitor","Geode","BasicCrystalCard","Strange Spoon","ReplayTheSpireMod:CursedCoin","BargainBundle","Crystallizer","Replay:Multitool"],"campfire_rested":2,"item_purchase_floors":[1,1,1,1,1,2,2,2,2],"current_hp_per_floor":[75,75,45,27,15,15,37,59,23,22,0,0],"gold":282,"neow_bonus":"","is_daily":false,"chose_seed":false,"campfire_upgraded":0,"win_rate":0.0,"timestamp":1611587169,"path_taken":["$","$","E","E","E","T","R","R","E","E","E"],"items_purchased_type":["Relic","Card","Relic","Card","Relic","Relic","Relic","Card","Relic"],"build_version":"2020-12-22","purchased_purges":3,"victory":false,"max_hp_per_floor":[75,75,75,75,75,75,75,75,75,75,75,75],"card_choices":[],"player_experience":910645,"relics_obtained":[{"floor":3,"key":"Replay:Antivirus Software"},{"floor":3,"key":"Slimebound:StickyStick"},{"floor":4,"key":"Incense Burner"},{"floor":4,"key":"Replay:Arrowhead"},{"floor":5,"key":"Replay:Bandana"},{"floor":5,"key":"MealTicket"},{"floor":9,"key":"Grinning Jar"},{"floor":9,"key":"Nunchaku"},{"floor":10,"key":"White Beast Statue"},{"floor":10,"key":"StrikeDummy"}],"event_choices":[],"is_beta":false,"boss_relics":[{"not_picked":["ChewingGum","Abe\u0027s Treasure"],"picked":"bronze:MakeshiftBattery"}],"items_purged_floors":[1,1,2],"is_endless":false,"potions_floor_spawned":[9],"killed_by":"Gremlin Leader","ascension_level":0}}