{"host":"njb27ds59h4j3ikk","time":1611539554,"event":{"mods":["AchievementEnabler","BaseMod","Better Altar","Better Match","Better Note","Better Sensory Stone","Better Skull","Better Third Choice","BetterRewards","Downfall","Hermit","Hubris","Minty Spire (QoL Compilation)","Permanent Neow","Quarter Circle Forward PUNCH!","Quick Restart","Rare Cards Sparkle","Shop Mod","StSLib","Trackpad","Transform Curses"],"gold_per_floor":[99,118,118,131,146,203,226,226,257,276,20,20,20,30,46,147,147,147,159,144,144,161,161,161,161,177,188,204,204,239,63,75,75,75,75],"floor_reached":33,"language":"ENG","playtime":1776,"items_purged":[],"score":269,"play_id":"4972c191-2cd1-45ba-a275-d2cdb6593646","local_time":"20210124205234","is_ascension_mode":false,"campfire_choices":[{"data":"Slimebound:Split","floor":1,"key":"SMITH"},{"data":"Slimebound:MegaLick","floor":13,"key":"PURGE"},{"data":"Slimebound:GoopSpray","floor":18,"key":"SMITH"},{"data":"Slimebound:RainOfGoop","floor":23,"key":"SMITH"},{"data":"Slimebound:ForwardTackle","floor":25,"key":"SMITH"},{"floor":29,"key":"REST"}],"circlet_count":0,"master_deck":["Slimebound:Strike_Slimebound","Slimebound:Strike_Slimebound","Slimebound:Tackle","Slimebound:Defend_Slimebound","Slimebound:Defend_Slimebound","Slimebound:Defend_Slimebound","Slimebound:Defend_Slimebound","Slimebound:Split+1","Slimebound:CorrosiveSpit","Slimebound:SamplingLick","Slimebound:GoopSpray+1","Slimebound:ComboTackle","Parasite","Slimebound:ForwardTackle+1","Slimebound:SplitLeeching","Slimebound:FlameTackle","Sadistic Nature","Slimebound:LeechEnergy","Slimebound:SplitMire","Slimebound:Dissolve","Slimebound:DuplicatedForm","Slimebound:AcidTongue+1","Slimebound:RainOfGoop+1","Slimebound:FinishingTackle+1","Slimebound:SlimeSpikes","Slimebound:Schlurp+1","Slimebound:ComboTackle+1","Slimebound:LeadByExample","Slimebound:MassRepurpose","Slimebound:BestDefense","Slimebound:PressTheAttack+1"],"relics":["Slimebound:AbsorbEndCombatUpgraded","hubris:Potato","Regal Pillow","Ginger","Slimebound:ScrapOozeRelic","Du-Vu Doll","hubris:Zylophone","HandDrill"],"acts_visited":["Exordium","TheCity"],"potions_floor_usage":[9,16,28,31,33,33],"damage_taken":[{"damage":3,"enemies":"2 Louse","floor":2,"turns":2},{"damage":9,"enemies":"Jaw Worm","floor":4,"turns":3},{"damage":0,"enemies":"Small Slimes","floor":5,"turns":3},{"damage":28,"enemies":"Lagavulin Event","floor":6,"turns":5},{"damage":32,"enemies":"Gremlin Nob","floor":9,"turns":4},{"damage":0,"enemies":"3 Louse","floor":10,"turns":2},{"damage":4,"enemies":"downfall:FleeingMerchant","floor":11,"turns":4},{"damage":3,"enemies":"Blue Slaver","floor":14,"turns":2},{"damage":4,"enemies":"Red Slaver","floor":15,"turns":2},{"damage":30,"enemies":"WA_ARCHETYPE_RETAIN","floor":16,"turns":5},{"damage":10,"enemies":"Chosen","floor":19,"turns":3},{"damage":10,"enemies":"downfall:FleeingMerchant","floor":20,"turns":4},{"damage":15,"enemies":"Snecko","floor":22,"turns":3},{"damage":21,"enemies":"Snake Plant","floor":26,"turns":2},{"damage":28,"enemies":"Shelled Parasite and Fungi","floor":27,"turns":4},{"damage":12,"enemies":"3 Cultists","floor":28,"turns":3},{"damage":47,"enemies":"Book of Stabbing","floor":30,"turns":5},{"damage":9,"enemies":"downfall:FleeingMerchant","floor":31,"turns":4},{"damage":10,"enemies":"Sentry and Sphere","floor":32,"turns":4},{"damage":21,"enemies":"SI_MIRROR_ARCHETYPE","floor":33,"turns":2}],"seed_played":"4719648789235464919","potions_obtained":[{"floor":6,"key":"Fire Potion"},{"floor":10,"key":"Slimebound:ThreeZeroPotion"},{"floor":16,"key":"EssenceOfSteel"},{"floor":19,"key":"Slimebound:SlimyTonguePotion"},{"floor":22,"key":"hexamod:SoulburnPotion"},{"floor":28,"key":"Fruit Juice"},{"floor":30,"key":"AttackPotion"}],"is_trial":false,"path_per_floor":["R","M","?","M","M","?","T","?","E","M","$","?","R","M","M","B",null,"R","M","$","?","M","R","T","R","M","M","M","R","E","$","M","B"],"character_chosen":"SLIMEBOUND","items_purchased":["Sadistic Nature","Slimebound:LeechEnergy","hubris:Zylophone","HandDrill","Slimebound:BestDefense"],"campfire_rested":1,"item_purchase_floors":[11,11,31,31,31],"current_hp_per_floor":[65,62,62,57,61,41,41,57,31,35,37,37,37,38,38,16,65,65,58,60,60,50,50,50,50,38,19,24,60,19,22,21,0,0,0],"gold":75,"neow_bonus":"RANDOM_COMMON_RELIC","is_daily":false,"chose_seed":false,"campfire_upgraded":4,"win_rate":0.0,"timestamp":1611539554,"path_taken":["R","M","?","M","M","?","T","?","E","M","$","?","R","?","M","BOSS","R","M","$","?","M","R","T","R","M","?","M","R","E","?","M","BOSS"],"items_purchased_type":["Card","Card","Relic","Relic","Card"],"build_version":"2020-12-22","purchased_purges":0,"victory":false,"max_hp_per_floor":[65,65,65,65,65,65,65,65,65,65,65,65,65,65,65,65,65,65,65,65,65,65,65,65,65,65,65,70,70,70,70,70,70,70,70],"card_choices":[{"not_picked":["Slimebound:Prepare","Slimebound:GoopTackle"],"picked":"Slimebound:SamplingLick","floor":2},{"not_picked":["Slimebound:LeechEnergy","Slimebound:SplitMire"],"picked":"Slimebound:GoopSpray","floor":4},{"not_picked":["Slimebound:FinishingTackle","Slimebound:LivingWall"],"picked":"Slimebound:ComboTackle","floor":5},{"not_picked":["Slimebound:LeechingTouch","Slimebound:SplitAcid"],"picked":"Slimebound:MegaLick","floor":6},{"not_picked":["Slimebound:AcidTongue","Slimebound:Grow"],"picked":"Slimebound:ForwardTackle","floor":9},{"not_picked":["Slimebound:LivingWall","Slimebound:SlimeBrawl"],"picked":"Slimebound:SplitLeeching","floor":10},{"not_picked":["Slimebound:ComboTackle","Slimebound:Overexert"],"picked":"Slimebound:FlameTackle","floor":11},{"not_picked":["Slimebound:LeechEnergy","Slimebound:Equalize"],"picked":"Slimebound:SplitMire","floor":14},{"not_picked":["Slimebound:ComboTackle","Slimebound:ServeAndProtect"],"picked":"Slimebound:Dissolve","floor":15},{"not_picked":["Slimebound:DouseInSlime","Slimebound:Teamwork"],"picked":"Slimebound:DuplicatedForm","floor":16},{"not_picked":["Slimebound:LivingWall","Slimebound:SamplingLick+1"],"picked":"Slimebound:AcidTongue+1","floor":19},{"not_picked":["Slimebound:SplitAcid+1","Slimebound:DisruptingSlam"],"picked":"Slimebound:RainOfGoop","floor":20},{"not_picked":["Slimebound:GoopTackle","Slimebound:ProtectTheBoss"],"picked":"Slimebound:FinishingTackle+1","floor":22},{"not_picked":["Slimebound:LeechEnergy","Slimebound:ProtectTheBoss"],"picked":"Slimebound:SlimeSpikes","floor":26},{"not_picked":["Slimebound:GoopTackle","Slimebound:ItLooksTasty"],"picked":"Slimebound:Schlurp+1","floor":27},{"not_picked":["Slimebound:ProtectTheBoss","Slimebound:SlimeSpikes"],"picked":"Slimebound:ComboTackle+1","floor":28},{"not_picked":["Slimebound:Schlurp","Slimebound:ComboTackle+1"],"picked":"Slimebound:LeadByExample","floor":30},{"not_picked":["Slimebound:ComboTackle","Slimebound:Prepare"],"picked":"Slimebound:MassRepurpose","floor":31},{"not_picked":["Slimebound:Grow+1","Slimebound:Prepare"],"picked":"Slimebound:PressTheAttack+1","floor":32}],"player_experience":1306907,"relics_obtained":[{"floor":6,"key":"hubris:Potato"},{"floor":7,"key":"Regal Pillow"},{"floor":9,"key":"Ginger"},{"floor":30,"key":"Du-Vu Doll"}],"event_choices":[{"damage_healed":16,"gold_gain":0,"player_choice":"Healed and dodged fight","damage_taken":0,"max_hp_gain":0,"max_hp_loss":0,"event_name":"Mushrooms","floor":8,"gold_loss":0,"cards_obtained":["Parasite"]}],"is_beta":false,"boss_relics":[{"not_picked":["Cursed Key","trackpad:Trackpad"],"picked":"Slimebound:AbsorbEndCombatUpgraded"}],"items_purged_floors":[],"is_endless":false,"potions_floor_spawned":[6,10,16,19,22,28,30],"killed_by":"SI_MIRROR_ARCHETYPE","ascension_level":0}}