{"host":"ibckqdmmf9y74ymf","time":1611589694,"event":{"mods":["2.2 Compatiblity","Ascension Unlocker","BaseMod","Colored Map","Curses Come First","Highlight Path","Minty Spire (QoL Compilation)","Quick Restart","Rare Cards Sparkle","Relic Stats","StSLib"],"gold_per_floor":[116,116,96,113,130,130,153,153,205,234,251,251,268,301,301,301,301],"floor_reached":16,"language":"ENG","playtime":503,"items_purged":[],"score":220,"play_id":"9c549ad7-6067-4288-b8a7-f826bc427c12","local_time":"20210125164814","is_ascension_mode":true,"campfire_choices":[{"data":"Footwork","floor":6.0,"key":"SMITH"},{"data":"Cloak And Dagger","floor":8.0,"key":"SMITH"},{"floor":12.0,"key":"REST"},{"data":"1","floor":15.0,"key":"LIFT"}],"circlet_count":0,"master_deck":["AscendersBane","Strike_G","Strike_G","Strike_G","Strike_G","Strike_G","Defend_G","Defend_G","Defend_G","Defend_G","Defend_G","Survivor","Neutralize","Footwork+1","Dagger Spray","Slice","Cloak And Dagger+1","Dash","Cloak And Dagger","PiercingWail","Escape Plan"],"relics":["Ring of the Snake","NeowsBlessing","Tiny Chest","Odd Mushroom","Oddly Smooth Stone","Girya","Boot"],"acts_visited":["Exordium"],"potions_floor_usage":[],"damage_taken":[{"damage":0.0,"enemies":"Jaw Worm","floor":1.0,"turns":1.0},{"damage":0.0,"enemies":"2 Louse","floor":4.0,"turns":1.0},{"damage":0.0,"enemies":"Cultist","floor":5.0,"turns":1.0},{"damage":18.0,"enemies":"The Mushroom Lair","floor":7.0,"turns":4.0},{"damage":10.0,"enemies":"Lagavulin","floor":10.0,"turns":10.0},{"damage":0.0,"enemies":"Looter","floor":11.0,"turns":3.0},{"damage":3.0,"enemies":"Large Slime","floor":13.0,"turns":10.0},{"damage":2.0,"enemies":"3 Sentries","floor":14.0,"turns":6.0},{"damage":0,"enemies":"The Guardian","floor":16,"turns":1}],"seed_played":"-2808395193242768445","potions_obtained":[{"floor":1.0,"key":"LiquidMemories"},{"floor":3.0,"key":"BlessingOfTheForge"},{"floor":4.0,"key":"SteroidPotion"},{"floor":7.0,"key":"Block Potion"},{"floor":10.0,"key":"CultistPotion"},{"floor":13.0,"key":"GhostInAJar"}],"is_trial":false,"path_per_floor":["M","?","?","M","M","R","?","R","T","E","M","R","M","E","R","B"],"character_chosen":"THE_SILENT","items_purchased":[],"campfire_rested":1,"item_purchase_floors":[],"current_hp_per_floor":[59,41,41,41,41,41,23,23,23,13,13,32,29,27,27,27,27],"gold":301,"neow_bonus":"THREE_ENEMY_KILL","is_daily":false,"chose_seed":false,"campfire_upgraded":2,"win_rate":0.0,"timestamp":1611589694,"path_taken":["M","?","?","M","?","R","?","R","T","E","M","R","M","E","R","BOSS"],"items_purchased_type":[],"build_version":"2020-12-22","purchased_purges":0,"victory":false,"max_hp_per_floor":[66,66,66,66,66,66,66,66,66,66,66,66,66,66,66,66,66],"relic_stats":{"counters":[9,36],"Tiny Chest":0,"Boot":[0],"obtain_stats":[{"Girya":10,"NeowsBlessing":0,"Oddly Smooth Stone":9,"Tiny Chest":2,"Odd Mushroom":7,"Boot":14,"Ring of the Snake":0},{"Girya":5,"NeowsBlessing":0,"Oddly Smooth Stone":4,"Tiny Chest":1,"Odd Mushroom":4,"Boot":8,"Ring of the Snake":0},{"Girya":17,"NeowsBlessing":0,"Oddly Smooth Stone":7,"Tiny Chest":1,"Odd Mushroom":7,"Boot":36,"Ring of the Snake":0}],"Ring of the Snake":[16]},"card_choices":[{"not_picked":["Poisoned Stab","Finisher"],"picked":"Footwork","floor":1.0},{"not_picked":["Acrobatics","Dodge and Roll"],"picked":"Dagger Spray","floor":4.0},{"not_picked":["PiercingWail","Dodge and Roll"],"picked":"Slice","floor":5.0},{"not_picked":["PiercingWail","Tactician"],"picked":"Cloak And Dagger","floor":7.0},{"not_picked":["Tactician","Envenom"],"picked":"Dash","floor":10.0},{"not_picked":["Distraction","Heel Hook"],"picked":"Cloak And Dagger","floor":11.0},{"not_picked":["Skewer","Slice"],"picked":"PiercingWail","floor":13.0},{"not_picked":["Bouncing Flask","Tactician"],"picked":"Escape Plan","floor":14.0}],"player_experience":664554,"relics_obtained":[{"floor":7.0,"key":"Odd Mushroom"},{"floor":9.0,"key":"Oddly Smooth Stone"},{"floor":10.0,"key":"Girya"},{"floor":14.0,"key":"Boot"}],"event_choices":[{"damage_healed":0.0,"max_hp_gain":0.0,"max_hp_loss":0.0,"gold_gain":0.0,"event_name":"Scrap Ooze","player_choice":"Success","floor":2.0,"gold_loss":0.0,"damage_taken":18.0,"relics_obtained":["Tiny Chest"]},{"damage_healed":0.0,"max_hp_gain":0.0,"max_hp_loss":0.0,"gold_gain":0.0,"event_name":"The Woman in Blue","player_choice":"Bought 1 Potion","floor":3.0,"gold_loss":0.0,"damage_taken":0.0},{"damage_healed":0.0,"max_hp_gain":0.0,"max_hp_loss":0.0,"gold_gain":0.0,"event_name":"Mushrooms","player_choice":"Fought Mushrooms","floor":7.0,"gold_loss":0.0,"damage_taken":0.0}],"is_beta":false,"boss_relics":[],"items_purged_floors":[],"is_endless":false,"potions_floor_spawned":[1,4,7,10,13],"killed_by":"The Guardian","ascension_level":20}}