{"host":"vumwfieg2b2mnrfl","time":1611616380,"event":{"mods":["AchievementEnabler","BaseMod","Minty Spire (QoL Compilation)","Rare Cards Sparkle","Relic Stats"],"gold_per_floor":[14,14,32,52,52,52,78,78,78,108,108,131,142,174,174,245,245,265,240,240,250,250,250,283,283,308,308,308,308,308],"floor_reached":29,"language":"ENG","playtime":766,"items_purged":[],"score":488,"play_id":"be93607f-1021-4cf8-a762-664b188289fa","local_time":"20210125171300","is_ascension_mode":true,"campfire_choices":[{"data":"Bash","floor":6,"key":"SMITH"},{"floor":8,"key":"REST"},{"floor":11,"key":"REST"},{"floor":15,"key":"REST"},{"floor":23,"key":"REST"},{"data":"Armaments","floor":25,"key":"SMITH"},{"floor":28,"key":"REST"}],"circlet_count":0,"master_deck":["AscendersBane","Strike_R","Strike_R","Strike_R","Strike_R","Defend_R","Defend_R","Defend_R","Defend_R","Bash+1","Fiend Fire","Headbutt","Combust","Rampage","Reaper","Whirlwind","Dual Wield","Reaper","Battle Trance","Armaments+1","Rage","Decay","True Grit"],"relics":["Burning Blood","Charon\u0027s Ashes","Unceasing Top","Shovel","Anchor","Toy Ornithopter","Philosopher\u0027s Stone","Nunchaku","Ancient Tea Set"],"acts_visited":["Exordium","TheCity"],"potions_floor_usage":[16,16,24],"damage_taken":[{"damage":5,"enemies":"2 Louse","floor":1,"turns":4},{"damage":15,"enemies":"Small Slimes","floor":3,"turns":3},{"damage":4,"enemies":"Jaw Worm","floor":4,"turns":3},{"damage":47,"enemies":"Lagavulin","floor":7,"turns":6},{"damage":24,"enemies":"3 Sentries","floor":10,"turns":5},{"damage":0,"enemies":"Red Slaver","floor":13,"turns":3},{"damage":30,"enemies":"Lagavulin","floor":14,"turns":5},{"damage":52,"enemies":"The Guardian","floor":16,"turns":9},{"damage":48,"enemies":"Shell Parasite","floor":18,"turns":6},{"damage":7,"enemies":"Spheric Guardian","floor":21,"turns":3},{"damage":26,"enemies":"Slavers","floor":24,"turns":5},{"damage":50,"enemies":"Colosseum Slavers","floor":27,"turns":4},{"damage":58,"enemies":"Cultist and Chosen","floor":29,"turns":5}],"seed_played":"2297117410517691171","potions_obtained":[{"floor":1,"key":"LiquidBronze"},{"floor":13,"key":"FearPotion"},{"floor":18,"key":"FearPotion"},{"floor":24,"key":"SpeedPotion"}],"is_trial":false,"path_per_floor":["M","?","M","M","?","R","E","R","T","E","R","T","M","E","R","B",null,"M","$","?","M","?","R","E","R","T","?","R","M"],"character_chosen":"IRONCLAD","items_purchased":["Armaments"],"campfire_rested":5,"item_purchase_floors":[19],"current_hp_per_floor":[69,69,60,62,62,62,21,43,43,25,47,47,53,29,51,15,60,24,24,24,23,23,45,52,52,52,20,42,0,0],"gold":308,"neow_bonus":"THREE_RARE_CARDS","is_daily":false,"chose_seed":false,"campfire_upgraded":2,"win_rate":0.0,"timestamp":1611616380,"path_taken":["M","?","M","M","?","R","E","R","T","E","R","?","M","E","R","BOSS","M","$","?","M","?","R","E","R","T","?","R","M"],"items_purchased_type":["Card"],"build_version":"2020-12-22","purchased_purges":0,"victory":false,"max_hp_per_floor":[75,75,75,75,75,75,75,75,75,75,75,75,75,75,75,75,75,75,75,75,75,75,75,75,75,75,75,75,75,75],"relic_stats":{"Nunchaku":[1],"Shovel":0,"counters":[13,61],"Charon\u0027s Ashes":[255],"obtain_stats":[{"Anchor":12,"Nunchaku":24,"Shovel":10,"Philosopher\u0027s Stone":17,"Charon\u0027s Ashes":7,"Ancient Tea Set":26,"Burning Blood":0,"Unceasing Top":9,"Toy Ornithopter":14},{"Anchor":5,"Nunchaku":11,"Shovel":5,"Philosopher\u0027s Stone":8,"Charon\u0027s Ashes":4,"Ancient Tea Set":11,"Burning Blood":0,"Unceasing Top":4,"Toy Ornithopter":7},{"Anchor":21,"Nunchaku":52,"Shovel":21,"Philosopher\u0027s Stone":38,"Charon\u0027s Ashes":16,"Ancient Tea Set":52,"Burning Blood":0,"Unceasing Top":16,"Toy Ornithopter":29}],"Burning Blood":72,"Unceasing Top":[9],"Toy Ornithopter":15},"card_choices":[{"not_picked":["Impervious","Bludgeon"],"picked":"Fiend Fire","floor":0},{"not_picked":["Dual Wield","True Grit"],"picked":"Headbutt","floor":1},{"not_picked":["Body Slam","Sword Boomerang"],"picked":"Rampage","floor":3},{"not_picked":["Headbutt","Thunderclap","Sever Soul"],"picked":"SKIP","floor":4},{"not_picked":["Iron Wave","Rampage","Offering"],"picked":"SKIP","floor":7},{"not_picked":["Flex","Entrench"],"picked":"Reaper","floor":10},{"not_picked":["Warcry","Infernal Blade"],"picked":"Whirlwind","floor":13},{"not_picked":["Wild Strike","Heavy Blade"],"picked":"Dual Wield","floor":14},{"not_picked":["Offering","Bludgeon"],"picked":"Reaper","floor":16},{"not_picked":["Wild Strike","Thunderclap"],"picked":"Battle Trance","floor":18},{"not_picked":["Flex","Seeing Red"],"picked":"Rage","floor":21},{"not_picked":["Entrench","Pommel Strike"],"picked":"True Grit","floor":24}],"player_experience":460361,"relics_obtained":[{"floor":7,"key":"Charon\u0027s Ashes"},{"floor":9,"key":"Unceasing Top"},{"floor":10,"key":"Shovel"},{"floor":12,"key":"Anchor"},{"floor":14,"key":"Toy Ornithopter"},{"floor":24,"key":"Nunchaku"},{"floor":26,"key":"Ancient Tea Set"}],"event_choices":[{"damage_healed":0,"gold_gain":0,"cards_transformed":["Strike_R"],"player_choice":"Change","damage_taken":0,"max_hp_gain":0,"max_hp_loss":0,"event_name":"Living Wall","floor":2,"gold_loss":0,"cards_obtained":["Combust"]},{"damage_healed":0,"gold_gain":0,"player_choice":"Ignored","damage_taken":0,"max_hp_gain":0,"max_hp_loss":0,"event_name":"Golden Wing","floor":5,"gold_loss":0},{"damage_healed":0,"gold_gain":0,"player_choice":"Ignored","damage_taken":0,"max_hp_gain":0,"max_hp_loss":0,"event_name":"The Mausoleum","floor":20,"gold_loss":0},{"damage_healed":0,"gold_gain":0,"player_choice":"Smashed Altar","damage_taken":0,"max_hp_gain":0,"max_hp_loss":0,"event_name":"Forgotten Altar","floor":22,"gold_loss":0,"cards_obtained":["Decay"]},{"damage_healed":0,"gold_gain":0,"player_choice":"Fight","damage_taken":0,"max_hp_gain":0,"max_hp_loss":0,"event_name":"Colosseum","floor":27,"gold_loss":0},{"damage_healed":0,"gold_gain":0,"player_choice":"Fled From Nobs","damage_taken":0,"max_hp_gain":0,"max_hp_loss":0,"event_name":"Colosseum","floor":27,"gold_loss":0}],"is_beta":false,"boss_relics":[{"not_picked":["Velvet Choker","Runic Dome"],"picked":"Philosopher\u0027s Stone"}],"items_purged_floors":[],"is_endless":false,"potions_floor_spawned":[1,13,18,24,27],"killed_by":"Cultist and Chosen","ascension_level":18}}