{"host":"xzukajja6sl452e9","time":1611592000,"event":{"mods":["BaseMod","Colored Powertips","Minty Spire (QoL Compilation)","Rare Cards Sparkle","Relic Stats"],"gold_per_floor":[117,117,137,137,151,151,166,166,190,190,190,203,131,165,177,189,189],"floor_reached":16,"language":"ENG","playtime":828,"items_purged":[],"score":100,"play_id":"8f56b367-04f1-41cf-b918-984efe14ec50","local_time":"20210125112640","is_ascension_mode":false,"campfire_choices":[{"data":"FlurryOfBlows","floor":6,"key":"SMITH"},{"data":"BowlingBash","floor":8,"key":"SMITH"},{"floor":15,"key":"REST"}],"circlet_count":0,"master_deck":["Strike_P","Strike_P","Strike_P","Strike_P","Defend_P","Defend_P","Defend_P","Defend_P","Eruption+1","Vigilance","FlurryOfBlows+1","Evaluate","SpiritShield","BowlingBash+1","Tantrum","MentalFortress","Conclude"],"relics":["PureWater","Golden Idol","Juzu Bracelet","Blue Candle","MawBank"],"acts_visited":["Exordium"],"potions_floor_usage":[1,5,16,16],"damage_taken":[{"damage":5,"enemies":"Small Slimes","floor":1,"turns":5},{"damage":8,"enemies":"2 Louse","floor":3,"turns":3},{"damage":0,"enemies":"Cultist","floor":5,"turns":3},{"damage":10,"enemies":"3 Louse","floor":7,"turns":3},{"damage":0,"enemies":"Exordium Wildlife","floor":12,"turns":2},{"damage":13,"enemies":"3 Sentries","floor":14,"turns":7},{"damage":70,"enemies":"Hexaghost","floor":16,"turns":8}],"seed_played":"6300725047226592951","potions_obtained":[{"floor":0,"key":"Strength Potion"},{"floor":0,"key":"Fruit Juice"},{"floor":0,"key":"EssenceOfSteel"},{"floor":3,"key":"SpeedPotion"},{"floor":14,"key":"Ancient Potion"}],"is_trial":false,"path_per_floor":["M","?","M","?","M","R","M","R","T","?","T","M","$","E","R","B"],"character_chosen":"WATCHER","items_purchased":["MentalFortress"],"campfire_rested":1,"item_purchase_floors":[13],"current_hp_per_floor":[72,72,64,64,64,64,54,54,54,47,47,47,47,34,57,0,0],"gold":189,"neow_bonus":"THREE_SMALL_POTIONS","is_daily":false,"chose_seed":false,"campfire_upgraded":2,"win_rate":0.0,"timestamp":1611592000,"path_taken":["M","?","M","?","M","R","?","R","T","?","?","M","$","E","R","BOSS"],"items_purchased_type":["Card"],"build_version":"2020-12-22","purchased_purges":0,"victory":false,"max_hp_per_floor":[77,77,77,77,77,77,77,77,77,77,77,77,77,77,77,77,77],"relic_stats":{"counters":[7,31],"Golden Idol":20,"Blue Candle":[0],"Juzu Bracelet":0,"MawBank":24,"obtain_stats":[{"Golden Idol":2,"Blue Candle":11,"Juzu Bracelet":9,"PureWater":0,"MawBank":14},{"Golden Idol":1,"Blue Candle":4,"Juzu Bracelet":4,"PureWater":0,"MawBank":6},{"Golden Idol":5,"Blue Candle":14,"Juzu Bracelet":14,"PureWater":0,"MawBank":23}]},"card_choices":[{"not_picked":["SashWhip","Wallop"],"picked":"FlurryOfBlows","floor":1},{"not_picked":["FearNoEvil","FollowUp"],"picked":"Evaluate","floor":3},{"not_picked":["CrushJoints","Protect"],"picked":"SpiritShield","floor":5},{"not_picked":["Weave","WheelKick"],"picked":"BowlingBash","floor":7},{"not_picked":["Evaluate","Protect"],"picked":"Tantrum","floor":12},{"not_picked":["FollowUp","ThirdEye"],"picked":"Conclude","floor":14}],"player_experience":581541,"relics_obtained":[{"floor":9,"key":"Juzu Bracelet"},{"floor":11,"key":"Blue Candle"},{"floor":14,"key":"MawBank"}],"event_choices":[{"damage_healed":0,"gold_gain":0,"player_choice":"Take Wound","damage_taken":0,"relics_obtained":["Golden Idol"],"max_hp_gain":0,"max_hp_loss":0,"event_name":"Golden Idol","floor":2,"gold_loss":0,"cards_obtained":["Injury"]},{"damage_healed":0,"gold_gain":0,"player_choice":"Upgraded","damage_taken":0,"max_hp_gain":0,"max_hp_loss":0,"event_name":"Upgrade Shrine","floor":4,"gold_loss":0,"cards_upgraded":["Eruption"]},{"cards_removed":["Injury"],"damage_healed":0,"gold_gain":0,"player_choice":"Card Removal","damage_taken":7,"max_hp_gain":0,"max_hp_loss":0,"event_name":"Golden Wing","floor":10,"gold_loss":0}],"is_beta":false,"boss_relics":[],"items_purged_floors":[],"is_endless":false,"potions_floor_spawned":[3,14],"killed_by":"Hexaghost","ascension_level":0}}