{"host":"fuszjwm6fqgjjp4d","time":1611544793,"event":{"mods":["BaseMod","Bestiary","Colored Map","DeckTracker","Minty Spire (QoL Compilation)","Permanent Neow","Relic Sorter","Relic Stats","StSLib"],"gold_per_floor":[18,18,18,18,30,30,47,76,76,76,86,86,97,97,97,97,97],"floor_reached":16,"language":"ENG","playtime":314,"items_purged":[],"score":200,"play_id":"46dd7976-2f09-417b-b9cb-a812c8a2a16e","local_time":"20210124211953","is_ascension_mode":true,"campfire_choices":[{"floor":6.0,"key":"DIG"},{"floor":10.0,"key":"DIG"},{"floor":12.0,"key":"DIG"},{"data":"Caltrops","floor":15.0,"key":"SMITH"}],"circlet_count":0,"master_deck":["AscendersBane","Strike_G","Strike_G","Strike_G","Strike_G","Strike_G","Defend_G","Defend_G","Defend_G","Defend_G","Survivor","Neutralize","Escape Plan","Die Die Die","Noxious Fumes","Blade Dance","Glass Knife+1","Caltrops+1","Choke+1"],"relics":["Ring of the Snake","Shovel","Molten Egg 2","Anchor","Potion Belt","Darkstone Periapt","Strawberry"],"acts_visited":["Exordium"],"potions_floor_usage":[16,16,16],"damage_taken":[{"damage":8.0,"enemies":"Small Slimes","floor":1.0,"turns":5.0},{"damage":0.0,"enemies":"2 Louse","floor":5.0,"turns":2.0},{"damage":0.0,"enemies":"Jaw Worm","floor":7.0,"turns":4.0},{"damage":34.0,"enemies":"Lagavulin","floor":8.0,"turns":8.0},{"damage":3.0,"enemies":"3 Louse","floor":11.0,"turns":2.0},{"damage":9.0,"enemies":"Large Slime","floor":13.0,"turns":5.0},{"damage":17,"enemies":"Hexaghost","floor":16,"turns":5}],"seed_played":"5016986356135408826","potions_obtained":[{"floor":1.0,"key":"FearPotion"},{"floor":5.0,"key":"FearPotion"},{"floor":11.0,"key":"Strength Potion"},{"floor":13.0,"key":"Energy Potion"}],"is_trial":false,"path_per_floor":["M","?","?","$","M","R","M","E","T","R","M","R","M","?","R","B"],"character_chosen":"THE_SILENT","items_purchased":[],"campfire_rested":0,"item_purchase_floors":[],"current_hp_per_floor":[51,51,56,56,56,56,56,22,22,22,19,26,17,17,17,0,0],"gold":97,"neow_bonus":"ONE_RARE_RELIC","is_daily":false,"chose_seed":false,"campfire_upgraded":1,"win_rate":0.0,"timestamp":1611544793,"path_taken":["M","?","?","?","M","R","M","E","T","R","M","R","M","?","R","BOSS"],"items_purchased_type":[],"build_version":"2020-12-22","purchased_purges":0,"victory":false,"max_hp_per_floor":[66,66,71,71,71,71,71,71,71,71,71,78,78,78,78,78,78],"relic_stats":{"Darkstone Periapt":0,"Shovel":3,"counters":[7,31],"obtain_stats":[{"Potion Belt":9,"Darkstone Periapt":10,"Anchor":8,"Shovel":0,"Strawberry":12,"Molten Egg 2":6,"Ring of the Snake":0},{"Potion Belt":4,"Darkstone Periapt":4,"Anchor":4,"Shovel":0,"Strawberry":5,"Molten Egg 2":2,"Ring of the Snake":0},{"Potion Belt":19,"Darkstone Periapt":19,"Anchor":19,"Shovel":0,"Strawberry":21,"Molten Egg 2":7,"Ring of the Snake":0}],"Ring of the Snake":[14]},"card_choices":[{"not_picked":["Prepared","Accuracy"],"picked":"Escape Plan","floor":1.0},{"not_picked":["Sucker Punch","Deflect"],"picked":"Noxious Fumes","floor":5.0},{"not_picked":["Tactician","Deflect"],"picked":"Blade Dance","floor":7.0},{"not_picked":["Quick Slash+1","Bane+1"],"picked":"Glass Knife+1","floor":8.0},{"not_picked":["Blur","Backflip"],"picked":"Caltrops","floor":11.0},{"not_picked":["Dagger Throw+1","Cloak And Dagger"],"picked":"Choke+1","floor":13.0}],"player_experience":1341114,"relics_obtained":[{"floor":6.0,"key":"Molten Egg 2"},{"floor":8.0,"key":"Anchor"},{"floor":9.0,"key":"Potion Belt"},{"floor":10.0,"key":"Darkstone Periapt"},{"floor":12.0,"key":"Strawberry"}],"event_choices":[{"damage_healed":0.0,"max_hp_gain":0.0,"max_hp_loss":0.0,"gold_gain":0.0,"cards_transformed":["Defend_G"],"event_name":"Living Wall","player_choice":"Change","floor":2.0,"gold_loss":0.0,"damage_taken":0.0,"cards_obtained":["Die Die Die"]},{"damage_healed":0.0,"max_hp_gain":5.0,"max_hp_loss":0.0,"gold_gain":0.0,"event_name":"Big Fish","player_choice":"Donut","floor":3.0,"gold_loss":0.0,"damage_taken":0.0},{"damage_healed":0.0,"max_hp_gain":0.0,"max_hp_loss":0.0,"gold_gain":0.0,"event_name":"Scrap Ooze","player_choice":"Fled","floor":14.0,"gold_loss":0.0,"damage_taken":0.0}],"is_beta":false,"boss_relics":[],"items_purged_floors":[],"is_endless":false,"potions_floor_spawned":[1,5,11,13],"killed_by":"Hexaghost","ascension_level":20}}