{"host":"pletss163z7s8pvv","time":1611540952,"event":{"mods":["AchievementEnabler","BaseMod","Better Altar","Better Match","Better Note","Better Sensory Stone","Better Skull","Better Third Choice","BetterRewards","CapriCore","ChefMod","Colored Map","Colored Powertips","Conspire","Energized Spire","Evolution","GifTheSpireLib","Hermit","Ironclad Rager","Marked Mod","Minty Spire (QoL Compilation)","Retaliation","Spicy Shops","StS++","StSLib","The Blue Laboratory","The Cursed","The Disciple","The Forsaken"],"gold_per_floor":[110,127,127,144,74,74,87,87,138,138,158,158,158,181,181,285,285,308,21,21,30,30,30,74,24,24,24,24],"floor_reached":27,"language":"ENG","playtime":718,"items_purged":[],"score":244,"play_id":"88837f7e-ff05-4b77-b046-e02679f59b69","local_time":"20210124201552","is_ascension_mode":false,"campfire_choices":[{"data":"theForsaken:DesperatePlea","floor":6,"key":"SMITH"},{"floor":8,"key":"REST"},{"floor":10,"key":"REST"},{"floor":13,"key":"REST"},{"floor":15,"key":"REST"},{"floor":23,"key":"REST"}],"circlet_count":0,"master_deck":["theForsaken:TheForsaken_Strike","theForsaken:TheForsaken_Strike","theForsaken:TheForsaken_Strike","theForsaken:TheForsaken_Strike","theForsaken:TheForsaken_Defend","theForsaken:TheForsaken_Defend","theForsaken:TheForsaken_Defend","theForsaken:TheForsaken_Defend","theForsaken:Smite","theForsaken:Penitence","theForsaken:Thunderbolt","theForsaken:PreciseStrike","theForsaken:PlagueCurse","theForsaken:DesperatePlea+1","theForsaken:Parry","theForsaken:FatRoll","theForsaken:AncientWords","theForsaken:SpreadingPlague","theForsaken:BlightOfFamine+1","theForsaken:RainingSunlight","Necronomicurse","theForsaken:BlessedWeapon"],"relics":["theForsaken:JudgementScales","EVO:Axolotl","theForsaken:PlagueMask","Happy Flower","Strawberry","CeramicFish","conspire:DeflatedDodgeball","SlaversCollar","Sling","Necronomicon","Centennial Puzzle","Bag of Marbles"],"acts_visited":["Exordium","TheCity"],"potions_floor_usage":[16,27,27],"damage_taken":[{"damage":6,"enemies":"Jaw Worm","floor":1,"turns":5},{"damage":6,"enemies":"Cultist","floor":2,"turns":4},{"damage":0,"enemies":"Small Slimes","floor":4,"turns":3},{"damage":31,"enemies":"2 Fungi Beasts","floor":7,"turns":5},{"damage":7,"enemies":"Exordium Thugs","floor":11,"turns":5},{"damage":13,"enemies":"Looter","floor":14,"turns":3},{"damage":48,"enemies":"The Guardian","floor":16,"turns":13},{"damage":29,"enemies":"3 Byrds","floor":18,"turns":4},{"damage":38,"enemies":"Slavers","floor":24,"turns":6},{"damage":36,"enemies":"Spheric Guardian","floor":27,"turns":3}],"seed_played":"3224084946489865215","potions_obtained":[{"floor":7,"key":"DDmod:CleansePotion"},{"floor":11,"key":"Explosive Potion"},{"floor":24,"key":"BlessingOfTheForge"}],"is_trial":false,"path_per_floor":["M","M","?","M","?","R","M","R","T","R","M","?","R","M","R","B",null,"M","$","?","?","?","R","E","?","T","M"],"character_chosen":"THE_FORSAKEN","items_purchased":["blueLaboratory:FruitPunch","Sling","theForsaken:RainingSunlight"],"campfire_rested":5,"item_purchase_floors":[19,19,19],"current_hp_per_floor":[66,60,60,60,60,60,31,52,59,78,72,23,46,36,59,14,78,49,49,49,33,33,56,28,28,28,0,0],"gold":24,"neow_bonus":"TEN_PERCENT_HP_BONUS","is_daily":false,"chose_seed":false,"campfire_upgraded":1,"win_rate":0.0,"timestamp":1611540952,"path_taken":["M","M","?","M","?","R","M","R","T","R","?","?","R","M","R","BOSS","M","$","?","?","?","R","E","?","T","?"],"items_purchased_type":["Potion","Relic","Card"],"build_version":"2020-12-22","purchased_purges":0,"victory":false,"max_hp_per_floor":[71,71,71,71,71,71,71,71,78,78,78,78,78,78,78,78,78,78,78,78,78,78,78,78,78,78,82,82],"card_choices":[{"not_picked":["theForsaken:Parry","theForsaken:Preservation"],"picked":"theForsaken:Thunderbolt","floor":1},{"not_picked":["theForsaken:BountifulSunlight","theForsaken:FatRoll"],"picked":"theForsaken:PreciseStrike","floor":2},{"not_picked":["theForsaken:Backlash","theForsaken:PanicDive"],"picked":"theForsaken:DesperatePlea","floor":4},{"not_picked":["theForsaken:BlindFaith","theForsaken:BindingThorns"],"picked":"theForsaken:Parry","floor":7},{"not_picked":["theForsaken:DarkBargain","theForsaken:PowerUp"],"picked":"theForsaken:FatRoll","floor":11},{"not_picked":["theForsaken:ShieldCharge","theForsaken:Parry"],"picked":"theForsaken:AncientWords","floor":14},{"not_picked":["theForsaken:DesperatePlea","theForsaken:TearsOfSunlight"],"picked":"theForsaken:SpreadingPlague","floor":16},{"not_picked":["theForsaken:BlindFaith+1","theForsaken:ChargeAttack"],"picked":"theForsaken:BlightOfFamine+1","floor":18},{"not_picked":["theForsaken:ShieldBash+1","theForsaken:Preservation"],"picked":"theForsaken:BlessedWeapon","floor":24}],"player_experience":445221,"relics_obtained":[{"floor":9,"key":"Strawberry"},{"floor":21,"key":"Necronomicon"},{"floor":24,"key":"Centennial Puzzle"},{"floor":26,"key":"Bag of Marbles"}],"event_choices":[{"damage_healed":0,"gold_gain":0,"player_choice":"Obtain Plague Curse","damage_taken":0,"max_hp_gain":0,"max_hp_loss":0,"event_name":"Plague Doctor","floor":3,"gold_loss":0,"cards_obtained":["theForsaken:PlagueCurse"]},{"damage_healed":0,"gold_gain":0,"player_choice":"Paid Gold","damage_taken":0,"relics_obtained":["Happy Flower"],"max_hp_gain":0,"max_hp_loss":0,"event_name":"WeMeetAgain","floor":5,"gold_loss":70},{"damage_healed":0,"gold_gain":1,"player_choice":"Relic Relic ","damage_taken":49,"max_hp_gain":0,"max_hp_loss":0,"event_name":"betterThird:BetterScrap","floor":12,"gold_loss":0,"cards_obtained":["Combust"]},{"cards_removed":["theForsaken:SpreadingPlague"],"damage_healed":0,"gold_gain":0,"player_choice":"Give","damage_taken":0,"max_hp_gain":0,"max_hp_loss":0,"event_name":"betterNote:BetterNote","floor":20,"gold_loss":0,"cards_obtained":["Parasite"]},{"damage_healed":0,"gold_gain":0,"player_choice":"Obtained Book","damage_taken":16,"max_hp_gain":0,"max_hp_loss":0,"event_name":"Cursed Tome","floor":21,"gold_loss":0},{"damage_healed":0,"gold_gain":0,"player_choice":"Ignored","damage_taken":0,"max_hp_gain":0,"max_hp_loss":0,"event_name":"Vampires","floor":22,"gold_loss":0},{"damage_healed":0,"gold_gain":0,"player_choice":"Bet on Murderer","damage_taken":0,"max_hp_gain":0,"max_hp_loss":0,"event_name":"The Joust","floor":25,"gold_loss":50}],"is_beta":false,"boss_relics":[{"not_picked":["energizedSpire:HugeHouse","StSpp:PileOfSugar"],"picked":"SlaversCollar"}],"items_purged_floors":[],"is_endless":false,"potions_floor_spawned":[7,11,24],"killed_by":"Spheric Guardian","ascension_level":0}}