{"host":"zx8rmvlb08usbkpl","time":1611602391,"event":{"mods":["BaseMod","BetterRewards","Colored Powertips","Dota2Spire","Downfall","GifTheSpireLib","Marisa????????","Minty Spire (QoL Compilation)","Quick Restart","StSLib","Stuff the Spire","The Bug Knight","The Senshi"],"gold_per_floor":[116,132,7,7,7,7,26,101,101,128,147,147,160,110,110,209,209,227,73,84,94,109,109,123,123,123,139,174,174,24,42,42,141,141,157,7,7,25,42,72,72,91,115,125,141,141,141,153,153,153,153,153,6,32,32],"floor_reached":56,"language":"ENG","playtime":2681,"items_purged":["Strike_R","Defend_R"],"score":1203,"play_id":"58493dd9-a516-4d3a-b599-d3b0633a4d36","local_time":"20210125141951","is_ascension_mode":false,"campfire_choices":[{"data":"Clash","floor":6,"key":"SMITH"},{"data":"True Grit","floor":12,"key":"SMITH"},{"data":"Rupture","floor":15,"key":"SMITH"},{"data":"Armaments","floor":23,"key":"SMITH"},{"floor":29,"key":"REST"},{"floor":32,"key":"REST"},{"floor":41,"key":"RECALL"},{"floor":46,"key":"REST"},{"data":"Barricade","floor":49,"key":"SMITH"},{"data":"Power Through","floor":52,"key":"SMITH"}],"circlet_count":0,"master_deck":["Strike_R","Defend_R","Bash","True Grit+1","Clash+1","Rupture+1","Inflame","Metallicize","Offering","Barricade+1","Dropkick","Armaments+1","Thunderclap+1","Metallicize+1","Metallicize","Body Slam","Seeing Red+1","Body Slam","Offering","Power Through+1","Bloodletting+1","StuffTheSpire:Slingshot+1","Blood for Blood","Heavy Blade+1","Sentinel+1","Brutality","Dual Wield"],"relics":["Burning Blood","Dota2Spire:Dagon","Dota2Spire:ShivaGuard","StuffTheSpire:GrapeVine","Empty Cage","Dota2Spire:Butterfly","Magic Flower","Runic Cube","MealTicket","Dota2Spire:LinkenSphere","Lantern"],"acts_visited":["Exordium","TheCity","TheBeyond","TheEnding"],"potions_floor_usage":[21,27,28,33,55,55],"damage_taken":[{"damage":5,"enemies":"2 Louse","floor":1,"turns":3},{"damage":1,"enemies":"Cultist","floor":2,"turns":3},{"damage":4,"enemies":"Jaw Worm","floor":7,"turns":2},{"damage":8,"enemies":"Gremlin Nob","floor":10,"turns":4},{"damage":3,"enemies":"Gremlin Gang","floor":11,"turns":5},{"damage":0,"enemies":"Large Slime","floor":13,"turns":5},{"damage":30,"enemies":"Slime Boss","floor":16,"turns":9},{"damage":7,"enemies":"Chosen","floor":18,"turns":3},{"damage":13,"enemies":"Shell Parasite","floor":20,"turns":3},{"damage":14,"enemies":"Sentry and Sphere","floor":21,"turns":4},{"damage":17,"enemies":"Snake Plant","floor":22,"turns":4},{"damage":13,"enemies":"Shelled Parasite and Fungi","floor":24,"turns":5},{"damage":11,"enemies":"Centurion and Healer","floor":27,"turns":6},{"damage":23,"enemies":"Slavers","floor":28,"turns":6},{"damage":7,"enemies":"Cultist and Chosen","floor":31,"turns":6},{"damage":33,"enemies":"Collector","floor":33,"turns":7},{"damage":14,"enemies":"Orb Walker","floor":35,"turns":4},{"damage":6,"enemies":"3 Shapes","floor":38,"turns":5},{"damage":15,"enemies":"Spire Growth","floor":39,"turns":2},{"damage":16,"enemies":"HollowMod:StalkingDevout","floor":40,"turns":4},{"damage":24,"enemies":"3 Darklings","floor":42,"turns":2},{"damage":12,"enemies":"Transient","floor":44,"turns":5},{"damage":9,"enemies":"Spire Growth","floor":45,"turns":4},{"damage":12,"enemies":"4 Shapes","floor":48,"turns":5},{"damage":45,"enemies":"Time Eater","floor":50,"turns":9},{"damage":30,"enemies":"Shield and Spear","floor":54,"turns":5},{"damage":42,"enemies":"The Heart","floor":55,"turns":6}],"seed_played":"4481982540877710721","potions_obtained":[{"floor":2,"key":"Explosive Potion"},{"floor":11,"key":"ElixirPotion"},{"floor":13,"key":"Strength Potion"},{"floor":22,"key":"HeartOfIron"},{"floor":27,"key":"AttackPotion"},{"floor":33,"key":"Swift Potion"},{"floor":39,"key":"Swift Potion"},{"floor":40,"key":"Energy Potion"}],"is_trial":false,"path_per_floor":["M","M","$","?","?","R","M","?","T","E","M","R","M","?","R","B",null,"M","$","M","M","M","R","M","?","T","M","E","R","$","M","R","B",null,"M","$","?","M","M","E","R","M","T","M","M","R","?","M","R","B",null,"R","$","E","B",null],"character_chosen":"IRONCLAD","items_purchased":["Clash","Armaments","Brutality"],"campfire_rested":3,"item_purchase_floors":[3,19,53],"current_hp_per_floor":[72,72,72,72,72,72,72,61,61,59,62,62,68,68,68,44,72,71,71,64,56,45,45,38,31,31,26,9,30,30,32,53,29,72,67,67,67,70,64,57,57,42,42,39,39,60,60,57,57,21,72,72,72,51,18],"gold":32,"neow_bonus":"REMOVE_TWO","is_daily":false,"chose_seed":false,"campfire_upgraded":6,"win_rate":0.0,"timestamp":1611602391,"path_taken":["M","M","$","?","?","R","M","?","T","E","M","R","M","?","R","BOSS","M","$","M","M","M","R","M","?","T","?","E","R","$","M","R","BOSS","M","$","?","M","M","E","R","?","T","M","M","R","?","M","R","BOSS","R","$","E","BOSS"],"items_purchased_type":["Card","Card","Card"],"build_version":"2020-12-22","purchased_purges":2,"victory":true,"max_hp_per_floor":[72,72,72,72,72,72,72,72,72,72,72,72,72,72,72,72,72,72,72,72,72,72,72,72,72,72,72,72,72,72,72,72,72,72,72,72,72,72,72,72,72,72,72,72,72,72,72,72,72,72,72,72,72,72,72],"card_choices":[{"not_picked":["Sword Boomerang","Thunderclap"],"picked":"StuffTheSpire:Slingshot","floor":1},{"not_picked":["Thunderclap","Headbutt"],"picked":"True Grit","floor":2},{"not_picked":["Ghostly Armor","Warcry"],"picked":"Inflame","floor":7},{"not_picked":["True Grit","Battle Trance"],"picked":"Metallicize","floor":10},{"not_picked":["Sword Boomerang","Warcry","Havoc"],"picked":"SKIP","floor":11},{"not_picked":["Pummel","Evolve"],"picked":"Offering","floor":13},{"not_picked":["Offering","Brutality"],"picked":"Barricade","floor":16},{"not_picked":["Armaments","Sword Boomerang+1"],"picked":"Dropkick","floor":18},{"not_picked":["True Grit","Twin Strike+1"],"picked":"Thunderclap+1","floor":20},{"not_picked":["StuffTheSpire:Resist+1","Flex+1"],"picked":"Metallicize+1","floor":21},{"not_picked":["Cleave","StuffTheSpire:Resist+1"],"picked":"Metallicize","floor":22},{"not_picked":["Armaments","Flex+1"],"picked":"Body Slam","floor":24},{"not_picked":["Sword Boomerang","Uppercut"],"picked":"Seeing Red+1","floor":27},{"not_picked":["Hemokinesis","Burning Pact","Rupture"],"picked":"SKIP","floor":28},{"not_picked":["StuffTheSpire:Slingshot","Thunderclap+1"],"picked":"Body Slam","floor":31},{"not_picked":["Berserk","Double Tap"],"picked":"Offering","floor":33},{"not_picked":["Infernal Blade","True Grit+1"],"picked":"Power Through","floor":35},{"not_picked":["Perfected Strike","StuffTheSpire:RockThrow"],"picked":"Bloodletting+1","floor":38},{"not_picked":["True Grit","StuffTheSpire:BloodClot","Body Slam+1"],"picked":"SKIP","floor":39},{"not_picked":["Second Wind","Evolve"],"picked":"StuffTheSpire:Slingshot+1","floor":40},{"not_picked":["Havoc","Whirlwind+1","Cleave+1"],"picked":"SKIP","floor":42},{"not_picked":["Shrug It Off","Flex"],"picked":"Blood for Blood","floor":44},{"not_picked":["Thunderclap+1","Sever Soul"],"picked":"Heavy Blade+1","floor":45},{"not_picked":["Metallicize+1","Clothesline+1"],"picked":"Sentinel+1","floor":48},{"not_picked":["Flame Barrier+1","Ghostly Armor+1"],"picked":"Dual Wield","floor":54}],"player_experience":994040,"relics_obtained":[{"floor":9,"key":"Dota2Spire:ShivaGuard"},{"floor":10,"key":"StuffTheSpire:GrapeVine"},{"floor":26,"key":"Dota2Spire:Butterfly"},{"floor":28,"key":"Magic Flower"},{"floor":37,"key":"MealTicket"},{"floor":40,"key":"Dota2Spire:LinkenSphere"},{"floor":54,"key":"Lantern"}],"event_choices":[{"damage_healed":0,"gold_gain":0,"player_choice":"Box","damage_taken":0,"relics_obtained":["Dota2Spire:Dagon"],"max_hp_gain":0,"max_hp_loss":0,"event_name":"Big Fish","floor":4,"gold_loss":0,"cards_obtained":["Regret"]},{"damage_healed":0,"gold_gain":0,"cards_transformed":["Defend_R"],"player_choice":"Change","damage_taken":0,"max_hp_gain":0,"max_hp_loss":0,"event_name":"Living Wall","floor":5,"gold_loss":0,"cards_obtained":["Rupture"]},{"damage_healed":0,"gold_gain":75,"player_choice":"Gather Gold","damage_taken":11,"max_hp_gain":0,"max_hp_loss":0,"event_name":"World of Goop","floor":8,"gold_loss":0},{"cards_removed":["Regret"],"damage_healed":0,"gold_gain":0,"player_choice":"Card Removal","damage_taken":0,"max_hp_gain":0,"max_hp_loss":0,"event_name":"The Cleric","floor":14,"gold_loss":50},{"damage_healed":0,"gold_gain":0,"player_choice":"Damaged","damage_taken":7,"max_hp_gain":0,"max_hp_loss":0,"event_name":"Wheel of Change","floor":25,"gold_loss":0},{"damage_healed":0,"gold_gain":0,"player_choice":"Relic","damage_taken":0,"max_hp_gain":0,"max_hp_loss":0,"event_name":"Wheel of Change","floor":37,"gold_loss":0},{"cards_removed":["StuffTheSpire:Slingshot"],"damage_healed":0,"gold_gain":0,"player_choice":"Purged","damage_taken":0,"max_hp_gain":0,"max_hp_loss":0,"event_name":"Purifier","floor":47,"gold_loss":0}],"is_beta":false,"boss_relics":[{"not_picked":["Velvet Choker","Runic Dome"],"picked":"Empty Cage"},{"not_picked":["Sozu","StuffTheSpire:ModemDavis"],"picked":"Runic Cube"}],"items_purged_floors":[3,19],"is_endless":false,"potions_floor_spawned":[2,11,13,22,24,27,33,39,40,44],"ascension_level":0}}