{"host":"guv5thfpx4d8ikzb","time":1611536979,"event":{"mods":["2.2 Compatiblity","AchievementEnabler","BaseMod","Block Reminder","Colored Map","Colored Powertips","Downfall","Minty Spire (QoL Compilation)","Permanent Neow","Quick Restart","Relic Stats","Replay The Spire","StSLib"],"gold_per_floor":[99,113,113,113,123,123,123,152,197,107,120,120,140,90,90,189,189,189,201,216,232,244,260,328,328,353,132,132,150,183,183,197,294,294,294,307,307,366,461,507,532,532,547,562,592,602,602,619,636,636,636,701,84,84,84,84],"floor_reached":57,"language":"ENG","playtime":8459,"items_purged":["Guardian:Strike_Guardian","Guardian:Strike_Guardian"],"score":1998,"play_id":"40815ff2-d875-450c-bd27-07b125d83c45","local_time":"20210124200939","daily_mods":["Heirloom"],"is_ascension_mode":true,"campfire_choices":[{"floor":1.0,"key":"RECALL"},{"data":"Replay:GuardianBash","floor":6.0,"key":"SMITH"},{"data":"Guardian:PrimingBeam","floor":6.0,"key":"SMITH"},{"data":"Guardian:SentryBeam","floor":12.0,"key":"SMITH"},{"data":"Guardian:TwinSlam","floor":12.0,"key":"SMITH"},{"data":"Guardian:BronzeArmor","floor":18.0,"key":"SMITH"},{"data":"Guardian:ArmoredProtocol","floor":18.0,"key":"SMITH"},{"data":"Guardian:FuturePlans","floor":25.0,"key":"SMITH"},{"data":"Guardian:ArmoredProtocol","floor":25.0,"key":"SMITH"},{"data":"Guardian:FloatingOrbs","floor":28.0,"key":"SMITH"},{"data":"Guardian:ChargeUp","floor":28.0,"key":"SMITH"},{"data":"Guardian:ShieldSpikes","floor":35.0,"key":"SMITH"},{"data":"Guardian:PiercingHide","floor":35.0,"key":"SMITH"},{"data":"Guardian:BronzeOrb","floor":42,"key":"SMITH"},{"data":"Pot Of Greed","floor":42,"key":"SMITH"},{"data":"Pot Of Greed","floor":47,"key":"SMITH"},{"data":"Guardian:BronzeOrb","floor":47,"key":"SMITH"}],"circlet_count":0,"master_deck":["Guardian:Defend_Guardian+1","Guardian:Defend_Guardian+1","Guardian:Defend_Guardian+1","Guardian:Defend_Guardian+1","Guardian:TwinSlam+1","Guardian:ArmoredProtocol+1","Replay:GuardianBash+1","Guardian:PrimingBeam+1","Guardian:SentryBeam+1","Guardian:Clone+1","Guardian:PiercingHide+1","Guardian:TimeSifter+1","Pot Of Greed+1","Pot Of Greed+1","Flex+1","Guardian:ArmoredProtocol+1","Guardian:BronzeArmor+1","Guardian:ExploitGems+1","Pot Of Greed+1","Guardian:DecasProtection+1","Guardian:AncientConstruct+1","Guardian:FloatingOrbs+1","Guardian:BaubleBeam+1","Guardian:ChargeUp+1","Guardian:FuturePlans+1","Guardian:RevengeProtocol+1","Guardian:TimeCapacitor+1","Pot Of Greed+1","Guardian:ShieldSpikes+1","Guardian:PiercingHide+1","Guardian:StasisEngine+1","Guardian:Clone+1","Guardian:ShieldCharger+1","Guardian:Clone+1","Guardian:BronzeOrb+1","Guardian:BronzeOrb+1","Guardian:Harden+1","Pot Of Greed+1","Guardian:Recover+1","Guardian:ExploitGems+1","Guardian:BodySlam+1","Reaper+1","Guardian:Clone+1","Guardian:FuturePlans+1","Entrench+1","Guardian:MultiBeam+1","Guardian:Recover+1","Guardian:SentryBeam+1","Pot Of Greed+1","Entrench+1","PanicButton+1"],"relics":["Turnip","Replay:Arrowhead","Golden Egg","m_GuardianBlood","downfall:HeartBlessingRed","downfall:HeartBlessingGreen","downfall:HeartBlessingBlue","MawBank","Snack Pack","Prayer Wheel","Grinning Jar","Question Card","Coffee Dripper","Ornamental Fan","Bottled Flame","Guardian:StasisUpgradeRelic","Potion Belt","White Beast Statue","SlaversCollar","Black Star","Omamori","ReplayTheSpireMod:Ring of Challenge","Ring of Fury","Calipers","PreservedInsect","Replay:Bottled Eggs","ReplayFunnel","Replay:Kaleidoscope","Centennial Puzzle","Shuriken","Replay:Bottled Flurry","ClockworkSouvenir","Lantern","DollysMirror"],"acts_visited":["Exordium","TheCity","TheBeyond","TheEnding"],"potions_floor_usage":[56,56,56,56,56,56,56],"damage_taken":[{"damage":5.0,"enemies":"Small Slimes","floor":2.0,"turns":3.0},{"damage":6.0,"enemies":"2 Louse","floor":5.0,"turns":3.0},{"damage":0.0,"enemies":"Cultist","floor":8.0,"turns":2.0},{"damage":8.0,"enemies":"Lagavulin","floor":9.0,"turns":5.0},{"damage":4.0,"enemies":"downfall:FleeingMerchant","floor":10.0,"turns":4.0},{"damage":9.0,"enemies":"2 Fungi Beasts","floor":11.0,"turns":3.0},{"damage":0.0,"enemies":"3 Louse","floor":13.0,"turns":2.0},{"damage":0.0,"enemies":"The Guardian","floor":16.0,"turns":6.0},{"damage":6.0,"enemies":"3 Byrds","floor":19.0,"turns":3.0},{"damage":0.0,"enemies":"Spheric Guardian","floor":20.0,"turns":3.0},{"damage":10.0,"enemies":"Shelled Parasite and Fungi","floor":21.0,"turns":5.0},{"damage":11.0,"enemies":"Centurion and Healer","floor":22.0,"turns":5.0},{"damage":6.0,"enemies":"Snake Plant","floor":23.0,"turns":4.0},{"damage":12.0,"enemies":"Book of Stabbing","floor":26.0,"turns":4.0},{"damage":2.0,"enemies":"downfall:FleeingMerchant","floor":27.0,"turns":4.0},{"damage":8.0,"enemies":"Chosen and Byrds","floor":29.0,"turns":4.0},{"damage":29.0,"enemies":"Slavers","floor":30.0,"turns":4.0},{"damage":12.0,"enemies":"Cultist and Chosen","floor":32.0,"turns":4.0},{"damage":16.0,"enemies":"SI_MIRROR_ARCHETYPE","floor":33.0,"turns":5.0},{"damage":15.0,"enemies":"Orb Walker","floor":36.0,"turns":3.0},{"damage":29.0,"enemies":"3 Shapes","floor":38.0,"turns":6.0},{"damage":0.0,"enemies":"3 Shapes","floor":39.0,"turns":5.0},{"damage":0.0,"enemies":"R_Hoarder","floor":40.0,"turns":5.0},{"damage":0,"enemies":"Transient","floor":43,"turns":5},{"damage":0,"enemies":"Jaw Worm Horde","floor":44,"turns":4},{"damage":0,"enemies":"Nemesis","floor":45,"turns":3},{"damage":10,"enemies":"3 Darklings","floor":46,"turns":2},{"damage":5,"enemies":"Writhing Mass","floor":48,"turns":3},{"damage":0,"enemies":"Spire Growth","floor":49,"turns":3},{"damage":0,"enemies":"DF_ARCHETYPE_ORBS","floor":50,"turns":3},{"damage":0,"enemies":"downfall:CharBossMerchant","floor":52,"turns":5},{"damage":0,"enemies":"downfall:NeowBoss","floor":55,"turns":10},{"damage":0,"enemies":"downfall:NeowBossFinal","floor":56,"turns":6}],"seed_played":"8160042052768481684","potions_obtained":[{"floor":2.0,"key":"Flashbang"},{"floor":13.0,"key":"SkillPotion"},{"floor":16.0,"key":"AttackPotion"},{"floor":22.0,"key":"SpeedPotion"},{"floor":30.0,"key":"FearPotion"},{"floor":32.0,"key":"hexamod:SoulburnPotion"},{"floor":33.0,"key":"Flashbang"},{"floor":36.0,"key":"Strength Potion"},{"floor":39.0,"key":"EntropicBrew"},{"floor":40.0,"key":"Guardian:DefensiveModePotion"},{"floor":48,"key":"DuplicationPotion"},{"floor":49,"key":"DuplicationPotion"}],"is_trial":true,"path_per_floor":["R","M","?","?","M","R","T","M","E","$","M","R","M","?","?","B",null,"R","M","M","M","M","M","T","R","E","$","R","M","E","?","M","B",null,"R","M","?","M","?","E","T","R","M","M","E","M","R","M","M","B",null,"E","$","R","B","B",null],"character_chosen":"GUARDIAN","items_purchased":["Guardian:PiercingHide","Guardian:TimeSifter","Grinning Jar","Flex","Guardian:StasisUpgradeRelic","Guardian:TimeCapacitor","Guardian:Gem_White","Potion Belt","ClockworkSouvenir","Guardian:Gem_Synthetic","Lantern","Guardian:SentryBeam","PanicButton"],"campfire_rested":0,"item_purchase_floors":[10,10,10,10,27,27,27,27,53,53,53,53,53],"current_hp_per_floor":[80,75,75,75,75,85,85,90,88,90,87,87,90,90,90,90,90,90,90,90,90,89,89,89,89,87,90,90,88,69,69,65,63,83,83,76,76,59,73,83,83,83,90,90,90,88,88,90,90,90,90,90,90,90,90,90],"gold":84,"neow_bonus":"","is_daily":false,"chose_seed":false,"campfire_upgraded":16,"win_rate":0.0,"timestamp":1611536979,"path_taken":["R","M","?","?","M","R","T","M","E","$","M","R","?","?","?","BOSS","R","M","M","M","M","M","T","R","E","$","R","M","E","?","M","BOSS","R","M","?","M","?","E","T","R","M","M","E","M","R","M","M","BOSS","E","$","R","BOSS","BOSS"],"items_purchased_type":["Card","Card","Relic","Card","Relic","Card","Card","Relic","Relic","Card","Relic","Card","Card"],"build_version":"2020-12-22","purchased_purges":2,"victory":true,"max_hp_per_floor":[80,80,80,80,80,90,90,90,90,90,90,90,90,90,90,90,90,90,90,90,90,90,90,90,90,90,90,90,90,90,90,90,90,90,90,90,90,90,90,90,90,90,90,90,90,90,90,90,90,90,90,90,90,90,90,90],"relic_stats":{"Centennial Puzzle":[6],"counters":[33,136],"Ornamental Fan":[240],"Shuriken":[12],"Prayer Wheel":16,"Turnip":[20],"PreservedInsect":147,"Black Star":3,"MawBank":36,"Question Card":37,"obtain_stats":[{"ReplayFunnel":41,"Golden Egg":3,"Lantern":53,"Calipers":39,"downfall:HeartBlessingGreen":6,"m_GuardianBlood":3,"ClockworkSouvenir":53,"Centennial Puzzle":45,"downfall:HeartBlessingBlue":6,"DollysMirror":53,"Prayer Wheel":9,"Replay:Bottled Flurry":52,"Replay:Bottled Eggs":40,"Potion Belt":27,"downfall:HeartBlessingRed":6,"Guardian:ModeShifter":0,"PreservedInsect":40,"Omamori":37,"Replay:Kaleidoscope":45,"MawBank":7,"Question Card":17,"Replay:Arrowhead":3,"White Beast Statue":30,"Guardian:StasisUpgradeRelic":27,"SlaversCollar":34,"Bottled Flame":26,"Ornamental Fan":24,"Shuriken":52,"Ring of Fury":37,"Turnip":0,"Snack Pack":9,"Coffee Dripper":17,"Black Star":34,"Grinning Jar":10,"ReplayTheSpireMod:Ring of Challenge":37},{"ReplayFunnel":23,"Golden Egg":1,"Lantern":31,"Calipers":22,"downfall:HeartBlessingGreen":2,"m_GuardianBlood":1,"ClockworkSouvenir":31,"Centennial Puzzle":26,"downfall:HeartBlessingBlue":2,"DollysMirror":31,"Prayer Wheel":4,"Replay:Bottled Flurry":31,"Replay:Bottled Eggs":23,"Potion Belt":15,"downfall:HeartBlessingRed":2,"Guardian:ModeShifter":0,"PreservedInsect":23,"Omamori":20,"Replay:Kaleidoscope":26,"MawBank":2,"Question Card":8,"Replay:Arrowhead":1,"White Beast Statue":17,"Guardian:StasisUpgradeRelic":15,"SlaversCollar":19,"Bottled Flame":14,"Ornamental Fan":13,"Shuriken":31,"Ring of Fury":20,"Turnip":0,"Snack Pack":4,"Coffee Dripper":8,"Black Star":19,"Grinning Jar":5,"ReplayTheSpireMod:Ring of Challenge":20},{"ReplayFunnel":92,"Golden Egg":3,"Lantern":120,"Calipers":87,"downfall:HeartBlessingGreen":6,"m_GuardianBlood":3,"ClockworkSouvenir":120,"Centennial Puzzle":104,"downfall:HeartBlessingBlue":6,"DollysMirror":120,"Prayer Wheel":13,"Replay:Bottled Flurry":120,"Replay:Bottled Eggs":92,"Potion Belt":56,"downfall:HeartBlessingRed":6,"Guardian:ModeShifter":0,"PreservedInsect":92,"Omamori":76,"Replay:Kaleidoscope":104,"MawBank":6,"Question Card":28,"Replay:Arrowhead":3,"White Beast Statue":64,"Guardian:StasisUpgradeRelic":56,"SlaversCollar":73,"Bottled Flame":52,"Ornamental Fan":48,"Shuriken":120,"Ring of Fury":76,"Turnip":0,"Snack Pack":13,"Coffee Dripper":28,"Black Star":73,"Grinning Jar":17,"ReplayTheSpireMod:Ring of Challenge":76}]},"card_choices":[{"not_picked":["Guardian:Gem_Purple","Guardian:CrystalBeam"],"picked":"Guardian:ArmoredProtocol","floor":2.0},{"not_picked":["Guardian:Suspension","Guardian:Gem_Green"],"picked":"Guardian:PrimingBeam","floor":5.0},{"not_picked":["Guardian:Gem_Purple","Twin Strike"],"picked":"Guardian:SentryBeam","floor":8.0},{"not_picked":["Guardian:MultiBeam","Flex"],"picked":"Guardian:Gem_Fragmented","floor":9.0},{"not_picked":["Guardian:Incinerate","Guardian:Reroute"],"picked":"Guardian:Clone","floor":10.0},{"not_picked":["Guardian:VentSteam","Guardian:PolyBeam"],"picked":"Guardian:ArmoredProtocol","floor":11.0},{"not_picked":["Guardian:Orbwalk","Guardian:VentSteam","Guardian:ChargeCore"],"picked":"SKIP","floor":11.0},{"not_picked":["Guardian:ShieldCharger","Guardian:ConstructionForm"],"picked":"Guardian:BronzeArmor","floor":13.0},{"not_picked":["Guardian:Recover","Heavy Blade"],"picked":"Guardian:Gem_White","floor":13.0},{"not_picked":["Guardian:StasisField","Guardian:HyperBeam_Guardian"],"picked":"Guardian:ExploitGems","floor":16.0},{"not_picked":["Guardian:VentSteam","Guardian:CrystalBeam+1","Guardian:Planning"],"picked":"Guardian:Gem_Blue","floor":19.0},{"not_picked":["Guardian:PiercingHide","Guardian:ShieldCharger","Guardian:Gem_Lightblue"],"picked":"Guardian:Gem_Crimson","floor":19.0},{"not_picked":["Guardian:TimeBomb+1","Guardian:VentSteam","Guardian:RollAttack"],"picked":"Guardian:DecasProtection+1","floor":20.0},{"not_picked":["Guardian:ChargeCore+1","Guardian:DecasProtection","Guardian:Planning"],"picked":"Guardian:Gem_Cyan","floor":20.0},{"not_picked":["Guardian:TimeBomb","Guardian:Clone","Guardian:VentSteam+1"],"picked":"Guardian:AncientConstruct","floor":21.0},{"not_picked":["Guardian:RollAttack","Guardian:Repulse","Guardian:Recover"],"picked":"Guardian:FloatingOrbs","floor":21.0},{"not_picked":["Guardian:Recover","Guardian:Preprogram","Guardian:PiercingHide"],"picked":"Guardian:BaubleBeam","floor":22.0},{"not_picked":["Guardian:VentSteam","Guardian:TimeCapacitor","Guardian:ShieldCharger"],"picked":"Guardian:ChargeUp","floor":22.0},{"not_picked":["Guardian:Clone","Guardian:Orbwalk","Guardian:TemporalStrike+1"],"picked":"Guardian:Gem_Blue","floor":23.0},{"not_picked":["Guardian:Suspension","Guardian:VentSteam","Guardian:Gem_Crimson"],"picked":"Guardian:FuturePlans","floor":23.0},{"not_picked":["Guardian:WalkerClaw","Guardian:DecasProtection","Guardian:Incinerate"],"picked":"Guardian:Gem_Fragmented","floor":26.0},{"not_picked":["Guardian:Planning+1","Guardian:ChargeCore","Guardian:Suspension"],"picked":"Guardian:RevengeProtocol","floor":27.0},{"not_picked":["Guardian:ChargeCore","Guardian:ShieldCharger","Guardian:PiercingHide"],"picked":"Guardian:ShieldSpikes","floor":29.0},{"not_picked":["Guardian:VentSteam","Guardian:ChargeCore","Guardian:Gem_Green"],"picked":"Guardian:PiercingHide","floor":29.0},{"not_picked":["Guardian:FloatingOrbs+1","Guardian:Recover+1","Guardian:CrystalBeam"],"picked":"Guardian:StasisEngine","floor":30.0},{"not_picked":["Guardian:PrismaticBarrier","Guardian:PrimingBeam","Guardian:Reroute"],"picked":"Guardian:Clone+1","floor":32.0},{"not_picked":["Guardian:Incinerate","Guardian:RollAttack","Guardian:ChargeCore"],"picked":"Guardian:ShieldCharger+1","floor":32.0},{"not_picked":["Guardian:StasisStrike","Guardian:AncientConstruct","Guardian:FierceBash"],"picked":"Guardian:Gem_Orange","floor":33.0},{"not_picked":["Guardian:Reroute","Guardian:Gem_Cyan","Guardian:PiercingHide"],"picked":"Guardian:Clone+1","floor":36.0},{"not_picked":["Guardian:RollAttack+1","Guardian:Recover","Guardian:EvasiveProtocol"],"picked":"Guardian:BronzeOrb","floor":36.0},{"not_picked":["Guardian:FloatingOrbs+1","Guardian:TemporalStrike+1","Guardian:Planning"],"picked":"Guardian:BronzeOrb","floor":38.0},{"not_picked":["Guardian:Incinerate","Guardian:Gem_Lightblue","Guardian:WalkerClaw"],"picked":"Guardian:Gem_Orange","floor":38.0},{"not_picked":["Guardian:Gem_Red","Guardian:Emergency+1","Guardian:GuardianWhirl"],"picked":"Guardian:Gem_Yellow","floor":40.0},{"not_picked":["Pummel","Guardian:CrystalBeam+1","Guardian:RollAttack"],"picked":"Guardian:Harden+1","floor":43},{"not_picked":["Guardian:BronzeArmor","Guardian:TimeCapacitor+1","Guardian:Suspension"],"picked":"Guardian:Recover+1","floor":43},{"not_picked":["Guardian:Gem_Yellow","Guardian:CrystalBeam","Guardian:RollAttack"],"picked":"Guardian:ExploitGems","floor":44},{"not_picked":["Guardian:ShieldSpikes+1","Guardian:Recover+1","Guardian:SpikerProtocol+1"],"picked":"Guardian:BodySlam+1","floor":44},{"not_picked":["Guardian:TemporalStrike+1","Guardian:WalkerClaw+1","Guardian:TimeBomb"],"picked":"Reaper","floor":45},{"not_picked":["Guardian:Suspension+1","Thunderclap","Guardian:PiercingHide"],"picked":"Guardian:Clone+1","floor":46},{"not_picked":["Guardian:VentSteam+1","Guardian:CrystalBeam","Guardian:EvasiveProtocol","Guardian:Incinerate+1"],"picked":"SKIP","floor":46},{"not_picked":["Guardian:PrismaticBeam+1","Guardian:TimeBomb+1","Guardian:Gem_Red"],"picked":"Guardian:FuturePlans+1","floor":48},{"not_picked":["Guardian:SpikerProtocol","Guardian:Gem_Synthetic","Guardian:Gem_Green"],"picked":"Entrench+1","floor":48},{"not_picked":["Guardian:ShieldCharger+1","Guardian:VentSteam","Guardian:Reroute+1"],"picked":"Guardian:MultiBeam+1","floor":49},{"not_picked":["Twin Strike","Guardian:Suspension+1","Guardian:CrystalBeam+1"],"picked":"Guardian:Gem_Purple","floor":49},{"not_picked":["Guardian:Reroute","Guardian:RefractedBeam","Guardian:ChargeCore"],"picked":"Guardian:Recover+1","floor":52}],"player_experience":1102141,"relics_obtained":[{"floor":7.0,"key":"MawBank"},{"floor":9.0,"key":"Snack Pack"},{"floor":24.0,"key":"Ornamental Fan"},{"floor":26.0,"key":"Bottled Flame"},{"floor":30.0,"key":"White Beast Statue"},{"floor":37.0,"key":"ReplayTheSpireMod:Ring of Challenge"},{"floor":37.0,"key":"Ring of Fury"},{"floor":39.0,"key":"Calipers"},{"floor":40.0,"key":"PreservedInsect"},{"floor":40.0,"key":"Replay:Bottled Eggs"},{"floor":41.0,"key":"ReplayFunnel"},{"floor":45,"key":"Replay:Kaleidoscope"},{"floor":45,"key":"Centennial Puzzle"},{"floor":52,"key":"Shuriken"},{"floor":52,"key":"Replay:Bottled Flurry"}],"event_choices":[{"cards_removed":["Guardian:Strike_Guardian"],"damage_healed":0.0,"max_hp_gain":0.0,"max_hp_loss":0.0,"gold_gain":0.0,"event_name":"The Cleric","player_choice":"Card Removal","floor":14.0,"gold_loss":50.0,"damage_taken":0.0}],"is_beta":false,"boss_relics":[{"not_picked":["Sozu","sneckomod:SneckoTalon"],"picked":"Coffee Dripper"},{"not_picked":["Replay:Bronze Core","ChewingGum"],"picked":"SlaversCollar"}],"items_purged_floors":[10,27],"is_endless":false,"potions_floor_spawned":[2,13,16,21,22,23,30,32,33,36,38,39,40,43,44,45,46,48,49,52],"ascension_level":5}}