{"host":"k5yjj86hwv5qv2gx","time":1611607642,"event":{"mods":["BaseMod","BetterRewards","Minty Spire (QoL Compilation)","StSLib"],"gold_per_floor":[116,116,135,285,296,296,326,336,336,336,355,26,26,26],"floor_reached":13,"language":"ENG","playtime":337,"items_purged":[],"score":170,"play_id":"5134337f-086e-41fa-bd7c-841143ecc767","local_time":"20210125124722","is_ascension_mode":true,"campfire_choices":[{"data":"Envenom","floor":6,"key":"SMITH"},{"floor":10,"key":"RECALL"}],"circlet_count":0,"master_deck":["AscendersBane","Strike_G","Strike_G","Strike_G","Strike_G","Defend_G","Defend_G","Defend_G","Defend_G","Defend_G","Survivor","Neutralize","Blade Dance","Dagger Spray","Doubt","Envenom+1","Well Laid Plans","Leg Sweep","Dash"],"relics":["Ring of the Snake","NeowsBlessing","Tough Bandages","Torii","Anchor","TwistedFunnel"],"acts_visited":["Exordium"],"potions_floor_usage":[7,13],"damage_taken":[{"damage":0,"enemies":"Small Slimes","floor":1,"turns":1},{"damage":0,"enemies":"Cultist","floor":3,"turns":1},{"damage":0,"enemies":"2 Louse","floor":5,"turns":1},{"damage":28,"enemies":"3 Sentries","floor":7,"turns":8},{"damage":8,"enemies":"Blue Slaver","floor":8,"turns":5},{"damage":22,"enemies":"Exordium Thugs","floor":11,"turns":7},{"damage":12,"enemies":"Gremlin Nob","floor":13,"turns":3}],"seed_played":"5919689614815157431","potions_obtained":[{"floor":1,"key":"SteroidPotion"},{"floor":11,"key":"SneckoOil"}],"is_trial":false,"path_per_floor":["M","?","M","?","M","R","E","M","T","R","M","$","E"],"character_chosen":"THE_SILENT","items_purchased":["Anchor","TwistedFunnel"],"campfire_rested":0,"item_purchase_floors":[12,12],"current_hp_per_floor":[59,59,59,59,59,59,31,23,23,23,1,1,0,0],"gold":26,"neow_bonus":"THREE_ENEMY_KILL","is_daily":false,"chose_seed":false,"campfire_upgraded":1,"win_rate":0.0,"timestamp":1611607642,"path_taken":["M","?","?","?","M","R","E","M","T","R","M","$","E"],"items_purchased_type":["Relic","Relic"],"build_version":"2020-12-22","purchased_purges":0,"victory":false,"max_hp_per_floor":[66,66,66,66,66,66,66,66,66,66,66,66,66,66],"card_choices":[{"not_picked":["All Out Attack","Dagger Throw"],"picked":"Blade Dance","floor":1},{"not_picked":["Slice","Deadly Poison"],"picked":"Dagger Spray","floor":3},{"not_picked":["Flying Knee","Deflect"],"picked":"Envenom","floor":5},{"not_picked":["Deflect","Skewer"],"picked":"Well Laid Plans","floor":7},{"not_picked":["Skewer","Deflect"],"picked":"Leg Sweep","floor":8},{"not_picked":["Catalyst","Choke"],"picked":"Dash","floor":11}],"player_experience":1124733,"relics_obtained":[{"floor":7,"key":"Tough Bandages"},{"floor":9,"key":"Torii"}],"event_choices":[{"cards_removed":["Strike_G"],"damage_healed":0,"gold_gain":0,"player_choice":"Offered Basic","damage_taken":0,"max_hp_gain":0,"max_hp_loss":0,"event_name":"Bonfire Elementals","floor":2,"gold_loss":0},{"damage_healed":0,"gold_gain":150,"player_choice":"AGREE","damage_taken":0,"max_hp_gain":0,"max_hp_loss":0,"event_name":"Liars Game","floor":4,"gold_loss":0,"cards_obtained":["Doubt"]}],"is_beta":false,"boss_relics":[],"items_purged_floors":[],"is_endless":false,"potions_floor_spawned":[1,11],"killed_by":"Gremlin Nob","ascension_level":20}}