{"host":"n9lc5i44t98l6pio","time":1611533557,"event":{"mods":["BaseMod","Curses Come First","Downfall","Minty Spire (QoL Compilation)","Replay The Spire","Say the Spire","StSLib"],"gold_per_floor":[115,130,405,11,29,64,64,97,97,114,79,112,63,63,63],"floor_reached":14,"language":"ENG","playtime":417,"items_purged":[],"score":138,"play_id":"0075ec3c-da7c-494d-82fa-d4fca0d8286a","local_time":"20210125011237","is_ascension_mode":true,"campfire_choices":[{"floor":7,"key":"REST"}],"circlet_count":0,"master_deck":["Strike_B","Strike_B","Strike_B","Strike_B","Defend_B","Defend_B","Defend_B","Defend_B","Zap","Dualcast","Leap","Reinforced Body","Regret","Defragment","Chaos","Stack","Consume","Genetic Algorithm","Rainbow"],"relics":["Cracked Core","NeowsBlessing","Replay:Ringing Soul","StrikeDummy","ReplayTheSpireMod:TigerMarble","Replay:Towering Pillar of Hats"],"acts_visited":["Exordium"],"potions_floor_usage":[8,14,14],"damage_taken":[{"damage":0,"enemies":"Cultist","floor":1,"turns":1},{"damage":0,"enemies":"2 Louse","floor":2,"turns":1},{"damage":0,"enemies":"Jaw Worm","floor":5,"turns":1},{"damage":31,"enemies":"Lagavulin","floor":6,"turns":7},{"damage":53,"enemies":"Gremlin Nob","floor":8,"turns":5},{"damage":14,"enemies":"Exordium Thugs","floor":10,"turns":5},{"damage":31,"enemies":"Lagavulin","floor":12,"turns":8},{"damage":15,"enemies":"Gremlin Nob","floor":14,"turns":2}],"seed_played":"-5495993923935669205","potions_obtained":[{"floor":2,"key":"Milkshake"},{"floor":5,"key":"Swift Potion"},{"floor":10,"key":"Strength Potion"}],"is_trial":false,"path_per_floor":["M","M","?","$","M","E","R","E","T","M","?","E","$","E"],"character_chosen":"DEFECT","items_purchased":["Replay:Ringing Soul","Defragment","Chaos","SpeedPotion"],"campfire_rested":1,"item_purchase_floors":[4,4,4,13],"current_hp_per_floor":[75,75,75,78,78,50,74,24,24,13,34,6,6,0,0],"gold":63,"neow_bonus":"THREE_ENEMY_KILL","is_daily":false,"chose_seed":false,"campfire_upgraded":0,"win_rate":0.0,"timestamp":1611533557,"path_taken":["M","?","?","$","M","E","R","E","T","?","?","E","?","E"],"items_purchased_type":["Relic","Card","Card","Potion"],"build_version":"2020-12-22","purchased_purges":0,"victory":false,"max_hp_per_floor":[75,75,75,78,78,81,81,84,84,87,87,90,90,90,90],"card_choices":[{"not_picked":["Rebound","Tempest"],"picked":"Leap","floor":1},{"not_picked":["Gash","Steam"],"picked":"Reinforced Body","floor":2},{"not_picked":["Beam Cell","ReplayGash","Turbo"],"picked":"SKIP","floor":5},{"not_picked":["Ball Lightning","Panic Button"],"picked":"Stack","floor":6},{"not_picked":["Meteor Strike","Redo"],"picked":"Consume","floor":8},{"not_picked":["Conserve Battery","Beam Cell"],"picked":"Genetic Algorithm","floor":10},{"not_picked":["Leap","Stack"],"picked":"Rainbow","floor":12}],"player_experience":192938,"relics_obtained":[{"floor":6,"key":"StrikeDummy"},{"floor":8,"key":"ReplayTheSpireMod:TigerMarble"},{"floor":12,"key":"Replay:Towering Pillar of Hats"}],"event_choices":[{"damage_healed":0,"gold_gain":275,"player_choice":"Desecrate","damage_taken":0,"max_hp_gain":0,"max_hp_loss":0,"event_name":"Golden Shrine","floor":3,"gold_loss":0,"cards_obtained":["Regret"]},{"damage_healed":21,"gold_gain":0,"player_choice":"Healed","damage_taken":0,"max_hp_gain":0,"max_hp_loss":0,"event_name":"The Cleric","floor":11,"gold_loss":35}],"is_beta":false,"boss_relics":[],"items_purged_floors":[],"is_endless":false,"potions_floor_spawned":[2,5,10],"killed_by":"Gremlin Nob","ascension_level":1}}