{"host":"i0avyit1s6jb1siw","time":1611590411,"event":{"mods":["BaseMod","DeckTracker","Dota2Spire","Highlight Path","Minty Spire (QoL Compilation)","Quick Restart","StSLib","SuperFastMode"],"gold_per_floor":[117,117,42,42,66,107,107,128,181,200,200,231,231,114,134,174,174,174,174],"floor_reached":18,"language":"ENG","playtime":306,"items_purged":["Strike_G"],"score":310,"play_id":"41ed616a-7cc4-4d04-9232-5b8c0a61d9b6","local_time":"20210125170011","is_ascension_mode":true,"campfire_choices":[{"data":"Quick Slash","floor":7,"key":"SMITH"},{"floor":13,"key":"REST"},{"floor":17,"key":"REST"}],"circlet_count":0,"master_deck":["AscendersBane","Strike_G","Strike_G","Strike_G","Defend_G","Defend_G","Defend_G","Defend_G","Defend_G","Survivor","Neutralize+1","Quick Slash+1","Footwork","Dagger Throw","Flying Knee","Malaise","Skewer+1","Predator","Leg Sweep","Phantasmal Killer"],"relics":["Ring of the Snake","NeowsBlessing","Golden Idol","Dota2Spire:ArmletOfMordiggian","Omamori","Whetstone","CaptainsWheel"],"acts_visited":["Exordium"],"potions_floor_usage":[16,16],"damage_taken":[{"damage":0,"enemies":"Small Slimes","floor":1,"turns":1},{"damage":0,"enemies":"2 Louse","floor":5,"turns":1},{"damage":0,"enemies":"Gremlin Nob","floor":6,"turns":1},{"damage":1,"enemies":"Cultist","floor":8,"turns":4},{"damage":15,"enemies":"Exordium Thugs","floor":10,"turns":4},{"damage":43,"enemies":"Lagavulin","floor":12,"turns":12},{"damage":13,"enemies":"3 Louse","floor":15,"turns":4},{"damage":6,"enemies":"3 Sentries","floor":16,"turns":8},{"damage":25,"enemies":"Slime Boss","floor":18,"turns":7}],"seed_played":"4456100189109565520","potions_obtained":[{"floor":8,"key":"LiquidMemories"},{"floor":10,"key":"Energy Potion"}],"is_trial":false,"path_per_floor":["M","?","?","?","M","E","R","M","T","M","?","E","R","$","M","E","R","B"],"character_chosen":"THE_SILENT","items_purchased":["Predator"],"campfire_rested":2,"item_purchase_floors":[14],"current_hp_per_floor":[59,64,64,64,64,64,64,63,63,48,48,5,24,24,11,5,24,0,0],"gold":174,"neow_bonus":"THREE_ENEMY_KILL","is_daily":false,"chose_seed":false,"campfire_upgraded":1,"win_rate":0.0,"timestamp":1611590411,"path_taken":["M","?","?","?","M","E","R","M","T","M","?","E","R","$","?","E","R","BOSS"],"items_purchased_type":["Card"],"build_version":"2020-12-22","purchased_purges":1,"victory":false,"max_hp_per_floor":[66,71,71,64,64,64,64,64,64,64,64,64,64,64,64,64,64,64,64],"card_choices":[{"not_picked":["Prepared","Acrobatics"],"picked":"Quick Slash","floor":1},{"not_picked":["Blade Dance","Bane"],"picked":"Footwork","floor":5},{"not_picked":["Riddle With Holes","Blur"],"picked":"Dagger Throw","floor":6},{"not_picked":["Riddle With Holes","Deadly Poison"],"picked":"Flying Knee","floor":8},{"not_picked":["PiercingWail","Accuracy"],"picked":"Malaise","floor":10},{"not_picked":["Poisoned Stab","Deadly Poison"],"picked":"Skewer","floor":12},{"not_picked":["Dagger Spray","Bullet Time"],"picked":"Leg Sweep","floor":15},{"not_picked":["Calculated Gamble","Riddle With Holes","Phantasmal Killer"],"picked":"SKIP","floor":16},{"not_picked":["Calculated Gamble","Riddle With Holes"],"picked":"Phantasmal Killer","floor":16}],"player_experience":2334514,"relics_obtained":[{"floor":6,"key":"Dota2Spire:ArmletOfMordiggian"},{"floor":9,"key":"Omamori"},{"floor":12,"key":"Whetstone"},{"floor":16,"key":"CaptainsWheel"}],"event_choices":[{"damage_healed":0,"gold_gain":0,"player_choice":"Donut","damage_taken":0,"max_hp_gain":5,"max_hp_loss":0,"event_name":"Big Fish","floor":2,"gold_loss":0},{"cards_removed":["Strike_G"],"damage_healed":0,"gold_gain":0,"player_choice":"Card Removal","damage_taken":0,"max_hp_gain":0,"max_hp_loss":0,"event_name":"The Cleric","floor":3,"gold_loss":75},{"damage_healed":0,"gold_gain":0,"player_choice":"Lose Max HP","damage_taken":0,"relics_obtained":["Golden Idol"],"max_hp_gain":0,"max_hp_loss":7,"event_name":"Golden Idol","floor":4,"gold_loss":0},{"damage_healed":0,"gold_gain":0,"player_choice":"Got Potions","damage_taken":0,"max_hp_gain":0,"max_hp_loss":0,"event_name":"Lab","floor":11,"gold_loss":0}],"is_beta":false,"boss_relics":[],"items_purged_floors":[14],"is_endless":false,"potions_floor_spawned":[8,10,15],"killed_by":"Slime Boss","ascension_level":20}}