{"host":"xgwtdz99zg48cmix","time":1611575623,"event":{"mods":["ATMod(°¢èªMod)","Arknights The Spire","Aspiration","BaseMod","Dota2Spire","Downfall","Marisa£¨ìFÓê¡¡Ä§ÀíÉ³£©","Minty Spire (QoL Compilation)","Quick Restart","StSLib","WarShipGirlsR/Õ½½¢ÉÙÅ®R mod","[GremlinLeader]The Maniac","[IsaacMod]ÒÔÈö¼âËþ","¡¾ÒÅÎï¿¨ÅÆ¡¿REMEMod","óô»ðÖ¸ÄÏ"],"gold_per_floor":[99,99,109,127,127,139,162,238,248,267,283,283,312,412,422,541,541,441,457,457,457,457,457],"floor_reached":21,"language":"ZHS","playtime":1280,"items_purged":["maniac:Humiliation"],"score":356,"play_id":"253cdfeb-a680-4220-8ea3-5daa7647e138","local_time":"20210125195343","is_ascension_mode":false,"campfire_choices":[{"data":"AT_FamilyPortrait","floor":1,"key":"SMITH"},{"data":"Guardian:DecasProtection","floor":12,"key":"SMITH"},{"data":"Guardian:ExploitGems","floor":18,"key":"SMITH"}],"circlet_count":0,"master_deck":["Guardian:Strike_Guardian","Guardian:Strike_Guardian","Guardian:Strike_Guardian+1","Guardian:Strike_Guardian","Guardian:Defend_Guardian+1","Guardian:Defend_Guardian","Guardian:Defend_Guardian","Guardian:Defend_Guardian","Guardian:CurlUp","Guardian:TwinSlam","SuicideKing","AT_FamilyPortrait+1","Guardian:Strike_Guardian+1","Guardian:DonusPower+1","Guardian:PolyBeam","downfall:Malfunctioning","Guardian:Planning","Guardian:SentryBeam","Guardian:DecasProtection+1","Guardian:FierceBash","downfall:Haunted","downfall:Haunted","maniac:Humiliation","Doubt","Guardian:ExploitGems+1","Guardian:MultiBeam","Guardian:ConstructionForm","Guardian:Gem_Crimson","Guardian:FloatingOrbs"],"relics":["HushsDoor","Void","REME_PuzzleBoxRelic","Du-Vu Doll","REME_ChargedStone","Damocles","downfall:HeartBlessingGreen","Boot"],"acts_visited":["Exordium","TheCity"],"potions_floor_usage":[16],"damage_taken":[{"damage":0,"enemies":"Cultist","floor":3,"turns":4},{"damage":0,"enemies":"Jaw Worm","floor":4,"turns":3},{"damage":1,"enemies":"Small Slimes","floor":6,"turns":2},{"damage":12,"enemies":"Blue Slaver","floor":9,"turns":4},{"damage":21,"enemies":"Lots of Slimes","floor":10,"turns":5},{"damage":0,"enemies":"Blue Slaver","floor":11,"turns":3},{"damage":0,"enemies":"Gremlin Nob","floor":13,"turns":3},{"damage":0,"enemies":"Exordium Wildlife","floor":15,"turns":1},{"damage":0,"enemies":"WA_ARCHETYPE_RETAIN","floor":16,"turns":4},{"damage":10,"enemies":"Chosen","floor":19,"turns":4}],"seed_played":"-8872738538422526486","potions_obtained":[{"floor":3,"key":"AttackPotion"},{"floor":9,"key":"BlessingOfTheForge"},{"floor":10,"key":"DistilledChaos"},{"floor":13,"key":"PowerPotion"}],"is_trial":false,"path_per_floor":["R","?","M","M","?","M","T","T","M","M","M","R","E","?","M","B",null,"R","M","?","?"],"character_chosen":"GUARDIAN","items_purchased":["Damocles"],"campfire_rested":0,"item_purchase_floors":[17],"current_hp_per_floor":[88,88,88,88,88,87,87,87,75,57,57,57,57,62,62,62,81,81,71,71,0,0,0],"gold":457,"neow_bonus":"TEN_PERCENT_HP_BONUS","is_daily":false,"chose_seed":false,"campfire_upgraded":3,"win_rate":0.0,"timestamp":1611575623,"path_taken":["R","?","M","M","?","M","T","?","M","?","M","R","E","?","M","BOSS","R","M","?","?"],"items_purchased_type":["Relic"],"build_version":"2020-12-22","purchased_purges":1,"victory":false,"max_hp_per_floor":[88,88,88,88,88,88,88,88,88,91,91,91,91,96,96,96,81,81,81,81,81,81,81],"card_choices":[{"not_picked":[],"picked":"SuicideKing","floor":0},{"not_picked":["Guardian:TemporalStrike","Guardian:ChargeCore"],"picked":"Guardian:DonusPower","floor":3},{"not_picked":["Guardian:TemporalShield","Guardian:ShieldSpikes"],"picked":"Guardian:PolyBeam","floor":4},{"not_picked":["Guardian:TimeCapacitor","Guardian:TemporalShield"],"picked":"Guardian:Gem_Crimson","floor":6},{"not_picked":["Guardian:ShieldCharger","Guardian:BronzeOrb"],"picked":"Guardian:Planning","floor":9},{"not_picked":["Guardian:Gem_Crimson","Guardian:Gem_Green"],"picked":"Guardian:SentryBeam","floor":10},{"not_picked":["Guardian:ShieldSpikes","Guardian:Reroute"],"picked":"Guardian:DecasProtection","floor":11},{"not_picked":["Guardian:PiercingHide","Guardian:WalkerClaw"],"picked":"Guardian:FierceBash","floor":13},{"not_picked":["Guardian:TimeCapacitor","Guardian:WalkerClaw"],"picked":"Guardian:MultiBeam","floor":15},{"not_picked":["Guardian:FastForward","Guardian:StasisField"],"picked":"Guardian:ConstructionForm","floor":16},{"not_picked":["Guardian:TemporalStrike","Guardian:ChargeCore"],"picked":"Guardian:Gem_Crimson","floor":19}],"player_experience":436789,"relics_obtained":[{"floor":7,"key":"Bag of Marbles"},{"floor":8,"key":"SatanicBible"},{"floor":13,"key":"REME_PuzzleBoxRelic"},{"floor":19,"key":"Boot"}],"event_choices":[{"damage_healed":0,"gold_gain":0,"player_choice":"Read","damage_taken":0,"max_hp_gain":0,"max_hp_loss":0,"event_name":"The Library","floor":20,"gold_loss":0,"cards_obtained":["Guardian:FloatingOrbs"]}],"is_beta":false,"boss_relics":[{"not_picked":["SacredBark","Fusion Hammer"],"picked":"REME_ChargedStone"},{"not_picked":[]}],"items_purged_floors":[17],"is_endless":false,"potions_floor_spawned":[3,9,10,13],"ascension_level":0}}