{"host":"z42sc0n2dozsmk72","time":1611549536,"event":{"mods":["AchievementEnabler","BaseMod","Better Third Choice","Colored Map","Curses Come First","Highlight Path","Minty Spire (QoL Compilation)","Permanent Neow","Quick Restart","Relic Stats","Shop Mod","StSLib","egg","slay the spire mod where everything is the same but ironclad has a cowboy hat"],"gold_per_floor":[114,114,129,79,79,109,109,124,149,149,164,164,179,194,194,294,294,309,309,324,339,354,354,369,369,369,384,384,414,429,444,444,544,544,559,574,574,574,199,229,229,244,319,334,334,349,364,64,64,64],"floor_reached":51,"language":"ENG","playtime":3414,"items_purged":["Strike_G"],"score":680,"play_id":"13fe3267-c12f-457e-8714-1b96eb36052a","local_time":"20210125173856","daily_mods":["Chimera","Time Dilation","Lethality"],"is_ascension_mode":false,"campfire_choices":[{"data":"Disarm","floor":7.0,"key":"SMITH"},{"data":"Zap","floor":10.0,"key":"SMITH"},{"data":"Ghostly Armor","floor":12.0,"key":"SMITH"},{"data":"Clothesline","floor":15.0,"key":"SMITH"},{"data":"Fire Breathing","floor":23.0,"key":"SMITH"},{"data":"Metallicize","floor":25.0,"key":"SMITH"},{"data":"True Grit","floor":32.0,"key":"SMITH"},{"data":"Barricade","floor":41,"key":"SMITH"},{"data":"Demon Form","floor":45,"key":"SMITH"},{"floor":49,"key":"REST"}],"circlet_count":0,"master_deck":["Bash","Survivor","Zap+1","Strike_R+1","Strike_B+1","Defend_R","Defend_G","Defend_P+1","Clothesline+1","Disarm+1","Power Through","Ghostly Armor+1","Fiend Fire+1","Shrug It Off","Fire Breathing+1","Iron Wave+1","Metallicize+1","True Grit+1","Demon Form+1","Fire Breathing","True Grit+1","Shrug It Off+1","Barricade+1","Flame Barrier+1","Ghostly Armor+1","Shockwave+1"],"relics":["Burning Blood","Darkstone Periapt","Omamori","Sozu","Du-Vu Doll","Gremlin Horn","Whetstone","Cursed Key","Self Forming Clay","Medical Kit","Bag of Marbles","Bronze Scales","Mercury Hourglass","StoneCalendar"],"acts_visited":["Exordium","TheCity","TheBeyond"],"potions_floor_usage":[],"damage_taken":[{"damage":4.0,"enemies":"Cultist","floor":1.0,"turns":4.0},{"damage":3.0,"enemies":"2 Louse","floor":3.0,"turns":2.0},{"damage":18.0,"enemies":"Gremlin Nob","floor":6.0,"turns":4.0},{"damage":0.0,"enemies":"Small Slimes","floor":8.0,"turns":3.0},{"damage":1.0,"enemies":"Exordium Thugs","floor":11.0,"turns":4.0},{"damage":3.0,"enemies":"Exordium Wildlife","floor":13.0,"turns":6.0},{"damage":0.0,"enemies":"Looter","floor":14.0,"turns":3.0},{"damage":63.0,"enemies":"Slime Boss","floor":16.0,"turns":15.0},{"damage":18.0,"enemies":"2 Thieves","floor":18.0,"turns":3.0},{"damage":2.0,"enemies":"Chosen","floor":20.0,"turns":2.0},{"damage":25.0,"enemies":"3 Cultists","floor":21.0,"turns":6.0},{"damage":17.0,"enemies":"Snake Plant","floor":22.0,"turns":5.0},{"damage":15.0,"enemies":"Sentry and Sphere","floor":24.0,"turns":6.0},{"damage":5.0,"enemies":"Cultist and Chosen","floor":27.0,"turns":5.0},{"damage":14.0,"enemies":"Gremlin Leader","floor":29.0,"turns":7.0},{"damage":4.0,"enemies":"Snake Plant","floor":30.0,"turns":4.0},{"damage":12.0,"enemies":"3 Cultists","floor":31.0,"turns":7.0},{"damage":25.0,"enemies":"Champ","floor":33.0,"turns":11.0},{"damage":10,"enemies":"3 Darklings","floor":35,"turns":9},{"damage":0,"enemies":"Orb Walker","floor":36,"turns":3},{"damage":38,"enemies":"Reptomancer","floor":40,"turns":9},{"damage":15,"enemies":"Jaw Worm Horde","floor":42,"turns":6},{"damage":0,"enemies":"Spire Growth","floor":44,"turns":6},{"damage":16,"enemies":"Sphere and 2 Shapes","floor":46,"turns":6},{"damage":5,"enemies":"4 Shapes","floor":47,"turns":4},{"damage":20,"enemies":"Donu and Deca","floor":50,"turns":11}],"seed_played":"7295166269203286773","potions_obtained":[{"floor":1.0,"key":"FearPotion"},{"floor":3.0,"key":"DistilledChaos"},{"floor":6.0,"key":"Strength Potion"}],"is_trial":false,"path_per_floor":["M","?","M","?","?","E","R","M","T","R","M","R","M","M","R","B",null,"M","?","M","M","M","R","M","R","T","M","?","E","M","M","R","B",null,"M","M","?","T","$","E","R","M","T","M","R","M","M","$","R","B",null],"character_chosen":"IRONCLAD","items_purchased":["Medical Kit","Bag of Marbles","StoneCalendar"],"campfire_rested":1,"item_purchase_floors":[39,39,48],"current_hp_per_floor":[80,85,85,85,68,56,56,62,62,62,67,67,70,76,76,19,85,73,73,77,58,47,47,38,38,38,39,39,31,33,27,27,8,85,81,85,81,81,81,49,49,40,40,46,46,36,37,37,61,47],"gold":64,"neow_bonus":"","is_daily":true,"chose_seed":false,"campfire_upgraded":9,"win_rate":0.0,"timestamp":1611549536,"path_taken":["M","?","M","?","?","E","R","M","T","R","M","R","M","M","R","BOSS","M","?","M","M","?","R","M","R","T","M","?","E","M","M","R","BOSS","M","M","?","?","?","E","R","M","T","M","R","M","M","$","R","BOSS"],"items_purchased_type":["Relic","Relic","Relic"],"build_version":"2020-12-22","purchased_purges":1,"victory":true,"max_hp_per_floor":[80,85,85,85,85,85,85,85,85,85,85,85,85,85,85,85,85,85,85,85,85,85,85,85,85,85,85,85,85,85,85,85,85,85,85,85,81,81,81,81,81,81,81,81,81,81,81,81,81,81],"relic_stats":{"Darkstone Periapt":0,"Gremlin Horn":[29,29],"counters":[26,150],"Self Forming Clay":[33],"StoneCalendar":[104],"Whetstone":["Fiend Fire","Strike_R"],"Cursed Key":2,"Medical Kit":[14],"Burning Blood":149,"Mercury Hourglass":[113],"Sozu":8,"Bronze Scales":[91],"obtain_stats":[{"Darkstone Periapt":6,"Gremlin Horn":26,"Self Forming Clay":38,"StoneCalendar":48,"Omamori":9,"Whetstone":29,"Cursed Key":34,"Medical Kit":39,"Burning Blood":0,"Mercury Hourglass":43,"Sozu":17,"Du-Vu Doll":19,"Bronze Scales":40,"Bag of Marbles":39},{"Darkstone Periapt":3,"Gremlin Horn":13,"Self Forming Clay":20,"StoneCalendar":25,"Omamori":4,"Whetstone":15,"Cursed Key":18,"Medical Kit":20,"Burning Blood":0,"Mercury Hourglass":22,"Sozu":8,"Du-Vu Doll":9,"Bronze Scales":21,"Bag of Marbles":20},{"Darkstone Periapt":10,"Gremlin Horn":63,"Self Forming Clay":109,"StoneCalendar":139,"Omamori":13,"Whetstone":75,"Cursed Key":97,"Medical Kit":109,"Burning Blood":0,"Mercury Hourglass":124,"Sozu":41,"Du-Vu Doll":44,"Bronze Scales":118,"Bag of Marbles":109}]},"card_choices":[{"not_picked":["Bloodletting","Whirlwind"],"picked":"Clothesline","floor":1.0},{"not_picked":["Pommel Strike","Seeing Red"],"picked":"Disarm","floor":3.0},{"not_picked":["Fire Breathing","Cleave"],"picked":"Power Through","floor":6.0},{"not_picked":["Thunderclap","Havoc","Clothesline"],"picked":"SKIP","floor":8.0},{"not_picked":["Body Slam","Headbutt"],"picked":"Ghostly Armor","floor":11.0},{"not_picked":["Blood for Blood","Clothesline","Flex"],"picked":"SKIP","floor":13.0},{"not_picked":["Headbutt","Searing Blow","Sword Boomerang"],"picked":"SKIP","floor":14.0},{"not_picked":["Double Tap","Limit Break"],"picked":"Fiend Fire","floor":16.0},{"not_picked":["Burning Pact","Heavy Blade+1"],"picked":"Shrug It Off","floor":18.0},{"not_picked":["Body Slam+1","Pommel Strike","Uppercut"],"picked":"SKIP","floor":20.0},{"not_picked":["Entrench","Sword Boomerang"],"picked":"Fire Breathing","floor":21.0},{"not_picked":["Shrug It Off","Thunderclap+1"],"picked":"Iron Wave+1","floor":22.0},{"not_picked":["Twin Strike","Havoc"],"picked":"Metallicize","floor":24.0},{"not_picked":["Dropkick","Shockwave"],"picked":"True Grit+1","floor":27.0},{"not_picked":["Bludgeon","Thunderclap+1"],"picked":"Fire Breathing","floor":29.0},{"not_picked":["Wild Strike","Battle Trance"],"picked":"True Grit","floor":30.0},{"not_picked":["Headbutt+1","Heavy Blade"],"picked":"Shrug It Off+1","floor":31.0},{"not_picked":["Immolate","Corruption"],"picked":"Barricade","floor":33.0},{"not_picked":["Headbutt+1","Spot Weakness","Wild Strike"],"picked":"SKIP","floor":35},{"not_picked":["Dark Embrace","Clothesline","Heavy Blade+1"],"picked":"SKIP","floor":36},{"not_picked":["Fiend Fire","Headbutt","Clothesline+1"],"picked":"SKIP","floor":40},{"not_picked":["Ghostly Armor","Clothesline+1"],"picked":"Flame Barrier+1","floor":42},{"not_picked":["Clash+1","Warcry"],"picked":"Ghostly Armor+1","floor":44},{"not_picked":["True Grit","Combust","Havoc"],"picked":"SKIP","floor":46},{"not_picked":["Brutality","Intimidate+1"],"picked":"Shockwave+1","floor":47}],"player_experience":888039,"relics_obtained":[{"floor":6.0,"key":"Darkstone Periapt"},{"floor":9.0,"key":"Omamori"},{"floor":19.0,"key":"Du-Vu Doll"},{"floor":26.0,"key":"Gremlin Horn"},{"floor":29.0,"key":"Whetstone"},{"floor":38,"key":"Self Forming Clay"},{"floor":40,"key":"Bronze Scales"},{"floor":43,"key":"Mercury Hourglass"}],"event_choices":[{"damage_healed":0.0,"max_hp_gain":5.0,"max_hp_loss":0.0,"gold_gain":0.0,"event_name":"Big Fish","player_choice":"Donut","floor":2.0,"gold_loss":0.0,"damage_taken":0.0},{"cards_removed":["Eruption"],"damage_healed":0.0,"max_hp_gain":0.0,"max_hp_loss":0.0,"gold_gain":0.0,"event_name":"The Cleric","player_choice":"Card Removal","floor":4.0,"gold_loss":50.0,"damage_taken":0.0},{"damage_healed":85.0,"max_hp_gain":0.0,"max_hp_loss":85.0,"gold_gain":0.0,"event_name":"betterThird:BetterShining","player_choice":"Upgrade","floor":5.0,"gold_loss":0.0,"damage_taken":17.0,"cards_upgraded":["Strike_B","Defend_P"]},{"damage_healed":0.0,"max_hp_gain":0.0,"max_hp_loss":0.0,"gold_gain":0.0,"event_name":"Wheel of Change","player_choice":"Relic","floor":19.0,"gold_loss":0.0,"damage_taken":0.0},{"damage_healed":0.0,"max_hp_gain":0.0,"max_hp_loss":0.0,"gold_gain":0.0,"event_name":"Match and Keep!","player_choice":"1 cards matched","floor":28.0,"gold_loss":0.0,"damage_taken":0.0,"cards_obtained":["Demon Form"]},{"damage_healed":0,"gold_gain":0,"player_choice":"Max HP","damage_taken":0,"max_hp_gain":0,"max_hp_loss":4,"event_name":"Winding Halls","floor":37,"gold_loss":0}],"is_beta":false,"boss_relics":[{"not_picked":["Pandora\u0027s Box","Fusion Hammer"],"picked":"Sozu"},{"not_picked":["Busted Crown","Velvet Choker"],"picked":"Cursed Key"}],"items_purged_floors":[39],"is_endless":false,"potions_floor_spawned":[1,3,6,8,22,27,31,33,42,44,46,47],"ascension_level":0}}