{"host":"c52z9ixzgdjttcmx","time":1611541408,"event":{"mods":["BaseMod","Colored Powertips","Downfall","Filter the Spire","Minty Spire (QoL Compilation)","Rare Cards Sparkle","Relic Stats","StSLib"],"gold_per_floor":[99,99,99,99,99,99,99,110,121,121,156,12,31,31,44,44,44,44],"floor_reached":16,"language":"ENG","playtime":704,"items_purged":["hexamod:Strike"],"score":98,"play_id":"be759752-c870-49ca-8378-32be0bba8076","local_time":"20210124202328","is_ascension_mode":false,"campfire_choices":[{"data":"hexamod:Float","floor":1,"key":"SMITH"},{"data":"hexamod:VolcanoVisage","floor":6,"key":"SMITH"}],"circlet_count":0,"master_deck":["hexamod:Strike+1","hexamod:Strike+1","hexamod:Defend","hexamod:Defend+1","hexamod:Defend","hexamod:Defend","hexamod:Sear","hexamod:Float+1","hexamod:EmpoweredFlame","hexamod:SpectersWail","hexamod:VolcanoVisage+1","hexamod:CatchUp","hexamod:HauntingEcho","downfall:Malfunctioning","hexamod:FastForward","hexamod:HauntingEcho","hexamod:NightmareStrike","hexamod:ExtraCrispy+1","hexamod:RadiantFlame"],"relics":["hexamod:SpiritBrand","downfall:HeartsMalice","Bag of Marbles","MealTicket"],"acts_visited":["Exordium"],"potions_floor_usage":[],"damage_taken":[{"damage":0,"enemies":"Small Slimes","floor":2,"turns":1},{"damage":0,"enemies":"Cultist","floor":3,"turns":1},{"damage":0,"enemies":"2 Louse","floor":5,"turns":1},{"damage":21,"enemies":"Lots of Slimes","floor":8,"turns":4},{"damage":6,"enemies":"3 Louse","floor":9,"turns":4},{"damage":22,"enemies":"3 Sentries","floor":11,"turns":6},{"damage":0,"enemies":"downfall:FleeingMerchant","floor":12,"turns":4},{"damage":9,"enemies":"Blue Slaver","floor":13,"turns":3},{"damage":6,"enemies":"Large Slime","floor":15,"turns":3},{"damage":31,"enemies":"DF_ARCHETYPE_STREAMLINE","floor":16,"turns":4}],"seed_played":"-2053741577218678840","potions_obtained":[{"floor":8,"key":"SpeedPotion"},{"floor":9,"key":"LiquidMemories"},{"floor":11,"key":"ColorlessPotion"}],"is_trial":false,"path_per_floor":["R","M","M","?","M","R","T","M","M","?","E","$","M","?","M","B"],"character_chosen":"THE_SPIRIT","items_purchased":["hexamod:NightmareStrike"],"campfire_rested":0,"item_purchase_floors":[12],"current_hp_per_floor":[70,70,70,70,70,70,70,49,43,43,21,36,27,27,21,0,0,0],"gold":44,"neow_bonus":"THREE_ENEMY_KILL","is_daily":false,"chose_seed":false,"campfire_upgraded":2,"win_rate":0.0,"timestamp":1611541408,"path_taken":["R","M","M","?","M","R","T","?","M","?","E","$","M","?","M","BOSS"],"items_purchased_type":["Card"],"build_version":"2020-12-22","purchased_purges":1,"victory":false,"max_hp_per_floor":[70,70,70,70,70,70,70,70,70,70,70,70,70,70,70,70,70,70],"relic_stats":{"counters":[10,28],"MealTicket":15,"obtain_stats":[{"downfall:HeartsMalice":0,"MealTicket":11,"Bag of Marbles":7,"hexamod:SpiritBrand":0},{"downfall:HeartsMalice":0,"MealTicket":6,"Bag of Marbles":3,"hexamod:SpiritBrand":0},{"downfall:HeartsMalice":0,"MealTicket":14,"Bag of Marbles":0,"hexamod:SpiritBrand":0}]},"card_choices":[{"not_picked":["hexamod:BurningTouch","hexamod:ThermalTransfer"],"picked":"hexamod:EmpoweredFlame","floor":2},{"not_picked":["hexamod:Hexaguard","hexamod:Rewind"],"picked":"hexamod:SpectersWail","floor":3},{"not_picked":["hexamod:BurningTouch","hexamod:SpectersWail"],"picked":"hexamod:VolcanoVisage","floor":5},{"not_picked":["hexamod:BurningTouch","hexamod:FastForward"],"picked":"hexamod:CatchUp","floor":8},{"not_picked":["hexamod:ThermalTransfer","hexamod:GhostShield"],"picked":"hexamod:HauntingEcho","floor":9},{"not_picked":["hexamod:SearingWound","hexamod:BacktrackSmack"],"picked":"hexamod:FastForward","floor":11},{"not_picked":["hexamod:SpectersWail","hexamod:RetreatToShadows"],"picked":"hexamod:HauntingEcho","floor":12},{"not_picked":["hexamod:GhostOfSpireFuture","hexamod:HauntingEcho"],"picked":"hexamod:ExtraCrispy","floor":13},{"not_picked":["hexamod:SpectersWail","hexamod:NightmareStrike"],"picked":"hexamod:RadiantFlame","floor":15}],"player_experience":3350102,"relics_obtained":[{"floor":7,"key":"Bag of Marbles"},{"floor":11,"key":"MealTicket"}],"event_choices":[{"damage_healed":0,"gold_gain":0,"player_choice":"Forge","damage_taken":0,"max_hp_gain":0,"max_hp_loss":0,"event_name":"Accursed Blacksmith","floor":14,"gold_loss":0,"cards_upgraded":["hexamod:ExtraCrispy"]}],"is_beta":false,"boss_relics":[],"items_purged_floors":[12],"is_endless":false,"potions_floor_spawned":[8,9,11,13,15],"killed_by":"DF_ARCHETYPE_STREAMLINE","ascension_level":0}}