{"host":"36umirwmj0u9xjg7","time":1611604432,"event":{"mods":["Aspiration","BaseMod","CCEM","Downfall","Minty Spire (QoL Compilation)","Reliquary","Replay The Spire","StS++","StSLib","The Construct","The Gatherer","The Necromancer","The Runesmith"],"gold_per_floor":[114,114,127,127,127,77,97,112,112,216,267,294,51,78,78,174,174,194,194,119,119,70,70,100,100,100,120,120,120,132,142,142,142,142],"floor_reached":33,"language":"ENG","playtime":1073,"items_purged":["Injury"],"score":288,"play_id":"bb6e5b7b-e9f3-4d25-9f9e-9ca055bfb021","local_time":"20210125205352","is_ascension_mode":false,"campfire_choices":[{"floor":15,"key":"REST"},{"floor":23,"key":"REST"},{"floor":28,"key":"REST"},{"floor":32,"key":"REST"}],"circlet_count":0,"master_deck":["Strike_W","Strike_W","Strike_W","Defend_W","Defend_W","Defend_W","Defend_W","Negative_Energy_Arrows","Bone_Wall","Death_Knell","Pandemic","hexamod:ThirdSeal","Consecrate","Gatherer:ScherryThrow","Apotheosis+1","Necrotic_Claws","Negative_Energy_Sphere","Vampiric_Strike","Vampiric_Strike","Grasp_Heart","Reap_The_Weak"],"relics":["Vampire_Amulet","aspiration:Nostalgia","PureWater","PrismaticShard","Toxic Egg 2","reliquary:Boomerang","MawBank","CCEMRelics:GrindingGear","MutagenicStrength","reliquary:SharkskinSheath","aspiration:RitualStick","Eternal Feather"],"acts_visited":["Exordium","TheCity"],"potions_floor_usage":[14,14,16,24,33],"damage_taken":[{"damage":0,"enemies":"2 Louse","floor":1,"turns":2},{"damage":3,"enemies":"Cultist","floor":3,"turns":4},{"damage":2,"enemies":"Jaw Worm","floor":7,"turns":3},{"damage":11,"enemies":"Looter","floor":8,"turns":3},{"damage":17,"enemies":"3 Louse","floor":12,"turns":4},{"damage":0,"enemies":"Lagavulin","floor":14,"turns":5},{"damage":18,"enemies":"Slime Boss","floor":16,"turns":11},{"damage":21,"enemies":"Shell Parasite","floor":18,"turns":5},{"damage":28,"enemies":"Book of Stabbing","floor":24,"turns":6},{"damage":23,"enemies":"2 Thieves","floor":27,"turns":3},{"damage":30,"enemies":"Shelled Parasite and Fungi","floor":30,"turns":4},{"damage":15,"enemies":"Snake Plant","floor":31,"turns":4},{"damage":68,"enemies":"Automaton","floor":33,"turns":6}],"seed_played":"1006003670334738622","potions_obtained":[{"floor":2,"key":"LifebloodPotion"},{"floor":2,"key":"Cursed Concoction"},{"floor":2,"key":"Guardian:BlockOnCardUsePotion"},{"floor":14,"key":"Explosive Potion"},{"floor":31,"key":"Fire Potion"}],"is_trial":false,"path_per_floor":["M","?","M","?","?","?","M","M","T","?","T","M","$","E","R","B",null,"M","?","?","?","$","R","E","?","T","M","R","?","M","M","R","B"],"character_chosen":"NECROMANCER","items_purchased":["Apotheosis+1","Vampiric_Strike"],"campfire_rested":4,"item_purchase_floors":[13,22],"current_hp_per_floor":[75,75,74,74,74,74,74,65,65,35,35,24,24,26,48,38,75,56,42,42,42,42,66,43,27,27,10,43,43,21,12,48,0,0],"gold":142,"neow_bonus":"NOSTALGIA","is_daily":false,"chose_seed":false,"campfire_upgraded":0,"win_rate":0.0,"timestamp":1611604432,"path_taken":["M","?","?","?","?","?","M","?","T","?","?","M","$","E","R","BOSS","M","?","?","?","$","R","E","?","T","M","R","?","M","M","R","BOSS"],"items_purchased_type":["Card","Card"],"build_version":"2020-12-22","purchased_purges":1,"victory":false,"max_hp_per_floor":[75,75,75,75,75,75,75,75,75,75,75,75,75,75,75,75,75,75,80,80,80,80,80,80,80,80,80,80,80,80,80,80,80,80],"card_choices":[{"not_picked":["Death_March_Dance","Spectral_Armor"],"picked":"Death_Knell","floor":1},{"not_picked":["Corrupt","Chill_Blood"],"picked":"Pandemic","floor":3},{"not_picked":["BootSequence+1","champ:AdrenalArmor+1"],"picked":"hexamod:ThirdSeal","floor":7},{"not_picked":["Runesmith:Accelerate+1","sneckomod:QuickBite","Unload"],"picked":"SKIP","floor":8},{"not_picked":["BasicCrystalCard+1","Runesmith:StaticCage+1","Sweeping Beam"],"picked":"SKIP","floor":8},{"not_picked":["Runesmith:Electrocute","CutThroughFate"],"picked":"Consecrate","floor":10},{"not_picked":["Vengeance+1","StSpp:LatentStrike"],"picked":"Gatherer:ScherryThrow","floor":10},{"not_picked":["Run Through","hexamod:PhantomCloak","Slimebound:SplitMire+1"],"picked":"SKIP","floor":12},{"not_picked":["construct:Versatility","Infinite Blades","champ:BringItOn+1"],"picked":"SKIP","floor":12},{"not_picked":["Replay:Bag of Tricks+1","Runesmith:RunicBlueprint+1"],"picked":"Necrotic_Claws","floor":14},{"not_picked":["sneckomod:UnknownClassBLUE+1","bronze:OilSpill","Replay:Poison Smokescreen+1"],"picked":"SKIP","floor":14},{"not_picked":["Replay:Battleflow+1","Slimebound:ComboTackle"],"picked":"Negative_Energy_Sphere","floor":18},{"not_picked":["Hologram+1","Tempest+1","sneckomod:QuickBite+1"],"picked":"SKIP","floor":18},{"not_picked":["champ:TripleStrike","Gatherer:AromaProtection+1"],"picked":"Vampiric_Strike","floor":24},{"not_picked":["BasicCrystalCard+1","Gatherer:DrugPower","Ball Lightning"],"picked":"SKIP","floor":24},{"not_picked":["Guardian:EvasiveProtocol","sneckomod:ImprovisedGuard+1","StSpp:PoisonousPunch"],"picked":"SKIP","floor":27},{"not_picked":["Headbutt+1","bronze:CutThrough"],"picked":"Reap_The_Weak","floor":30},{"not_picked":["construct:ScopeCore+1","construct:Stasis+1","Run Through+1"],"picked":"SKIP","floor":30},{"not_picked":["Bone_Bullets","StSpp:Dive+1","construct:Electrocute"],"picked":"SKIP","floor":31},{"not_picked":["Runesmith:CraftMagma+1","Guardian:PrimingBeam+1","Runesmith:CraftObretio+1"],"picked":"SKIP","floor":31}],"player_experience":146915,"relics_obtained":[{"floor":9,"key":"reliquary:Boomerang"},{"floor":11,"key":"MawBank"},{"floor":14,"key":"CCEMRelics:GrindingGear"},{"floor":24,"key":"reliquary:SharkskinSheath"},{"floor":26,"key":"Eternal Feather"}],"event_choices":[{"damage_healed":0,"gold_gain":0,"player_choice":"Got Potions","damage_taken":0,"max_hp_gain":0,"max_hp_loss":0,"event_name":"Lab","floor":2,"gold_loss":0},{"cards_removed":["Pain"],"damage_healed":0,"gold_gain":0,"player_choice":"Card Removal","damage_taken":0,"max_hp_gain":0,"max_hp_loss":0,"event_name":"The Cleric","floor":6,"gold_loss":50},{"damage_healed":0,"gold_gain":0,"player_choice":"Shed Blood","damage_taken":19,"max_hp_gain":5,"max_hp_loss":0,"event_name":"Forgotten Altar","floor":19,"gold_loss":0},{"cards_removed":["Strike_W"],"damage_healed":0,"gold_gain":0,"player_choice":"Gave Gold","damage_taken":0,"max_hp_gain":0,"max_hp_loss":0,"event_name":"Beggar","floor":20,"gold_loss":75},{"damage_healed":0,"gold_gain":0,"player_choice":"Inject Mutagens","damage_taken":0,"relics_obtained":["MutagenicStrength"],"max_hp_gain":0,"max_hp_loss":0,"event_name":"Drug Dealer","floor":21,"gold_loss":0},{"damage_healed":0,"gold_gain":0,"player_choice":"Read","damage_taken":0,"max_hp_gain":0,"max_hp_loss":0,"event_name":"The Library","floor":29,"gold_loss":0,"cards_obtained":["Grasp_Heart"]}],"is_beta":false,"boss_relics":[{"not_picked":["CCEMRelics:TransientCore","ReplayTheSpireMod:DimensionalGlitch","reliquary:Ember"]}],"items_purged_floors":[13],"is_endless":false,"potions_floor_spawned":[3,14,31],"killed_by":"Automaton","ascension_level":0}}