{"host":"2eswhqk6sgfpt1j1","time":1611581696,"event":{"mods":["Act Like it!","BaseMod","Colored Powertips","Downfall","Duelist Mod","Hallownest","Hunter ¡‘»À","Minty Spire (QoL Compilation)","Replay The Spire","StSLib","The Bug Knight","The Cursed","The Servant 0.9.4"],"gold_per_floor":[119,130,130,228,228,228,153,153,153,103,121,149,160,160,160,160,160],"floor_reached":16,"language":"ZHS","playtime":1183,"items_purged":["HollowMod:NailStrikeStart"],"score":123,"play_id":"0346d61b-ae4e-4206-895d-29d2f474e8c6","local_time":"20210125213456","is_ascension_mode":false,"campfire_choices":[{"data":"HollowMod:SlysStrikes","floor":6,"key":"SMITH"},{"data":"HollowMod:SoulEater","floor":8,"key":"SMITH"},{"floor":15,"key":"REST"}],"circlet_count":0,"master_deck":["HollowMod:NailStrikeStart","HollowMod:NailStrikeStart","HollowMod:NailStrikeStart","HollowMod:FocusHealStart","HollowMod:PogoStrike","HollowMod:SlysStrikes+1","HollowMod:SoulEater+1","HollowMod:GrimmsGift","Hallownest:skillLeafShield","Hallownest:skillLeafShield","Hallownest:skillLeafShield","Hallownest:skillLeafShield","Hallownest:skillLeafShield","HollowMod:CycloneSlash","HollowMod:MantisMark","HollowMod:FallenFury","HollowMod:ChannelNail","HollowMod:DoubleDash","HollowMod:HuntersJournal"],"relics":["HollowMod:VesselMask","HollowMod:PaleOreRelic","Letter Opener","Hallownest:DreamNailRelic"],"acts_visited":["Hallownest:Greenpath"],"potions_floor_usage":[12],"damage_taken":[{"damage":4,"enemies":"Hallownest:2_Baldur","floor":1,"turns":4},{"damage":12,"enemies":"Hallownest:2_Tiktiks_and_1_Crawlid","floor":2,"turns":5},{"damage":6,"enemies":"Hallownest:2_MossCreeps","floor":11,"turns":4},{"damage":28,"enemies":"Hallownest:eliteCrystalGuardian","floor":12,"turns":6},{"damage":13,"enemies":"Hallownest:Guard_and_Warrior","floor":13,"turns":5},{"damage":51,"enemies":"Hallownest:BossBrokenVessel","floor":16,"turns":8}],"seed_played":"-1075487192885186235","potions_obtained":[{"floor":2,"key":"ColorlessPotion"}],"is_trial":false,"path_per_floor":["M","M","?","?","?","R","$","R","T","$","M","?","M","?","R","B"],"character_chosen":"THE_BUGKNIGHT","items_purchased":["HollowMod:ChannelNail"],"campfire_rested":1,"item_purchase_floors":[10],"current_hp_per_floor":[75,63,63,63,63,63,63,63,63,63,57,39,26,26,48,0,0],"gold":160,"neow_bonus":"ONE_RANDOM_RARE_CARD","is_daily":false,"chose_seed":false,"campfire_upgraded":2,"win_rate":0.0,"timestamp":1611581696,"path_taken":["M","M","?","?","?","R","$","R","T","?","?","?","M","?","R","BOSS"],"items_purchased_type":["Card"],"build_version":"2020-12-22","purchased_purges":1,"victory":false,"max_hp_per_floor":[75,75,75,75,75,75,75,75,75,75,75,75,75,75,75,75,75],"card_choices":[{"not_picked":["HollowMod:MothsMistake","HollowMod:SharpenedNail"],"picked":"HollowMod:SoulEater","floor":1},{"not_picked":["HollowMod:SiblingsSouls","HollowMod:LifebloodCocoon"],"picked":"HollowMod:GrimmsGift","floor":2},{"not_picked":["HollowMod:NewGlowingWomb","HollowMod:VengefulVoid"],"picked":"HollowMod:CycloneSlash","floor":4},{"not_picked":["HollowMod:CloakDash","HollowMod:VengefulSpirit"],"picked":"HollowMod:MantisMark","floor":4},{"not_picked":["HollowMod:NewLittleFool","HollowMod:WraithStrike"],"picked":"HollowMod:FallenFury","floor":4},{"not_picked":["HollowMod:NewLittleFool","HollowMod:AbyssShriek","HollowMod:InfectedCysts"],"picked":"SKIP","floor":11},{"not_picked":["HollowMod:SiblingsShadow","HollowMod:MothsMistake"],"picked":"HollowMod:DoubleDash","floor":12},{"not_picked":["HollowMod:NewJinnsSoul","HollowMod:VoidDash"],"picked":"HollowMod:HuntersJournal","floor":13}],"player_experience":429290,"relics_obtained":[{"floor":9,"key":"HollowMod:PaleOreRelic"},{"floor":12,"key":"Letter Opener"}],"event_choices":[],"is_beta":false,"boss_relics":[],"items_purged_floors":[7],"is_endless":false,"potions_floor_spawned":[2],"killed_by":"Hallownest:BossBrokenVessel","ascension_level":0}}