{"host":"ibckqdmmf9y74ymf","time":1611590458,"event":{"mods":["2.2 Compatiblity","Ascension Unlocker","BaseMod","Colored Map","Curses Come First","Highlight Path","Minty Spire (QoL Compilation)","Quick Restart","Rare Cards Sparkle","Relic Stats","StSLib"],"gold_per_floor":[54,109,109,184,184,207,207,242,242,242,262,187,69,69,113,113,113,113],"floor_reached":16,"language":"ENG","playtime":371,"items_purged":["Strike_G"],"score":262,"play_id":"dddd23fb-ed17-4ff3-8c9f-d4750eaeb7af","local_time":"20210125170058","is_ascension_mode":true,"campfire_choices":[{"data":"Neutralize","floor":6,"key":"SMITH"},{"data":"Skewer","floor":13,"key":"SMITH"},{"data":"Footwork","floor":15,"key":"SMITH"}],"circlet_count":0,"master_deck":["AscendersBane","Strike_G","Strike_G","Defend_G","Defend_G","Defend_G","Defend_G","Defend_G","Survivor","Neutralize+1","Poisoned Stab","Heel Hook","Skewer+1","Flying Knee","Footwork+1","Wraith Form v2"],"relics":["Ring of the Snake","NeowsBlessing","Golden Idol","MealTicket","Juzu Bracelet","Gremlin Horn"],"acts_visited":["Exordium"],"potions_floor_usage":[],"damage_taken":[{"damage":0,"enemies":"2 Louse","floor":1,"turns":1},{"damage":0,"enemies":"Cultist","floor":5,"turns":1},{"damage":0,"enemies":"Lagavulin","floor":7,"turns":1},{"damage":0,"enemies":"Small Slimes","floor":10,"turns":4},{"damage":19,"enemies":"3 Sentries","floor":14,"turns":7},{"damage":10,"enemies":"Hexaghost","floor":16,"turns":6}],"seed_played":"6440796214205596034","potions_obtained":[{"floor":5,"key":"CultistPotion"},{"floor":10,"key":"LiquidMemories"}],"is_trial":false,"path_per_floor":["M","?","?","?","M","R","E","?","T","M","?","$","R","E","R","B"],"character_chosen":"THE_SILENT","items_purchased":["Footwork"],"campfire_rested":0,"item_purchase_floors":[12],"current_hp_per_floor":[14,59,59,48,60,60,60,60,53,53,53,53,60,60,41,41,31,31],"gold":113,"neow_bonus":"THREE_ENEMY_KILL","is_daily":false,"chose_seed":false,"campfire_upgraded":3,"win_rate":0.0,"timestamp":1611590458,"path_taken":["M","?","?","?","?","R","E","?","T","M","?","?","R","E","R","BOSS"],"items_purchased_type":["Card"],"build_version":"2020-12-22","purchased_purges":1,"victory":false,"max_hp_per_floor":[66,66,60,60,60,60,60,60,60,60,60,60,60,60,60,60,60,60],"relic_stats":{"Gremlin Horn":[0,0],"counters":[6,20],"Golden Idol":25,"MealTicket":7,"Juzu Bracelet":0,"obtain_stats":[{"NeowsBlessing":0,"Gremlin Horn":14,"Golden Idol":2,"MealTicket":7,"Juzu Bracelet":9,"Ring of the Snake":0},{"NeowsBlessing":0,"Gremlin Horn":5,"Golden Idol":1,"MealTicket":3,"Juzu Bracelet":3,"Ring of the Snake":0},{"NeowsBlessing":0,"Gremlin Horn":14,"Golden Idol":1,"MealTicket":3,"Juzu Bracelet":3,"Ring of the Snake":0}],"Ring of the Snake":[12]},"card_choices":[{"not_picked":["Dagger Spray","Quick Slash"],"picked":"Poisoned Stab","floor":1},{"not_picked":["Prepared","Backflip"],"picked":"Heel Hook","floor":5},{"not_picked":["Prepared","Heel Hook"],"picked":"Skewer","floor":7},{"not_picked":["Reflex","Accuracy"],"picked":"Flying Knee","floor":10},{"not_picked":["Setup","Catalyst"],"picked":"Wraith Form v2","floor":14}],"player_experience":664554,"relics_obtained":[{"floor":7,"key":"MealTicket"},{"floor":9,"key":"Juzu Bracelet"},{"floor":14,"key":"Gremlin Horn"}],"event_choices":[{"damage_healed":0,"gold_gain":0,"player_choice":"Lose Max HP","damage_taken":0,"relics_obtained":["Golden Idol"],"max_hp_gain":0,"max_hp_loss":6,"event_name":"Golden Idol","floor":2,"gold_loss":0},{"damage_healed":0,"gold_gain":75,"player_choice":"Gather Gold","damage_taken":11,"max_hp_gain":0,"max_hp_loss":0,"event_name":"World of Goop","floor":3,"gold_loss":0},{"damage_healed":12,"gold_gain":0,"player_choice":"Full Heal","damage_taken":0,"max_hp_gain":0,"max_hp_loss":0,"event_name":"Wheel of Change","floor":4,"gold_loss":0},{"cards_removed":["Strike_G"],"damage_healed":0,"gold_gain":0,"player_choice":"Card Removal","damage_taken":7,"max_hp_gain":0,"max_hp_loss":0,"event_name":"Golden Wing","floor":8,"gold_loss":0},{"cards_removed":["Strike_G"],"damage_healed":0,"gold_gain":0,"player_choice":"Card Removal","damage_taken":0,"max_hp_gain":0,"max_hp_loss":0,"event_name":"The Cleric","floor":11,"gold_loss":75}],"is_beta":false,"boss_relics":[],"items_purged_floors":[12],"is_endless":false,"potions_floor_spawned":[5,10],"killed_by":"Hexaghost","ascension_level":20}}