{"host":"zk71suw73lg2r165","time":1611545977,"event":{"mods":["BaseMod","Colored Map","Minty Spire (QoL Compilation)","Permanent Neow","Relic Stats","StSLib"],"gold_per_floor":[365,123,137,137,137,137,137],"floor_reached":6,"language":"ENG","playtime":259,"items_purged":[],"score":68,"play_id":"983a2f00-eb77-41e1-aa54-202c3d3a461e","local_time":"20210124223937","is_ascension_mode":true,"campfire_choices":[],"circlet_count":0,"master_deck":["AscendersBane","Strike_G","Strike_G","Strike_G","Strike_G","Strike_G","Defend_G","Defend_G","Defend_G","Defend_G","Defend_G","Survivor","Neutralize","Leg Sweep","Footwork","Deadly Poison","Deadly Poison","Night Terror","Dagger Spray","Sucker Punch"],"relics":["Ring of the Snake","Orrery","Bronze Scales"],"acts_visited":["Exordium"],"potions_floor_usage":[6],"damage_taken":[{"damage":7,"enemies":"Jaw Worm","floor":1,"turns":5},{"damage":0,"enemies":"Cultist","floor":3,"turns":4},{"damage":50,"enemies":"3 Sentries","floor":6,"turns":15}],"seed_played":"-957260539396731043","potions_obtained":[{"floor":1,"key":"Block Potion"}],"is_trial":false,"path_per_floor":["M","$","M","?","?","E"],"character_chosen":"THE_SILENT","items_purchased":["Footwork","Orrery"],"campfire_rested":0,"item_purchase_floors":[2,2],"current_hp_per_floor":[52,52,52,52,52,2,2],"gold":137,"neow_bonus":"TWO_FIFTY_GOLD","is_daily":false,"chose_seed":false,"campfire_upgraded":0,"win_rate":0.0,"timestamp":1611545977,"path_taken":["M","$","M","?","?","E"],"items_purchased_type":["Card","Relic"],"build_version":"2020-12-22","purchased_purges":0,"victory":false,"max_hp_per_floor":[60,60,60,60,60,60,60],"relic_stats":{"counters":[3,24],"Bronze Scales":[40],"obtain_stats":[{"Bronze Scales":4,"Orrery":2,"Ring of the Snake":0},{"Bronze Scales":2,"Orrery":1,"Ring of the Snake":0},{"Bronze Scales":9,"Orrery":5,"Ring of the Snake":0}],"Ring of the Snake":[6]},"card_choices":[{"not_picked":["Well Laid Plans","Tactician"],"picked":"Leg Sweep","floor":1},{"not_picked":["Finisher","Prepared"],"picked":"Deadly Poison","floor":2},{"not_picked":["Outmaneuver","Escape Plan"],"picked":"Deadly Poison","floor":2},{"not_picked":["Deflect","All Out Attack"],"picked":"Night Terror","floor":2},{"not_picked":["Terror","Finisher"],"picked":"Dagger Spray","floor":2},{"not_picked":["Underhanded Strike","Quick Slash"],"picked":"Sucker Punch","floor":3}],"player_experience":1361512,"relics_obtained":[],"event_choices":[{"damage_healed":0,"gold_gain":0,"player_choice":"Box","damage_taken":0,"relics_obtained":["Bronze Scales"],"max_hp_gain":0,"max_hp_loss":0,"event_name":"Big Fish","floor":4,"gold_loss":0,"cards_obtained":["Regret"]},{"cards_removed":["Regret"],"damage_healed":0,"gold_gain":0,"player_choice":"Purged","damage_taken":0,"max_hp_gain":0,"max_hp_loss":0,"event_name":"Purifier","floor":5,"gold_loss":0}],"is_beta":false,"boss_relics":[],"items_purged_floors":[],"is_endless":false,"potions_floor_spawned":[1],"killed_by":"3 Sentries","ascension_level":20}}