{"host":"n43wxkei7kulhi8o","time":1611615955,"event":{"mods":["BaseMod","Bestiary","Block Reminder","Colored Map","Curses Come First","Custom Start","Highlight Path","Minty Spire (QoL Compilation)","Quick Restart","Relic Stats","StSLib"],"gold_per_floor":[113,128,138,148,223,223,237,248,301,59,116,175,175,187,187,289,289,300,300,317,327,10,10,44,44,95,95,107,107,126,51,51,153,153,173,188,15,15,25,25,42,42,42,57,71,88,88,88,88,88],"floor_reached":51,"language":"ENG","playtime":2648,"items_purged":["Defend_B","Strike_B"],"score":713,"play_id":"5c7db501-ce02-4fef-8857-5f514482eb24","local_time":"20210125180555","is_ascension_mode":false,"campfire_choices":[{"data":"Consume","floor":6,"key":"SMITH"},{"floor":15,"key":"REST"},{"floor":23,"key":"REST"},{"floor":25,"key":"REST"},{"data":"Capacitor","floor":29,"key":"SMITH"},{"floor":32,"key":"REST"},{"floor":40,"key":"REST"},{"floor":42,"key":"REST"},{"floor":49,"key":"REST"}],"circlet_count":0,"master_deck":["Strike_B","Strike_B","Strike_B","Defend_B","Defend_B","Defend_B","Zap","Dualcast","Melter","Cold Snap","Consume+1","Cold Snap","Melter","Coolheaded+1","Capacitor+1","Creative AI","Capacitor","Coolheaded+1","Electrodynamics","Conserve Battery+1","Multi-Cast+1","Defragment","Force Field+1","Redo+1","Doubt"],"relics":["Cracked Core","Ancient Tea Set","Toxic Egg 2","Letter Opener","Bag of Preparation","Black Star","Matryoshka","Bottled Tornado","Art of War","InkBottle","Pen Nib","Fusion Hammer","Orichalcum","Meat on the Bone"],"acts_visited":["Exordium","TheCity","TheBeyond"],"potions_floor_usage":[14,16,24,24,33],"damage_taken":[{"damage":7,"enemies":"Small Slimes","floor":1,"turns":5},{"damage":1,"enemies":"Cultist","floor":2,"turns":3},{"damage":0,"enemies":"Jaw Worm","floor":3,"turns":4},{"damage":19,"enemies":"Large Slime","floor":4,"turns":6},{"damage":0,"enemies":"Blue Slaver","floor":7,"turns":4},{"damage":9,"enemies":"Red Slaver","floor":8,"turns":5},{"damage":25,"enemies":"Lagavulin Event","floor":12,"turns":6},{"damage":1,"enemies":"Gremlin Gang","floor":14,"turns":6},{"damage":0,"enemies":"The Guardian","floor":16,"turns":11},{"damage":27,"enemies":"3 Byrds","floor":18,"turns":7},{"damage":9,"enemies":"Shell Parasite","floor":20,"turns":6},{"damage":7,"enemies":"Snecko","floor":21,"turns":12},{"damage":36,"enemies":"Book of Stabbing","floor":24,"turns":11},{"damage":0,"enemies":"Sentry and Sphere","floor":28,"turns":4},{"damage":16,"enemies":"Centurion and Healer","floor":30,"turns":6},{"damage":15,"enemies":"Collector","floor":33,"turns":13},{"damage":0,"enemies":"3 Shapes","floor":35,"turns":4},{"damage":23,"enemies":"3 Darklings","floor":36,"turns":4},{"damage":32,"enemies":"Transient","floor":39,"turns":5},{"damage":35,"enemies":"Jaw Worm Horde","floor":41,"turns":3},{"damage":1,"enemies":"Maw","floor":44,"turns":7},{"damage":0,"enemies":"Sphere and 2 Shapes","floor":45,"turns":4},{"damage":14,"enemies":"Writhing Mass","floor":46,"turns":7},{"damage":27,"enemies":"Donu and Deca","floor":50,"turns":10}],"seed_played":"-6537674762301310345","potions_obtained":[{"floor":1,"key":"LiquidMemories"},{"floor":4,"key":"FocusPotion"},{"floor":12,"key":"Explosive Potion"},{"floor":16,"key":"FocusPotion"},{"floor":20,"key":"SmokeBomb"},{"floor":30,"key":"SneckoOil"},{"floor":35,"key":"Fire Potion"},{"floor":44,"key":"SmokeBomb"},{"floor":46,"key":"Explosive Potion"}],"is_trial":false,"path_per_floor":["M","M","M","M","?","R","M","M","T","$","?","?","T","M","R","B",null,"M","?","M","M","$","R","E","R","T","?","M","R","M","$","R","B",null,"M","M","$","?","M","R","M","R","T","M","M","M","?","?","R","B",null],"character_chosen":"DEFECT","items_purchased":["Toxic Egg 2","Matryoshka","Regen Potion","Defragment"],"campfire_rested":7,"item_purchase_floors":[10,22,22,37],"current_hp_per_floor":[75,74,74,55,47,47,47,38,38,38,38,13,13,12,36,36,82,55,55,46,39,39,63,39,63,63,57,57,57,41,41,65,50,82,82,59,59,59,27,51,16,40,40,51,51,49,82,82,82,55],"gold":88,"neow_bonus":"TEN_PERCENT_HP_BONUS","is_daily":false,"chose_seed":false,"campfire_upgraded":2,"win_rate":0.0,"timestamp":1611615955,"path_taken":["M","M","M","M","?","R","?","M","T","$","?","?","?","M","R","BOSS","M","?","M","M","$","R","E","R","T","?","?","R","M","$","R","BOSS","M","M","$","?","M","R","M","R","T","M","M","?","?","?","R","BOSS"],"items_purchased_type":["Relic","Relic","Potion","Card"],"build_version":"2020-12-22","purchased_purges":2,"victory":true,"max_hp_per_floor":[82,82,82,82,82,82,82,82,82,82,82,82,82,82,82,82,82,82,82,82,82,82,82,82,82,82,82,82,82,82,82,82,82,82,82,82,82,82,82,82,82,82,82,82,82,82,82,82,82,82],"relic_stats":{"counters":[24,153],"Pen Nib":[7],"Bag of Preparation":[34],"Black Star":1,"Art of War":[18],"Letter Opener":[162],"Orichalcum":[48],"obtain_stats":[{"Pen Nib":26,"Bag of Preparation":13,"Letter Opener":12,"Bottled Tornado":24,"Orichalcum":43,"Ancient Tea Set":9,"Matryoshka":22,"Fusion Hammer":34,"Black Star":17,"Art of War":24,"Toxic Egg 2":10,"Cracked Core":0,"InkBottle":26,"Meat on the Bone":43},{"Pen Nib":13,"Bag of Preparation":7,"Letter Opener":7,"Bottled Tornado":13,"Orichalcum":20,"Ancient Tea Set":6,"Matryoshka":12,"Fusion Hammer":16,"Black Star":9,"Art of War":13,"Toxic Egg 2":6,"Cracked Core":0,"InkBottle":13,"Meat on the Bone":20},{"Pen Nib":86,"Bag of Preparation":33,"Letter Opener":33,"Bottled Tornado":86,"Orichalcum":125,"Ancient Tea Set":27,"Matryoshka":75,"Fusion Hammer":109,"Black Star":50,"Art of War":86,"Toxic Egg 2":27,"Cracked Core":0,"InkBottle":86,"Meat on the Bone":125}],"InkBottle":[24],"Meat on the Bone":24},"card_choices":[{"not_picked":["Darkness","Storm"],"picked":"Melter","floor":1},{"not_picked":["Recycle","Rebound"],"picked":"Conserve Battery","floor":2},{"not_picked":["Redo","Gash"],"picked":"Cold Snap","floor":3},{"not_picked":["Double Energy","Hologram"],"picked":"Consume","floor":4},{"not_picked":["Hologram","Multi-Cast"],"picked":"Cold Snap","floor":7},{"not_picked":["Sunder","Cold Snap"],"picked":"Melter","floor":8},{"not_picked":["Genetic Algorithm+1","Rebound"],"picked":"Coolheaded+1","floor":12},{"not_picked":["Streamline","Coolheaded+1"],"picked":"Capacitor","floor":14},{"not_picked":["Amplify+1","All For One"],"picked":"Creative AI","floor":16},{"not_picked":["Undo+1","Turbo+1"],"picked":"Capacitor","floor":18},{"not_picked":["Cold Snap","Beam Cell"],"picked":"Coolheaded+1","floor":20},{"not_picked":["Hello World","Turbo+1","Leap+1"],"picked":"SKIP","floor":21},{"not_picked":["Cold Snap","Beam Cell","Streamline"],"picked":"SKIP","floor":24},{"not_picked":["Fusion+1","Conserve Battery+1"],"picked":"Electrodynamics","floor":28},{"not_picked":["White Noise+1","Hello World+1"],"picked":"Conserve Battery+1","floor":30},{"not_picked":["Echo Form","Amplify+1"],"picked":"Multi-Cast+1","floor":33},{"not_picked":["Barrage","Steam Power+1","Beam Cell+1"],"picked":"SKIP","floor":35},{"not_picked":["Sunder","Turbo+1","Steam+1"],"picked":"SKIP","floor":36},{"not_picked":["Skim+1","Sunder+1"],"picked":"Redo+1","floor":39},{"not_picked":["Streamline","Turbo+1","Go for the Eyes"],"picked":"SKIP","floor":41},{"not_picked":["Force Field+1","Beam Cell+1","Conserve Battery+1"],"picked":"SKIP","floor":44},{"not_picked":["Melter+1","Sweeping Beam","Lockon"],"picked":"SKIP","floor":45},{"not_picked":["Sweeping Beam+1","Hologram+1","BootSequence+1"],"picked":"SKIP","floor":46}],"player_experience":654891,"relics_obtained":[{"floor":9,"key":"Ancient Tea Set"},{"floor":12,"key":"Letter Opener"},{"floor":13,"key":"Bag of Preparation"},{"floor":24,"key":"Bottled Tornado"},{"floor":24,"key":"Art of War"},{"floor":26,"key":"InkBottle"},{"floor":26,"key":"Pen Nib"},{"floor":43,"key":"Orichalcum"},{"floor":43,"key":"Meat on the Bone"}],"event_choices":[{"damage_healed":0,"gold_gain":75,"player_choice":"Touch","damage_taken":8,"max_hp_gain":0,"max_hp_loss":0,"event_name":"FaceTrader","floor":5,"gold_loss":0},{"damage_healed":0,"gold_gain":57,"player_choice":"Gained Gold","damage_taken":0,"max_hp_gain":0,"max_hp_loss":0,"event_name":"Golden Wing","floor":11,"gold_loss":0},{"damage_healed":0,"gold_gain":0,"player_choice":"Searched \u00272\u0027 times","damage_taken":0,"max_hp_gain":0,"max_hp_loss":0,"event_name":"Dead Adventurer","floor":12,"gold_loss":0},{"damage_healed":0,"gold_gain":0,"player_choice":"","damage_taken":6,"max_hp_gain":0,"max_hp_loss":0,"event_name":"Knowing Skull","floor":27,"potions_obtained":[],"gold_loss":0,"cards_obtained":[]},{"damage_healed":0,"gold_gain":0,"cards_transformed":["Conserve Battery"],"player_choice":"Transformed","damage_taken":0,"max_hp_gain":0,"max_hp_loss":0,"event_name":"Transmorgrifier","floor":38,"gold_loss":0,"cards_obtained":["Force Field"]},{"damage_healed":33,"gold_gain":0,"player_choice":"Heal","damage_taken":0,"max_hp_gain":0,"max_hp_loss":0,"event_name":"MindBloom","floor":47,"gold_loss":0,"cards_obtained":["Doubt"]},{"damage_healed":0,"gold_gain":0,"player_choice":"Ignored","damage_taken":0,"max_hp_gain":0,"max_hp_loss":0,"event_name":"Mysterious Sphere","floor":48,"gold_loss":0}],"is_beta":false,"boss_relics":[{"not_picked":["Coffee Dripper","Pandora\u0027s Box"],"picked":"Black Star"},{"not_picked":["Philosopher\u0027s Stone","SlaversCollar"],"picked":"Fusion Hammer"}],"items_purged_floors":[31,37],"is_endless":false,"potions_floor_spawned":[1,4,12,16,20,21,30,35,44,46],"ascension_level":0}}