{"host":"6xsbn6ynqlzwllfm","time":1611582446,"event":{"mods":["2.2 Compatiblity","BaseMod","Bestiary","Colored Map","Colored Powertips","Curses Come First","Highlight Path","Keyboard Shortcuts","Minty Spire (QoL Compilation)","Relic Stats","Slay the Relics Exporter","StSLib","SuperFastMode"],"gold_per_floor":[362,362,9,21,39,39,39,39],"floor_reached":7,"language":"ENG","playtime":367,"items_purged":["Strike_B"],"score":82,"play_id":"23a1735a-956b-4cf8-af36-044685fc50b2","local_time":"20210125084726","is_ascension_mode":true,"campfire_choices":[{"floor":6,"key":"REST"}],"circlet_count":0,"master_deck":["AscendersBane","Strike_B","Strike_B","Strike_B","Defend_B","Defend_B","Defend_B","Defend_B","Zap","Dualcast","FTL","Capacitor","Chaos","Aggregate","Glacier"],"relics":["Cracked Core","Bird Faced Urn","Orichalcum"],"acts_visited":["Exordium"],"potions_floor_usage":[4,7],"damage_taken":[{"damage":27,"enemies":"2 Louse","floor":1,"turns":3},{"damage":8,"enemies":"Jaw Worm","floor":4,"turns":4},{"damage":16,"enemies":"Small Slimes","floor":5,"turns":3},{"damage":48,"enemies":"Gremlin Nob","floor":7,"turns":4}],"seed_played":"8846004041723373147","potions_obtained":[{"floor":1,"key":"Regen Potion"},{"floor":5,"key":"DuplicationPotion"}],"is_trial":true,"path_per_floor":["M","?","$","M","M","R","E"],"character_chosen":"DEFECT","items_purchased":["Orichalcum","Capacitor","Chaos"],"campfire_rested":1,"item_purchase_floors":[3,3,3],"current_hp_per_floor":[37,19,19,25,9,30,0,0],"gold":39,"neow_bonus":"","is_daily":false,"chose_seed":true,"campfire_upgraded":0,"win_rate":0.0,"timestamp":1611582446,"path_taken":["M","?","$","M","M","R","E"],"items_purchased_type":["Relic","Card","Card"],"build_version":"2020-12-22","purchased_purges":1,"victory":false,"max_hp_per_floor":[71,71,71,71,71,71,71,71],"relic_stats":{"counters":[4,14],"Bird Faced Urn":[4],"Orichalcum":[36],"obtain_stats":[{"Bird Faced Urn":2,"Orichalcum":3,"Cracked Core":0},{"Bird Faced Urn":1,"Orichalcum":1,"Cracked Core":0},{"Bird Faced Urn":3,"Orichalcum":3,"Cracked Core":0}]},"card_choices":[{"not_picked":["Rebound","Streamline"],"picked":"FTL","floor":1},{"not_picked":["Tempest","Gash"],"picked":"Aggregate","floor":4},{"not_picked":["Genetic Algorithm","Cold Snap"],"picked":"Glacier","floor":5}],"player_experience":1113614,"relics_obtained":[],"event_choices":[{"damage_healed":0,"gold_gain":0,"player_choice":"Success","damage_taken":18,"relics_obtained":["Bird Faced Urn"],"max_hp_gain":0,"max_hp_loss":0,"event_name":"Scrap Ooze","floor":2,"gold_loss":0}],"is_beta":false,"boss_relics":[],"items_purged_floors":[3],"is_endless":false,"potions_floor_spawned":[1,5],"killed_by":"Gremlin Nob","ascension_level":20}}