{"host":"wj6vwlg8bkoql3lv","time":1611575471,"event":{"mods":["AchievementEnabler","Bard","Bartender","BaseMod","Better Altar","Better Match","Better Sensory Stone","Better Skull","Better Third Choice","Better Vampires","Card Forge","Colored Map","Custom Start","Decade(???)","Downfall","Energized Spire","Friendly Minions","Hermit","Hubris","Infinite Spire","JesterMod","Jorbs\u0027s Wanderer Trilogy","Marisa????????","Minty Spire (QoL Compilation)","Permanent Neow","Potionbrewer","Quick Restart","Random Character Button","Replay The Spire","Robot Space Explorer","Shade Mod","StSLib","The Blue Laboratory","The Bug Knight","The Construct","The Cursed","The Death Knight","The Disciple","The Gatherer","The Hayseed","The Hierophant","The Jungle","The Marked","The Mystic","The Runesmith","The Senshi","The Servant 0.9.4","TheFirefly","Transform Curses"],"gold_per_floor":[17,17,17,17,17,47,62,77,129,148,159,159,174,190,190,288,288,305,317,317,331,347,347,347,376,452,471,481,491,491,506,506,611,611,629,647,1646,1666,1666,1666,1677,1687,1768,1779,1797,1825,1836,1836,1836,1836],"floor_reached":51,"language":"ENG","playtime":3216,"items_purged":[],"score":761,"play_id":"58b79498-0be9-407f-b488-feab359e4453","local_time":"20210125115111","is_ascension_mode":false,"campfire_choices":[{"floor":12,"key":"RECALL"},{"floor":15,"key":"REST"},{"floor":23,"key":"REST"},{"floor":30,"key":"REST"},{"data":"Shade:WallOfFlesh","floor":32,"key":"SMITH"},{"floor":40,"key":"REST"},{"floor":49,"key":"REST"}],"circlet_count":0,"master_deck":["Shade:Strike_Shade+1","Shade:Strike_Shade+1","Shade:Strike_Shade+1","Shade:Strike_Shade+1","Shade:Defend_Shade+1","Shade:Defend_Shade+1","Shade:Defend_Shade+1","Shade:Defend_Shade+1","Shade:AnimateDead+1","Shade:CarefulCut+1","Shade:CommandSoldier+1","infinitespire:TheBestDefense+1","Shade:CallWraith+1","Shade:AncientSpear+1","Shade:FuneraryArmor+1","Shade:FuneraryArmor+1","Shade:FleshToFlesh+1","Shade:FleshOffering+1","Shade:GreyBargain+1","Shade:SkeletonHug+1","Shade:UnbarTheGrave+1","Shade:FeralStrike+1","Shade:Premonition+1","Shade:FingerOfDeath+1","Shade:UnbarTheGrave+1","Shade:Premonition+1","Shade:RavenousHorde+1","Shade:DangerousRitual+1","Shade:WallOfFlesh+1","Shade:Coordination+1","Shade:ExtraLimbs+1","Shade:AncientSpear+1","Shade:Carnophage+1","Shade:FreshBones+1","Shade:Trample+1","Shade:AuraOfUnlife+1","Shade:FleshToFlesh+1","Shade:FeralStrike+1","Shade:SensePrey+1"],"relics":["Shade:YorickPolishedSkull","Hammer of Thor","Seething Fire","Anvil of the Gods","Unceasing Top","HollowMod:QueensCombRelic","infinitespire:PuzzleCube","Runic Dome","Bag of Marbles","Replay:WaspNest","WarpedTongs","hubris:CuriousFeather","hubris:VirtuousBlindfold","ReplayTheSpireMod:TigerMarble"],"acts_visited":["Exordium","TheCity","TheBeyond"],"potions_floor_usage":[6,25,31,33,36,45,45,50],"damage_taken":[{"damage":0,"enemies":"2 Louse","floor":1,"turns":3},{"damage":11,"enemies":"Lagavulin","floor":6,"turns":4},{"damage":0,"enemies":"Jaw Worm","floor":7,"turns":2},{"damage":5,"enemies":"Small Slimes","floor":8,"turns":2},{"damage":0,"enemies":"Blue Slaver","floor":10,"turns":3},{"damage":11,"enemies":"Exordium Thugs","floor":11,"turns":4},{"damage":0,"enemies":"Red Slaver","floor":13,"turns":3},{"damage":5,"enemies":"Large Slime","floor":14,"turns":3},{"damage":27,"enemies":"Hexaghost","floor":16,"turns":15},{"damage":0,"enemies":"2 Thieves","floor":18,"turns":3},{"damage":10,"enemies":"Spheric Guardian","floor":19,"turns":4},{"damage":6,"enemies":"Centurion and Healer","floor":21,"turns":3},{"damage":10,"enemies":"Chosen and Byrds","floor":22,"turns":8},{"damage":5,"enemies":"Gremlin Leader","floor":25,"turns":5},{"damage":5,"enemies":"Sentry and Sphere","floor":27,"turns":4},{"damage":0,"enemies":"Snake Plant","floor":28,"turns":4},{"damage":12,"enemies":"Centurion and Healer","floor":29,"turns":5},{"damage":2,"enemies":"Shelled Parasite and Fungi","floor":31,"turns":4},{"damage":28,"enemies":"Pondfish","floor":33,"turns":11},{"damage":2,"enemies":"Orb Walker","floor":35,"turns":5},{"damage":0,"enemies":"3 Shapes","floor":36,"turns":1},{"damage":7,"enemies":"Spire Growth","floor":38,"turns":4},{"damage":7,"enemies":"Sphere and 2 Shapes","floor":41,"turns":4},{"damage":6,"enemies":"Jaw Worm Horde","floor":42,"turns":2},{"damage":7,"enemies":"4 Shapes","floor":44,"turns":2},{"damage":7,"enemies":"Writhing Mass","floor":45,"turns":5},{"damage":21,"enemies":"Reptomancer","floor":46,"turns":8},{"damage":2,"enemies":"Jaw Worm Horde","floor":47,"turns":3},{"damage":34,"enemies":"Replay:Hell Engine","floor":50,"turns":13}],"seed_played":"-1904382543887410854","potions_obtained":[{"floor":1,"key":"DuplicationPotion"},{"floor":8,"key":"Strength Potion"},{"floor":14,"key":"SmokeBomb"},{"floor":18,"key":"AttackPotion"},{"floor":21,"key":"Dexterity Potion"},{"floor":28,"key":"potionbrewer:EndurancePotion"},{"floor":29,"key":"blueLaboratory:FruitPunch"},{"floor":33,"key":"Explosive Potion"},{"floor":41,"key":"AttackPotion"},{"floor":42,"key":"Flashbang"},{"floor":45,"key":"Guardian:BlockOnCardUsePotion"}],"is_trial":false,"path_per_floor":["M","?","?","?","$","E","M","M","T","M","M","R","M","M","R","B",null,"M","M","?","M","M","R","?","E","T","M","M","M","R","M","R","B",null,"M","M","?","M","?","R","M","M","T","M","M","E","M","AVR","R","B",null],"character_chosen":"SHADE","items_purchased":[],"campfire_rested":5,"item_purchase_floors":[],"current_hp_per_floor":[65,65,48,48,48,37,42,37,37,42,31,31,42,37,42,15,42,42,32,20,22,28,40,40,37,37,37,42,30,42,42,42,16,44,42,44,44,37,37,44,37,35,35,32,37,23,29,29,42,10],"gold":1836,"neow_bonus":"ONE_RARE_RELIC","is_daily":false,"chose_seed":false,"campfire_upgraded":1,"win_rate":0.0,"timestamp":1611575471,"path_taken":["M","?","?","?","?","E","?","M","T","M","M","R","M","M","R","BOSS","M","M","?","M","M","R","?","E","T","M","M","M","R","M","R","BOSS","M","M","?","M","?","R","M","M","T","M","M","E","M","AVR","R","BOSS"],"items_purchased_type":[],"build_version":"2020-12-22","purchased_purges":0,"victory":true,"max_hp_per_floor":[65,65,65,65,65,42,42,42,42,42,42,42,42,42,42,42,42,42,42,42,42,42,42,42,42,42,42,42,42,42,44,44,44,44,44,44,44,44,44,44,44,44,44,44,44,44,44,44,44,44],"card_choices":[{"not_picked":["Shade:GreyBargain","Shade:Frenzy"],"picked":"Shade:CommandSoldier","floor":1},{"not_picked":["infinitespire:Execution","infinitespire:SevenWalls"],"picked":"infinitespire:TheBestDefense","floor":3},{"not_picked":["Shade:CommandSoldier","Shade:SkeletonHug"],"picked":"Shade:AncientSpear","floor":6},{"not_picked":["Shade:SoulToxin","Shade:FingerOfDeath"],"picked":"Shade:FuneraryArmor","floor":7},{"not_picked":["Shade:BoneShards","Shade:FreshBones"],"picked":"Shade:FuneraryArmor","floor":8},{"not_picked":["Shade:AuraOfUnlife","Shade:Premonition"],"picked":"Shade:FleshToFlesh","floor":10},{"not_picked":["Shade:CommandSoldier","Shade:Consume"],"picked":"Shade:FleshOffering","floor":11},{"not_picked":["Shade:Trample","Shade:FeralStrike"],"picked":"Shade:GreyBargain","floor":13},{"not_picked":["Shade:FuneraryArmor","Shade:GoDigging"],"picked":"Shade:SkeletonHug","floor":14},{"not_picked":["Shade:SelfBurial","Shade:MadHubris"],"picked":"Shade:UnbarTheGrave","floor":16},{"not_picked":["Shade:Haruspicy+1","Shade:AblativeArmor"],"picked":"Shade:FeralStrike","floor":18},{"not_picked":["Shade:GreyBargain+1","Shade:BoneShards+1"],"picked":"Shade:Premonition","floor":19},{"not_picked":["Shade:Awaken+1","Shade:Frenzy+1"],"picked":"Shade:FingerOfDeath","floor":21},{"not_picked":["Shade:Brains","Shade:FuneraryArmor+1"],"picked":"Shade:UnbarTheGrave","floor":22},{"not_picked":["Shade:SkeletonHug","Shade:TouchOfTheGrave"],"picked":"Shade:Premonition","floor":25},{"not_picked":["Shade:Doomsay","Shade:CloudOfShrapnel","Shade:SpectralStrikes+1"],"picked":"SKIP","floor":27},{"not_picked":["Shade:FingerOfDeath","Shade:FeralStrike+1"],"picked":"Shade:RavenousHorde+1","floor":28},{"not_picked":["Shade:Bonestorm+1","Shade:ClawBack"],"picked":"Shade:DangerousRitual","floor":29},{"not_picked":["Shade:LastGasp","Shade:SensePrey"],"picked":"Shade:WallOfFlesh","floor":31},{"not_picked":["Shade:MadHubris","Shade:LoseControl"],"picked":"Shade:Coordination","floor":33},{"not_picked":["Shade:SanguineRitual+1","Shade:ClawBack+1"],"picked":"Shade:ExtraLimbs+1","floor":35},{"not_picked":["Shade:ExtraLimbs","Shade:CoffinDance+1"],"picked":"Shade:AncientSpear+1","floor":36},{"not_picked":["Shade:FeralStrike","Shade:CommandSoldier+1"],"picked":"Shade:Carnophage+1","floor":38},{"not_picked":["Shade:GreyBargain","Shade:BoneShards"],"picked":"Shade:FreshBones+1","floor":41},{"not_picked":["Shade:Tombstone","Shade:Haruspicy"],"picked":"Shade:Trample","floor":42},{"not_picked":["Shade:FuneraryArmor+1","Shade:Bonestorm"],"picked":"Shade:AuraOfUnlife","floor":44},{"not_picked":["Shade:WallOfFlesh+1","Shade:FuneraryArmor"],"picked":"Shade:FleshToFlesh","floor":45},{"not_picked":["Shade:PoundOfFlesh+1","Shade:BoneShards"],"picked":"Shade:FeralStrike+1","floor":46},{"not_picked":["Shade:AblativeArmor","Shade:ClawBack"],"picked":"Shade:SensePrey+1","floor":47}],"player_experience":172581,"relics_obtained":[{"floor":6,"key":"HollowMod:QueensCombRelic"},{"floor":9,"key":"infinitespire:PuzzleCube"},{"floor":25,"key":"Bag of Marbles"},{"floor":26,"key":"Replay:WaspNest"},{"floor":46,"key":"hubris:CuriousFeather"}],"event_choices":[{"damage_healed":0,"gold_gain":0,"player_choice":"Grow","damage_taken":0,"max_hp_gain":0,"max_hp_loss":0,"event_name":"Living Wall","floor":2,"gold_loss":0,"cards_upgraded":["Shade:AnimateDead"]},{"damage_healed":0,"gold_gain":0,"player_choice":"Ignored","damage_taken":0,"max_hp_gain":0,"max_hp_loss":0,"event_name":"Ghosts","floor":24,"gold_loss":0},{"damage_healed":0,"gold_gain":999,"player_choice":"Gold","damage_taken":0,"max_hp_gain":0,"max_hp_loss":0,"event_name":"MindBloom","floor":37,"gold_loss":0,"cards_obtained":["Normality","Normality"]},{"damage_healed":0,"gold_gain":0,"player_choice":"Rummage","damage_taken":0,"relics_obtained":["WarpedTongs"],"max_hp_gain":0,"max_hp_loss":0,"event_name":"Accursed Blacksmith","floor":39,"gold_loss":0,"cards_obtained":["Pain"]}],"is_beta":false,"boss_relics":[{"not_picked":["Runesmith:UraniumAnvil","hubris:GrandSneckoEye"],"picked":"Runic Dome"},{"not_picked":["Replay:Fungal Core","energizedSpire:DeadBattery"],"picked":"Shade:YorickPolishedSkull"}],"items_purged_floors":[],"is_endless":false,"potions_floor_spawned":[1,8,14,18,21,28,29,33,41,42,44,45],"ascension_level":0}}