{"host":"he07elbwfbprxmdo","time":1611585535,"event":{"mods":["BaseMod","Better Skull","Better Third Choice","Better Vampires","Block Reminder","Clockwork Mod","Colored Map","Downfall","Energized Spire","Fox Events","Halation","Hermit","Highlight Path","Marisa????????","Minty Spire (QoL Compilation)","Relic Stats","StSLib","The Animator","The Servant 0.9.4","Unceasing Turn Reminder"],"gold_per_floor":[112,112,112,112,112,112,151,169,195,145,145,145],"floor_reached":11,"language":"ENG","playtime":1061,"items_purged":[],"score":69,"play_id":"d221ff17-3c94-49c6-a357-96908beb71aa","local_time":"20210125163855","is_ascension_mode":false,"campfire_choices":[{"data":"Clockwork:Tinker","floor":6,"key":"SMITH"}],"circlet_count":0,"master_deck":["Clockwork:Strike","Clockwork:Strike","Clockwork:Strike","Clockwork:Strike","Clockwork:Shield","Clockwork:Shield","Clockwork:Shield","Clockwork:Shield","Clockwork:Tinker+1","Clockwork:WarmUp","Clockwork:LogisticRegression","Clockwork:ForgeStrike"],"relics":["Clockwork:MomentumEngine","Golden Idol","Juzu Bracelet","Question Card","Blood Vial","MealTicket"],"acts_visited":["Exordium"],"potions_floor_usage":[11,11],"damage_taken":[{"damage":0,"enemies":"2 Louse","floor":1,"turns":6},{"damage":12,"enemies":"Lagavulin","floor":7,"turns":16},{"damage":3,"enemies":"Small Slimes","floor":8,"turns":10},{"damage":102,"enemies":"Gremlin Nob","floor":11,"turns":7}],"seed_played":"6451318753730881678","potions_obtained":[{"floor":1,"key":"ColorlessPotion"},{"floor":8,"key":"Swift Potion"}],"is_trial":false,"path_per_floor":["M","?","?","?","?","R","E","M","T","?","E"],"character_chosen":"CLOCKWORK","items_purchased":[],"campfire_rested":0,"item_purchase_floors":[],"current_hp_per_floor":[93,98,98,98,88,88,76,75,75,75,0,0],"gold":145,"neow_bonus":"TEN_PERCENT_HP_BONUS","is_daily":false,"chose_seed":false,"campfire_upgraded":1,"win_rate":0.0,"timestamp":1611585535,"path_taken":["M","?","?","?","?","R","E","M","T","?","E"],"items_purchased_type":[],"build_version":"2020-12-22","purchased_purges":0,"victory":false,"max_hp_per_floor":[93,98,98,98,98,98,98,98,98,98,98,98],"relic_stats":{"Blood Vial":4,"counters":[4,39],"Golden Idol":12,"MealTicket":0,"Juzu Bracelet":0,"Question Card":2,"obtain_stats":[{"Clockwork:MomentumEngine":0,"Blood Vial":7,"Golden Idol":4,"MealTicket":9,"Juzu Bracelet":5,"halation:StarCompass":3,"Question Card":5},{"Clockwork:MomentumEngine":0,"Blood Vial":2,"Golden Idol":1,"MealTicket":3,"Juzu Bracelet":1,"halation:StarCompass":1,"Question Card":1},{"Clockwork:MomentumEngine":0,"Blood Vial":22,"Golden Idol":6,"MealTicket":32,"Juzu Bracelet":6,"halation:StarCompass":6,"Question Card":6}]},"card_choices":[{"not_picked":["Clockwork:Roundhouse","Clockwork:Efficiency"],"picked":"Clockwork:LogisticRegression","floor":1},{"not_picked":["Clockwork:AdaptiveShield","Clockwork:Roundhouse","Clockwork:MechanicalBulk","Clockwork:LogisticRegression"],"picked":"SKIP","floor":7},{"not_picked":["Clockwork:TimeOut","Clockwork:Redundancy","Clockwork:Clone"],"picked":"Clockwork:ForgeStrike","floor":8}],"player_experience":166227,"relics_obtained":[{"floor":7,"key":"Blood Vial"},{"floor":9,"key":"MealTicket"}],"event_choices":[{"damage_healed":0,"gold_gain":0,"player_choice":"Donut","damage_taken":0,"max_hp_gain":5,"max_hp_loss":0,"event_name":"Big Fish","floor":2,"gold_loss":0},{"damage_healed":0,"gold_gain":0,"player_choice":"Take Wound","damage_taken":0,"relics_obtained":["Golden Idol"],"max_hp_gain":0,"max_hp_loss":0,"event_name":"Golden Idol","floor":4,"gold_loss":0,"cards_obtained":["Injury"]},{"damage_healed":0,"gold_gain":1,"player_choice":"Relic Relic ","damage_taken":10,"max_hp_gain":0,"max_hp_loss":0,"event_name":"betterThird:BetterScrap","floor":5,"gold_loss":0,"cards_obtained":["Bludgeon"]},{"cards_removed":["Injury"],"damage_healed":0,"gold_gain":0,"player_choice":"Card Removal","damage_taken":0,"max_hp_gain":0,"max_hp_loss":0,"event_name":"The Cleric","floor":10,"gold_loss":50}],"is_beta":false,"boss_relics":[],"items_purged_floors":[],"is_endless":false,"potions_floor_spawned":[1,8],"killed_by":"Gremlin Nob","ascension_level":0}}