{"host":"i9wanet4r0ff4t9y","time":1611576486,"event":{"mods":["2.2 Compatiblity","Act Like it!","BaseMod","Bestiary","Better Altar","Better Match","Better Note","Better Sensory Stone","Better Skull","Better Third Choice","Better Vampires","BetterRewards","CapriCore","Curses Come First","Downfall","Minty Spire (QoL Compilation)","Quick Restart","READ ME - Guardian Mod","READ ME - Snecko Mod","Relic Stats","Say the Spire","Spicy Shops","StSLib","The Disciple","Waifu the Spire"],"gold_per_floor":[124,124,133,154,154,154,188,214,237,262,284,309,309,334,334,415,415,434,27,27,56,65,65,74,74,74,74,117,146,172,214,214,301,301,324,624,28,48,57,98,23,23,23,47,76,110,110,129,129,129],"floor_reached":51,"language":"POL","playtime":1610,"items_purged":["Shame"],"score":1696,"play_id":"349d02fd-0a0e-43cb-8e8c-ecdbec175f91","local_time":"20210125130806","is_ascension_mode":true,"campfire_choices":[{"data":"Inflame","floor":6,"key":"SMITH"},{"data":"Combust","floor":13,"key":"SMITH"},{"floor":15,"key":"RECALL"},{"data":"Rupture","floor":23,"key":"SMITH"},{"floor":32,"key":"REST"},{"floor":42,"key":"REST"},{"floor":47,"key":"REST"},{"floor":49,"key":"REST"}],"circlet_count":0,"master_deck":["AscendersBane","Strike_R","Strike_R","Strike_R","Strike_R","Strike_R","Defend_R","Defend_R+1","Defend_R+1","Defend_R","Bash","Dropkick","Seeing Red+1","Feel No Pain","Havoc+1","Uppercut","Jack Of All Trades+1","Inflame+1","Limit Break+1","Flex+1","Sentinel+1","Armaments+1","Combust+1","Thunderclap","Feed","Iron Wave","Anger+1","Spot Weakness+1","Rupture+1","Heavy Blade+1","Wild Strike+1","Entrench+1","Power Through+1","Double Tap+1","Flex+1","Inflame","Cleave+1","Armaments+1","Footwork+1","Heavy Blade+1","Heavy Blade+1","Dropkick+1","Offering+1","Twin Strike+1"],"relics":["Black Blood","hexamod:CandleOfCauterizing","Toxic Egg 2","CeramicFish","Strange Spoon","Mango","hexamod:BolsterEngine","Pen Nib","War Paint","PreservedInsect","Molten Egg 2","Self Forming Clay","Shuriken","Potion Belt","Vajra","Sozu","Kunai","Lee\u0027s Waffle","Art of War","Mummified Hand","The Courier","Paper Frog"],"acts_visited":["Exordium","TheCity","TheBeyond"],"potions_floor_usage":[16,18,28,38],"damage_taken":[{"damage":15,"enemies":"Small Slimes","floor":1,"turns":3},{"damage":0,"enemies":"Jaw Worm","floor":4,"turns":3},{"damage":6,"enemies":"3 Sentries","floor":7,"turns":6},{"damage":1,"enemies":"Cultist","floor":8,"turns":3},{"damage":1,"enemies":"Gremlin Gang","floor":10,"turns":4},{"damage":0,"enemies":"Red Slaver","floor":11,"turns":4},{"damage":0,"enemies":"Large Slime","floor":12,"turns":3},{"damage":5,"enemies":"3 Louse","floor":14,"turns":2},{"damage":48,"enemies":"Hexaghost","floor":16,"turns":7},{"damage":10,"enemies":"3 Byrds","floor":18,"turns":4},{"damage":3,"enemies":"Chosen","floor":21,"turns":3},{"damage":33,"enemies":"Book of Stabbing","floor":28,"turns":5},{"damage":37,"enemies":"Snake Plant","floor":29,"turns":4},{"damage":14,"enemies":"Chosen and Byrds","floor":30,"turns":4},{"damage":35,"enemies":"Slavers","floor":31,"turns":5},{"damage":51,"enemies":"Automaton","floor":33,"turns":7},{"damage":11,"enemies":"3 Shapes","floor":35,"turns":5},{"damage":9,"enemies":"3 Darklings","floor":38,"turns":3},{"damage":62,"enemies":"Nemesis","floor":40,"turns":5},{"damage":4,"enemies":"Spire Growth","floor":44,"turns":4},{"damage":54,"enemies":"Maw","floor":45,"turns":5},{"damage":9,"enemies":"Giant Head","floor":46,"turns":4},{"damage":20,"enemies":"Sphere and 2 Shapes","floor":48,"turns":4},{"damage":98,"enemies":"Time Eater","floor":50,"turns":7}],"seed_played":"6240975460668969631","potions_obtained":[{"floor":1,"key":"Swift Potion"},{"floor":7,"key":"Block Potion"},{"floor":16,"key":"FearPotion"},{"floor":28,"key":"BlessingOfTheForge"}],"is_trial":false,"path_per_floor":["M","?","?","M","?","R","E","M","T","M","M","M","R","M","R","B",null,"M","$","$","M","?","R","?","$","T","T","E","M","M","E","R","B",null,"M","?","$","M","?","E","$","R","T","M","M","E","R","M","R","B",null],"character_chosen":"IRONCLAD","items_purchased":["hexamod:CandleOfCauterizing","Toxic Egg 2","CeramicFish","Strange Spoon","Dropkick","HandOfGreed","Seeing Red+1","Feel No Pain","Havoc+1","Regen Potion","PreservedInsect","Molten Egg 2","Anger+1","Kunai","Lee\u0027s Waffle","Inflame","Art of War","Cleave+1"],"campfire_rested":4,"item_purchase_floors":[0,0,0,0,0,0,0,0,0,0,19,19,19,37,37,37,37,37],"current_hp_per_floor":[29,58,58,64,99,99,99,99,99,99,99,99,99,99,99,57,89,91,91,91,99,99,99,99,99,99,99,83,58,59,39,70,31,87,88,88,112,112,112,62,62,95,95,103,61,64,97,89,112,26],"gold":129,"neow_bonus":"","is_daily":false,"chose_seed":false,"campfire_upgraded":3,"win_rate":0.0,"timestamp":1611576486,"path_taken":["M","?","?","M","?","R","E","M","T","?","?","?","R","M","R","BOSS","M","?","$","?","?","R","?","?","T","?","E","M","M","E","R","BOSS","M","?","$","?","?","E","$","R","T","M","?","E","R","M","R","BOSS"],"items_purchased_type":["Relic","Relic","Relic","Relic","Card","Card","Card","Card","Card","Potion","Relic","Relic","Card","Relic","Relic","Card","Relic","Card"],"build_version":"2020-12-22","purchased_purges":1,"victory":true,"max_hp_per_floor":[89,89,89,89,99,99,99,99,99,99,99,99,99,99,99,99,99,99,99,99,99,99,99,99,99,99,99,99,99,102,105,105,105,105,105,105,112,112,112,112,112,112,112,112,112,112,112,112,112,112],"relic_stats":{"Lee\u0027s Waffle":87,"counters":[519,2358],"Self Forming Clay":[192],"CeramicFish":810,"Black Blood":2932,"Pen Nib":[43],"PreservedInsect":264,"War Paint":["Defend_R","Defend_R"],"Sozu":3,"Strange Spoon":[26],"Shuriken":[51],"Mummified Hand":[23],"Art of War":[4],"Kunai":[16],"obtain_stats":[{"Golden Egg":34,"Replay:Accelerometer":0,"Spirit Poop":4,"Ginger":17,"Whetstone":27,"Bottled Tornado":10,"Sling":47,"Old Coin":24,"Ring of Searing":15,"Blood Vial":22,"Replay:Ringing Soul":47,"Sundial":17,"MealTicket":26,"Replay:Bottled Flurry":49,"HandDrill":31,"Kunai":10,"Replay:Wax Seal":0,"Electric Blood":17,"Replay:Bottled Steam":23,"betterAltar:BloodRelic":27,"ReplayTheSpireMod:Ring of Addiction":36,"Blue Candle":7,"Eternal Feather":17,"Pen Nib":0,"Replay:Ancient Bell":34,"Akabeko":31,"SlaversCollar":17,"Ooze Armor":34,"Bird Faced Urn":9,"ReplayTheSpireMod:Ring of Collecting":5,"Pandora\u0027s Box":34,"Mark of Pain":17,"StrikeDummy":0,"Unceasing Top":0,"Regal Pillow":24,"Lantern":34,"Torii":47,"Singing Bowl":0,"Magic Flower":0,"StoneCalendar":0,"Blue Doll":43,"King of Hearts":47,"Replay:Multitool":25,"Bag of Preparation":54,"Cursed Key":34,"Smiling Mask":27,"Burning Blood":0,"Pet Ghost":44,"Replay:Rubber Ducky":34,"Shovel":34,"Ring of Peace":5,"Toolbox":0,"WingedGreaves":37,"Chemical X":21,"Replay:Bottled Eggs":0,"InkBottle":34,"Paper Frog":23,"Potion Belt":36,"Lee\u0027s Waffle":44,"Golden Idol":3,"Self Forming Clay":6,"Thread and Needle":20,"PreservedInsect":22,"The Courier":9,"betterThird:NestCultRelic":22,"Omamori":42,"Ring of Greed":10,"Frozen Egg 2":0,"MawBank":27,"Replay:Arrowhead":48,"sneckomod:BabySnecko":20,"Busted Crown":17,"Ornamental Fan":37,"Bloody Idol":22,"Ring of Misfortune":36,"betterThird:SlimedRelic":3,"Orrery":36,"Turnip":23,"Art of War":40,"Garlic":12,"Durian":0,"Champion Belt":20,"hexamod:BolsterEngine":11,"ReplayTheSpireMod:Lightbulb":27,"Toy Ornithopter":28,"Ice Cream":6,"Divine Protection":0,"Calipers":6,"Tiny House":36,"Gremlin Horn":10,"Nilry\u0027s Codex":22,"CeramicFish":24,"Vajra":8,"Sozu":34,"Lizard Tail":42,"Centennial Puzzle":2,"HornCleat":52,"downfall:GremlinWheel":0,"FaceOfCleric":13,"DollysMirror":44,"Strawberry":10,"Honey Jar":17,"Prayer Wheel":40,"Philosopher\u0027s Stone":17,"Iron Hammer":9,"Toxic Egg 2":36,"Girya":23,"Happy Flower":14,"Ring of Hypnosis":27,"ReplayTheSpireMod:CursedCoin":19,"Dead Branch":17,"Replay:Grab Bag":34,"Oddly Smooth Stone":41,"Charon\u0027s Ashes":0,"Letter Opener":9,"Replay:Kaleidoscope":37,"War Paint":6,"Question Card":19,"WarpedTongs":29,"Bottled Flame":26,"Replay:Baseball":38,"ReplayTheSpireMod:Spearhead":31,"ReplayTheSpireMod:Shallot":27,"Shuriken":34,"Bronze Scales":45,"Molten Egg 2":43,"Onion Ring":54,"Simple Rune":27,"ReplayTheSpireMod:TigerMarble":23,"Nloth\u0027s Gift":0,"Black Star":17,"Grinning Jar":6,"Mirror":45,"Pocketwatch":10,"Meat on the Bone":45,"ReplayFunnel":14,"Darkstone Periapt":0,"ReplayTheSpireMod:Ring of Exchange":26,"Replay:PocketPolymizer":34,"Black Blood":34,"Mango":40,"Juzu Bracelet":19,"Incense Burner":0,"Replay:Mystery Machine":26,"Empty Cage":34,"ClockworkSouvenir":44,"Frozen Eye":0,"SsserpentHead":20,"Nunchaku":45,"Dream Catcher":9,"Replay:Bandana":20,"Chameleon Ring":49,"TheAbacus":0,"Mummified Hand":9,"Pantograph":0,"Tiny Chest":12,"Red Mask":41,"Replay:Bottled Snecko":0,"Red Skull":17,"Runic Pyramid":34,"Gremlin Food":37,"BargainBundle":19,"hexamod:CandleOfCauterizing":46,"ReplayTheSpireMod:Ninjato":48,"Replay:Towering Pillar of Hats":50,"Quantum Egg":42,"Guide Book":38,"Replay:WaspNest":3,"Odd Mushroom":12,"Orichalcum":43,"White Beast Statue":36,"Mercury Hourglass":43,"Calling Bell":17,"Peace Pipe":0,"Strange Spoon":44,"CaptainsWheel":0,"Anchor":38,"Pondfish Scales":0,"ChewingGum":17,"Another Sword":47,"Snack Pack":28,"Bag of Marbles":0,"Coffee Dripper":0,"Membership Card":24,"FossilizedHelix":12,"TungstenRod":7,"ReplayTheSpireMod:ShopPack":20},{"Golden Egg":146,"Replay:Accelerometer":210,"Spirit Poop":432,"Ginger":226,"Whetstone":417,"Bottled Tornado":235,"Sling":102,"Old Coin":92,"Ring of Searing":340,"Blood Vial":39,"Replay:Ringing Soul":102,"Sundial":11,"MealTicket":14,"Replay:Bottled Flurry":153,"HandDrill":200,"Kunai":33,"Replay:Wax Seal":28,"Electric Blood":62,"Replay:Bottled Steam":399,"betterAltar:BloodRelic":171,"ReplayTheSpireMod:Ring of Addiction":47,"Blue Candle":234,"Eternal Feather":480,"Pen Nib":387,"Replay:Ancient Bell":46,"Akabeko":94,"SlaversCollar":369,"Ooze Armor":175,"Bird Faced Urn":7,"ReplayTheSpireMod:Ring of Collecting":186,"Pandora\u0027s Box":420,"Mark of Pain":37,"StrikeDummy":404,"Unceasing Top":429,"Regal Pillow":14,"Lantern":46,"Torii":77,"Singing Bowl":104,"Magic Flower":28,"StoneCalendar":55,"Blue Doll":180,"King of Hearts":102,"Replay:Multitool":117,"Bag of Preparation":155,"Cursed Key":19,"Smiling Mask":281,"Burning Blood":0,"Pet Ghost":75,"Replay:Rubber Ducky":122,"Shovel":46,"Ring of Peace":186,"Toolbox":28,"WingedGreaves":287,"Chemical X":13,"Replay:Bottled Eggs":321,"InkBottle":122,"Paper Frog":40,"Potion Belt":47,"Lee\u0027s Waffle":75,"Golden Idol":186,"Self Forming Clay":272,"Thread and Needle":167,"PreservedInsect":140,"The Courier":324,"betterThird:NestCultRelic":329,"Omamori":100,"Ring of Greed":134,"Frozen Egg 2":156,"MawBank":92,"Replay:Arrowhead":183,"sneckomod:BabySnecko":481,"Busted Crown":112,"Ornamental Fan":177,"Bloody Idol":39,"Ring of Misfortune":47,"betterThird:SlimedRelic":105,"Orrery":421,"Turnip":141,"Art of War":49,"Garlic":136,"Durian":156,"Champion Belt":456,"hexamod:BolsterEngine":366,"ReplayTheSpireMod:Lightbulb":92,"Toy Ornithopter":92,"Ice Cream":83,"Divine Protection":243,"Calipers":32,"Tiny House":350,"Gremlin Horn":250,"Nilry\u0027s Codex":13,"CeramicFish":66,"Vajra":7,"Sozu":511,"Lizard Tail":24,"Centennial Puzzle":105,"HornCleat":54,"downfall:GremlinWheel":387,"FaceOfCleric":9,"DollysMirror":151,"Strawberry":85,"Honey Jar":276,"Prayer Wheel":23,"Philosopher\u0027s Stone":253,"Iron Hammer":33,"Toxic Egg 2":20,"Girya":115,"Happy Flower":36,"Ring of Hypnosis":375,"ReplayTheSpireMod:CursedCoin":113,"Dead Branch":11,"Replay:Grab Bag":261,"Oddly Smooth Stone":75,"Charon\u0027s Ashes":184,"Letter Opener":60,"Replay:Kaleidoscope":73,"War Paint":160,"Question Card":396,"WarpedTongs":67,"Bottled Flame":41,"Replay:Baseball":97,"ReplayTheSpireMod:Spearhead":200,"ReplayTheSpireMod:Shallot":67,"Shuriken":46,"Bronze Scales":127,"Molten Egg 2":24,"Onion Ring":55,"Simple Rune":118,"ReplayTheSpireMod:TigerMarble":66,"Nloth\u0027s Gift":387,"Black Star":439,"Grinning Jar":106,"Mirror":265,"Pocketwatch":217,"Meat on the Bone":290,"ReplayFunnel":137,"Darkstone Periapt":293,"ReplayTheSpireMod:Ring of Exchange":197,"Replay:PocketPolymizer":122,"Black Blood":261,"Mango":99,"Juzu Bracelet":113,"Incense Burner":156,"Replay:Mystery Machine":66,"Empty Cage":201,"ClockworkSouvenir":75,"Frozen Eye":184,"SsserpentHead":441,"Nunchaku":51,"Dream Catcher":249,"Replay:Bandana":254,"Chameleon Ring":53,"TheAbacus":321,"Mummified Hand":216,"Pantograph":55,"Tiny Chest":410,"Red Mask":23,"Replay:Bottled Snecko":293,"Red Skull":11,"Runic Pyramid":261,"Gremlin Food":47,"BargainBundle":89,"hexamod:CandleOfCauterizing":469,"ReplayTheSpireMod:Ninjato":129,"Replay:Towering Pillar of Hats":358,"Quantum Egg":50,"Guide Book":379,"Replay:WaspNest":29,"Odd Mushroom":9,"Orichalcum":100,"White Beast Statue":47,"Mercury Hourglass":75,"Calling Bell":11,"Peace Pipe":156,"Strange Spoon":151,"CaptainsWheel":0,"Anchor":123,"Pondfish Scales":130,"ChewingGum":138,"Another Sword":102,"Snack Pack":92,"Bag of Marbles":104,"Coffee Dripper":130,"Membership Card":66,"FossilizedHelix":34,"TungstenRod":59,"ReplayTheSpireMod:ShopPack":194},{"Golden Egg":696,"Replay:Accelerometer":982,"Spirit Poop":2006,"Ginger":1054,"Whetstone":1947,"Bottled Tornado":1090,"Sling":464,"Old Coin":431,"Ring of Searing":1582,"Blood Vial":183,"Replay:Ringing Soul":464,"Sundial":38,"MealTicket":52,"Replay:Bottled Flurry":727,"HandDrill":928,"Kunai":146,"Replay:Wax Seal":125,"Electric Blood":319,"Replay:Bottled Steam":1866,"betterAltar:BloodRelic":802,"ReplayTheSpireMod:Ring of Addiction":228,"Blue Candle":1086,"Eternal Feather":2208,"Pen Nib":1804,"Replay:Ancient Bell":224,"Akabeko":436,"SlaversCollar":1719,"Ooze Armor":825,"Bird Faced Urn":28,"ReplayTheSpireMod:Ring of Collecting":865,"Pandora\u0027s Box":1961,"Mark of Pain":174,"StrikeDummy":1896,"Unceasing Top":1996,"Regal Pillow":52,"Lantern":224,"Torii":381,"Singing Bowl":473,"Magic Flower":125,"StoneCalendar":286,"Blue Doll":845,"King of Hearts":464,"Replay:Multitool":528,"Bag of Preparation":741,"Cursed Key":81,"Smiling Mask":1297,"Burning Blood":0,"Pet Ghost":375,"Replay:Rubber Ducky":565,"Shovel":224,"Ring of Peace":865,"Toolbox":125,"WingedGreaves":1330,"Chemical X":46,"Replay:Bottled Eggs":1495,"InkBottle":565,"Paper Frog":188,"Potion Belt":228,"Lee\u0027s Waffle":375,"Golden Idol":865,"Self Forming Clay":1254,"Thread and Needle":782,"PreservedInsect":668,"The Courier":1501,"betterThird:NestCultRelic":1532,"Omamori":460,"Ring of Greed":637,"Frozen Egg 2":749,"MawBank":431,"Replay:Arrowhead":853,"sneckomod:BabySnecko":2211,"Busted Crown":501,"Ornamental Fan":833,"Bloody Idol":183,"Ring of Misfortune":228,"betterThird:SlimedRelic":475,"Orrery":1965,"Turnip":671,"Art of War":239,"Garlic":644,"Durian":749,"Champion Belt":2117,"hexamod:BolsterEngine":1700,"ReplayTheSpireMod:Lightbulb":431,"Toy Ornithopter":431,"Ice Cream":404,"Divine Protection":1125,"Calipers":142,"Tiny House":1630,"Gremlin Horn":1157,"Nilry\u0027s Codex":46,"CeramicFish":335,"Vajra":28,"Sozu":2321,"Lizard Tail":102,"Centennial Puzzle":475,"HornCleat":280,"downfall:GremlinWheel":1804,"FaceOfCleric":32,"DollysMirror":718,"Strawberry":409,"Honey Jar":1274,"Prayer Wheel":101,"Philosopher\u0027s Stone":1174,"Iron Hammer":146,"Toxic Egg 2":85,"Girya":519,"Happy Flower":161,"Ring of Hypnosis":1743,"ReplayTheSpireMod:CursedCoin":506,"Dead Branch":38,"Replay:Grab Bag":1209,"Oddly Smooth Stone":375,"Charon\u0027s Ashes":860,"Letter Opener":306,"Replay:Kaleidoscope":363,"War Paint":759,"Question Card":1848,"WarpedTongs":338,"Bottled Flame":193,"Replay:Baseball":448,"ReplayTheSpireMod:Spearhead":928,"ReplayTheSpireMod:Shallot":338,"Shuriken":224,"Bronze Scales":593,"Molten Egg 2":102,"Onion Ring":286,"Simple Rune":534,"ReplayTheSpireMod:TigerMarble":335,"Nloth\u0027s Gift":1804,"Black Star":2041,"Grinning Jar":479,"Mirror":1228,"Pocketwatch":1017,"Meat on the Bone":1347,"ReplayFunnel":648,"Darkstone Periapt":1364,"ReplayTheSpireMod:Ring of Exchange":916,"Replay:PocketPolymizer":565,"Black Blood":1209,"Mango":458,"Juzu Bracelet":506,"Incense Burner":749,"Replay:Mystery Machine":335,"Empty Cage":935,"ClockworkSouvenir":375,"Frozen Eye":860,"SsserpentHead":2050,"Nunchaku":256,"Dream Catcher":1150,"Replay:Bandana":1178,"Chameleon Ring":267,"TheAbacus":1495,"Mummified Hand":1010,"Pantograph":286,"Tiny Chest":1920,"Red Mask":101,"Replay:Bottled Snecko":1364,"Red Skull":38,"Runic Pyramid":1209,"Gremlin Food":228,"BargainBundle":422,"hexamod:CandleOfCauterizing":2176,"ReplayTheSpireMod:Ninjato":608,"Replay:Towering Pillar of Hats":1662,"Quantum Egg":245,"Guide Book":1761,"Replay:WaspNest":129,"Odd Mushroom":32,"Orichalcum":460,"White Beast Statue":228,"Mercury Hourglass":375,"Calling Bell":38,"Peace Pipe":749,"Strange Spoon":718,"CaptainsWheel":0,"Anchor":570,"Pondfish Scales":625,"ChewingGum":659,"Another Sword":464,"Snack Pack":431,"Bag of Marbles":473,"Coffee Dripper":625,"Membership Card":335,"FossilizedHelix":150,"TungstenRod":303,"ReplayTheSpireMod:ShopPack":898}]},"card_choices":[{"not_picked":["Twin Strike","Flex+1"],"picked":"Uppercut","floor":1},{"not_picked":["Madness+1","Good Instincts+1"],"picked":"Jack Of All Trades+1","floor":3},{"not_picked":["Searing Blow","Wild Strike"],"picked":"Inflame","floor":4},{"not_picked":["Flame Barrier+1","Dark Embrace"],"picked":"Limit Break+1","floor":7},{"not_picked":["Warcry+1","Thunderclap"],"picked":"Flex+1","floor":8},{"not_picked":["Clash","Dark Embrace"],"picked":"Sentinel+1","floor":10},{"not_picked":["Heavy Blade","Searing Blow"],"picked":"Armaments+1","floor":11},{"not_picked":["Rampage","Wild Strike"],"picked":"Combust","floor":12},{"not_picked":["Clash","Twin Strike"],"picked":"Thunderclap","floor":14},{"not_picked":["Brutality","Barricade"],"picked":"Feed","floor":16},{"not_picked":["Pommel Strike","Searing Blow"],"picked":"Iron Wave","floor":18},{"not_picked":["Shrug It Off+1","Flex+1"],"picked":"Spot Weakness+1","floor":21},{"not_picked":["Clothesline+1","Body Slam+1"],"picked":"Heavy Blade+1","floor":28},{"not_picked":["Body Slam+1","True Grit+1"],"picked":"Wild Strike+1","floor":29},{"not_picked":["Dark Embrace","Sever Soul+1"],"picked":"Entrench+1","floor":30},{"not_picked":["Armaments+1","Sever Soul+1"],"picked":"Power Through+1","floor":31},{"not_picked":["Bludgeon+1","Impervious+1"],"picked":"Double Tap+1","floor":33},{"not_picked":["Pommel Strike+1","Warcry+1"],"picked":"Flex+1","floor":35},{"not_picked":["Headbutt+1","Clash+1"],"picked":"Armaments+1","floor":38},{"not_picked":["Iron Wave+1","Pommel Strike+1"],"picked":"Heavy Blade+1","floor":40},{"not_picked":["Reckless Charge+1","Battle Trance+1"],"picked":"Heavy Blade+1","floor":44},{"not_picked":["Cleave+1","Flex+1"],"picked":"Dropkick+1","floor":45},{"not_picked":["Power Through+1","Wild Strike+1"],"picked":"Offering+1","floor":46},{"not_picked":["Cleave+1","Anger+1"],"picked":"Twin Strike+1","floor":48}],"player_experience":425020,"relics_obtained":[{"floor":7,"key":"Pen Nib"},{"floor":9,"key":"War Paint"},{"floor":26,"key":"Shuriken"},{"floor":28,"key":"Potion Belt"},{"floor":31,"key":"Vajra"},{"floor":40,"key":"Mummified Hand"},{"floor":43,"key":"The Courier"},{"floor":46,"key":"Paper Frog"}],"event_choices":[{"damage_healed":29,"gold_gain":0,"player_choice":"Banana","damage_taken":0,"max_hp_gain":0,"max_hp_loss":0,"event_name":"Big Fish","floor":2,"gold_loss":0},{"damage_healed":0,"gold_gain":1,"player_choice":"1","damage_taken":0,"max_hp_gain":0,"max_hp_loss":0,"event_name":"betterStone:BetterStone","floor":3,"gold_loss":0},{"cards_removed":["HandOfGreed"],"damage_healed":25,"gold_gain":0,"player_choice":"Offered Rare","damage_taken":0,"max_hp_gain":10,"max_hp_loss":0,"event_name":"Bonfire Elementals","floor":5,"gold_loss":0},{"damage_healed":0,"gold_gain":0,"player_choice":"Read","damage_taken":0,"max_hp_gain":0,"max_hp_loss":0,"event_name":"The Library","floor":22,"gold_loss":0,"cards_obtained":["Rupture"]},{"damage_healed":0,"gold_gain":0,"player_choice":"Stole Relic","damage_taken":0,"relics_obtained":["Self Forming Clay"],"max_hp_gain":0,"max_hp_loss":0,"event_name":"Addict","floor":24,"gold_loss":0,"cards_obtained":["Shame"]},{"damage_healed":0,"gold_gain":300,"player_choice":"Gold","damage_taken":0,"max_hp_gain":0,"max_hp_loss":0,"event_name":"Wheel of Change","floor":36,"gold_loss":0},{"damage_healed":0,"gold_gain":0,"player_choice":"Random: Yellow","damage_taken":0,"max_hp_gain":0,"max_hp_loss":0,"event_name":"betterThird:BetterPortal","floor":39,"gold_loss":0},{"cards_removed":["Limit Break"],"damage_healed":0,"gold_gain":0,"player_choice":"Take \u0026 Give","damage_taken":0,"max_hp_gain":0,"max_hp_loss":0,"event_name":"betterNote:BetterNote","floor":39,"gold_loss":0,"cards_obtained":["Footwork"]}],"is_beta":false,"boss_relics":[{"not_picked":["Coffee Dripper","Ectoplasm"],"picked":"Black Blood"},{"not_picked":["bronze:MakeshiftBattery","Astrolabe"],"picked":"Sozu"}],"items_purged_floors":[41],"is_endless":false,"potions_floor_spawned":[1,7,10,11,14,16,28,30,35,38,44],"ascension_level":13}}