{"host":"s9n53dspxjwkh5no","time":1611545580,"event":{"mods":["AchievementEnabler","Aspiration","Bard","BaseMod","Beaked The Cultist","Better Altar","Better Match","Better Note","Better Sensory Stone","Better Skull","Better Third Choice","BetterRewards","Colored Map","Colored Powertips","Conspire","Dio Mod","Disable Question Mark Monsters","Downfall","Energized Spire","Halation","Hermit","Hubris","Jorbs\u0027s Wanderer Trilogy","Koishi","Marisa????????","Marked Mod","Melee Mod","Minty Spire (QoL Compilation)","Permanent Neow","Quarter Circle Forward PUNCH!","Quick Restart","RRrroohrrRGHHhhh!!","Random Character Button","Rare Cards Sparkle","Reimu??????","Relic Stats","Remilia??????","Replay The Spire","Shade Mod","Small Relic Pack","Spicy Shops","Spire Arcade","StSLib","The Animator","The Bug Knight","The Construct","The Disciple","The Hierophant","The Mystic","The Problem Sleuth","The Runesmith","The Senshi","The Servant 0.9.4","The Valiant","The Wild Card","TheBandit","TheVacant","Wandering Minibosses"],"gold_per_floor":[118,118,137,149,165,165,165],"floor_reached":6,"language":"ENG","playtime":250,"items_purged":[],"score":38,"play_id":"650f2257-b3b0-4a26-9c12-2ed0eb931ece","local_time":"20210124203300","is_ascension_mode":false,"campfire_choices":[],"circlet_count":0,"master_deck":["Strike_P","Strike_P","Strike_P","Strike_P","Defend_P","Defend_P","Defend_P","Defend_P","Eruption","Vigilance","MarkedMod:Acupuncture","Infernal Blade","Consecrate","Demon Form","ReplayTheSpireMod:Strike From Hell"],"relics":["PureWater","energizedSpire:BlackCloud","aspiration:IroncladSkillbook"],"acts_visited":["Exordium"],"potions_floor_usage":[],"damage_taken":[{"damage":6,"enemies":"2 Louse","floor":1,"turns":4},{"damage":0,"enemies":"Small Slimes","floor":3,"turns":3},{"damage":3,"enemies":"Jaw Worm","floor":4,"turns":4},{"damage":32,"enemies":"Gremlin Gang","floor":5,"turns":5},{"damage":0,"enemies":"Lagavulin","floor":6,"turns":1}],"seed_played":"-4598787855592818118","potions_obtained":[{"floor":5,"key":"Languid Potion"}],"is_trial":false,"path_per_floor":["M","?","M","M","M","E"],"character_chosen":"WATCHER","items_purchased":[],"campfire_rested":0,"item_purchase_floors":[],"current_hp_per_floor":[70,70,72,72,44,44,44],"gold":165,"neow_bonus":"DOUBLE_BOSS_RELIC","is_daily":false,"chose_seed":false,"campfire_upgraded":0,"win_rate":0.0,"timestamp":1611545580,"path_taken":["M","?","M","M","M","E"],"items_purchased_type":[],"build_version":"2020-12-22","purchased_purges":0,"victory":false,"max_hp_per_floor":[72,72,72,72,72,72,72],"relic_stats":{"counters":[5,17],"obtain_stats":[{"energizedSpire:BlackCloud":0,"PureWater":0,"aspiration:IroncladSkillbook":0},{"energizedSpire:BlackCloud":0,"PureWater":0,"aspiration:IroncladSkillbook":0},{"energizedSpire:BlackCloud":0,"PureWater":0,"aspiration:IroncladSkillbook":0}]},"card_choices":[{"not_picked":["Perfected Strike","BowlingBash","Replay:ManipulateFuture"],"picked":"MarkedMod:Acupuncture","floor":1},{"not_picked":["Rampage","MarkedMod:GentlePulse","Headbutt"],"picked":"Consecrate","floor":3},{"not_picked":["Infernal Blade","Havoc","Clothesline"],"picked":"Demon Form","floor":4},{"not_picked":["Replay:Cycle","Halt","Clash"],"picked":"ReplayTheSpireMod:Strike From Hell","floor":5}],"player_experience":385070,"relics_obtained":[],"event_choices":[],"is_beta":false,"boss_relics":[],"items_purged_floors":[],"is_endless":false,"potions_floor_spawned":[5],"killed_by":"Lagavulin","ascension_level":0}}