{"host":"zk71suw73lg2r165","time":1611581509,"event":{"mods":["BaseMod","Colored Map","Minty Spire (QoL Compilation)","Permanent Neow","Relic Stats","StSLib"],"gold_per_floor":[114,114,264,264,278,305,305,305,305],"floor_reached":8,"language":"ENG","playtime":190,"items_purged":[],"score":108,"play_id":"2fb30d54-f3c8-4d72-a623-b1c9a60cd7a0","local_time":"20210125083149","is_ascension_mode":true,"campfire_choices":[{"data":"Uppercut","floor":7,"key":"SMITH"}],"circlet_count":0,"master_deck":["AscendersBane","Strike_R","Strike_R","Strike_R","Strike_R","Strike_R","Defend_R","Defend_R","Defend_R","Defend_R","Bash","Blood for Blood","Shrug It Off","Uppercut+1"],"relics":["Burning Blood","Ice Cream","StrikeDummy","WingedGreaves"],"acts_visited":["Exordium"],"potions_floor_usage":[8],"damage_taken":[{"damage":1,"enemies":"Cultist","floor":1,"turns":3},{"damage":4,"enemies":"Small Slimes","floor":5,"turns":3},{"damage":32,"enemies":"Gremlin Nob","floor":6,"turns":4},{"damage":24,"enemies":"3 Sentries","floor":8,"turns":4}],"seed_played":"-7580887016463574618","potions_obtained":[{"floor":1,"key":"Strength Potion"},{"floor":6,"key":"LiquidBronze"}],"is_trial":false,"path_per_floor":["M","T","?","?","M","E","R","E"],"character_chosen":"IRONCLAD","items_purchased":[],"campfire_rested":0,"item_purchase_floors":[],"current_hp_per_floor":[55,55,55,48,50,24,24,0,0],"gold":305,"neow_bonus":"ONE_RARE_RELIC","is_daily":false,"chose_seed":false,"campfire_upgraded":1,"win_rate":0.0,"timestamp":1611581509,"path_taken":["M","?","?","?","M","E","R","E"],"items_purchased_type":[],"build_version":"2020-12-22","purchased_purges":0,"victory":false,"max_hp_per_floor":[75,75,75,75,75,75,75,75,75],"relic_stats":{"counters":[4,14],"obtain_stats":[{"Ice Cream":0,"WingedGreaves":6,"StrikeDummy":2,"Burning Blood":0},{"Ice Cream":0,"WingedGreaves":3,"StrikeDummy":1,"Burning Blood":0},{"Ice Cream":0,"WingedGreaves":10,"StrikeDummy":3,"Burning Blood":0}],"Burning Blood":18},"card_choices":[{"not_picked":["Havoc","Body Slam"],"picked":"Blood for Blood","floor":1},{"not_picked":["Thunderclap","Heavy Blade"],"picked":"Shrug It Off","floor":5},{"not_picked":["Clothesline","Corruption"],"picked":"Uppercut","floor":6}],"player_experience":1364179,"relics_obtained":[{"floor":2,"key":"StrikeDummy"},{"floor":6,"key":"WingedGreaves"}],"event_choices":[{"damage_healed":0,"gold_gain":150,"player_choice":"AGREE","damage_taken":0,"max_hp_gain":0,"max_hp_loss":0,"event_name":"Liars Game","floor":3,"gold_loss":0,"cards_obtained":["Doubt"]},{"cards_removed":["Doubt"],"damage_healed":0,"gold_gain":0,"player_choice":"Card Removal","damage_taken":7,"max_hp_gain":0,"max_hp_loss":0,"event_name":"Golden Wing","floor":4,"gold_loss":0}],"is_beta":false,"boss_relics":[],"items_purged_floors":[],"is_endless":false,"potions_floor_spawned":[1,6],"killed_by":"3 Sentries","ascension_level":20}}