{"host":"rpg32ugylimeqbxt","time":1611597899,"event":{"mods":["AchievementEnabler","BaseMod","BetterRewards","Colored Powertips","Hermit","Highlight Path","Minty Spire (QoL Compilation)","Replay The Spire","StSLib","The Animator","The Bug Knight","The Cursed","The Disciple","The Hierophant","The Runesmith","The Servant 0.9.4"],"gold_per_floor":[113,3,3,19,35,35,35,49,96,96,127,127,127,127,127,127,127],"floor_reached":16,"language":"ENG","playtime":904,"items_purged":[],"score":123,"play_id":"fdf683b6-5d88-48a0-ae52-19f434dcd16f","local_time":"20210125100459","is_ascension_mode":true,"campfire_choices":[{"data":"Zap","floor":6,"key":"SMITH"},{"data":"Bandage Up","floor":10,"key":"SMITH"},{"data":"Time Bomb","floor":13,"key":"SMITH"}],"circlet_count":0,"master_deck":["Strike_B","Strike_B","Defend_B","Defend_B","Defend_B","Defend_B","Zap+1","Dualcast+1","Bandage Up+1","Genetic Algorithm+1","BootSequence","Time Bomb+1","Hello World"],"relics":["Cracked Core","Replay:Rubber Ducky","ReplayTheSpireMod:TigerMarble","Prayer Wheel","Juzu Bracelet","Nunchaku"],"acts_visited":["Exordium"],"potions_floor_usage":[4,8],"damage_taken":[{"damage":0,"enemies":"Small Slimes","floor":1,"turns":2},{"damage":9,"enemies":"2 Louse","floor":4,"turns":3},{"damage":0,"enemies":"Jaw Worm","floor":5,"turns":2},{"damage":0,"enemies":"Exordium Thugs","floor":8,"turns":3},{"damage":31,"enemies":"Lagavulin","floor":11,"turns":8},{"damage":44,"enemies":"The Guardian","floor":16,"turns":7}],"seed_played":"-1672339163471579830","potions_obtained":[{"floor":1,"key":"BlessingOfTheForge"},{"floor":5,"key":"Reflective Coating"}],"is_trial":false,"path_per_floor":["M","$","?","M","M","R","?","M","T","R","E","T","R","?","R","B"],"character_chosen":"DEFECT","items_purchased":["Ball Lightning","Bandage Up"],"campfire_rested":0,"item_purchase_floors":[2,2],"current_hp_per_floor":[75,75,75,66,70,70,58,62,62,62,37,37,37,37,37,0,0],"gold":127,"neow_bonus":"UPGRADE_CARD","is_daily":false,"chose_seed":false,"campfire_upgraded":3,"win_rate":0.0,"timestamp":1611597899,"path_taken":["M","$","?","M","M","R","?","?","T","R","E","?","R","?","R","BOSS"],"items_purchased_type":["Card","Card"],"build_version":"2020-12-22","purchased_purges":0,"victory":false,"max_hp_per_floor":[75,75,75,75,75,75,75,75,75,75,75,75,75,75,75,75,75],"card_choices":[{"not_picked":["Heatsinks","Doom and Gloom","Barrage"],"picked":"SKIP","floor":1},{"not_picked":["Leap","Darkness"],"picked":"BootSequence","floor":4},{"not_picked":["Undo","Gash","Glacier"],"picked":"SKIP","floor":5},{"not_picked":["Cold Snap","Go for the Eyes","Doom and Gloom"],"picked":"SKIP","floor":8},{"not_picked":["Reprogram","FIFO Queue"],"picked":"Time Bomb","floor":11}],"player_experience":462814,"relics_obtained":[{"floor":9,"key":"ReplayTheSpireMod:TigerMarble"},{"floor":11,"key":"Juzu Bracelet"},{"floor":12,"key":"Nunchaku"}],"event_choices":[{"damage_healed":0,"gold_gain":0,"player_choice":"Success","damage_taken":12,"relics_obtained":["Replay:Rubber Ducky"],"max_hp_gain":0,"max_hp_loss":0,"event_name":"Scrap Ooze","floor":7,"gold_loss":0},{"cards_removed":["Strike_B"],"damage_healed":0,"gold_gain":0,"player_choice":"Purged","damage_taken":0,"max_hp_gain":0,"max_hp_loss":0,"event_name":"Purifier","floor":14,"gold_loss":0}],"is_beta":false,"boss_relics":[],"items_purged_floors":[],"is_endless":false,"potions_floor_spawned":[1,5],"killed_by":"The Guardian","ascension_level":5}}