{"host":"xmrw7jl1ir2912vf","time":1611537991,"event":{"mods":["BaseMod","Minty Spire (QoL Compilation)"],"gold_per_floor":[359,377,396,155,155,186,186,198,223,242,242,252,292,28,28,115,115,115,115],"floor_reached":18,"language":"ENG","playtime":955,"items_purged":["Strike_R","Strike_R"],"score":310,"play_id":"2c31a370-eed7-4fb2-a278-1178117b010f","local_time":"20210124202631","is_ascension_mode":true,"campfire_choices":[{"data":"True Grit","floor":7.0,"key":"SMITH"},{"data":"Immolate","floor":11.0,"key":"SMITH"},{"data":"Bash","floor":15.0,"key":"SMITH"}],"circlet_count":0,"master_deck":["AscendersBane","Strike_R","Strike_R","Defend_R","Defend_R","Defend_R","Defend_R","Bash+1","Cleave","Sword Boomerang","Pommel Strike","Whirlwind","Wild Strike","True Grit+1","Sword Boomerang","Rampage","Headbutt","Immolate+1","Pommel Strike","Evolve","Barricade"],"relics":["Burning Blood","Orrery","Red Skull","CeramicFish","Toy Ornithopter","Orichalcum","Runic Pyramid"],"acts_visited":["Exordium","TheCity"],"potions_floor_usage":[16,16],"damage_taken":[{"damage":9.0,"enemies":"Jaw Worm","floor":1.0,"turns":4.0},{"damage":1.0,"enemies":"Cultist","floor":2.0,"turns":4.0},{"damage":4.0,"enemies":"Small Slimes","floor":3.0,"turns":3.0},{"damage":28.0,"enemies":"Lagavulin","floor":6.0,"turns":5.0},{"damage":3.0,"enemies":"Blue Slaver","floor":8.0,"turns":3.0},{"damage":4.0,"enemies":"Red Slaver","floor":10.0,"turns":3.0},{"damage":0.0,"enemies":"2 Fungi Beasts","floor":12.0,"turns":1.0},{"damage":5.0,"enemies":"Gremlin Nob","floor":13.0,"turns":3.0},{"damage":43,"enemies":"The Guardian","floor":16,"turns":8},{"damage":0,"enemies":"3 Byrds","floor":18,"turns":2}],"seed_played":"8658885634574139227","potions_obtained":[{"floor":2.0,"key":"DuplicationPotion"},{"floor":3.0,"key":"FearPotion"},{"floor":10.0,"key":"PowerPotion"}],"is_trial":false,"path_per_floor":["M","M","M","$","?","E","R","M","T","M","R","M","E","$","R","B",null,"M"],"character_chosen":"IRONCLAD","items_purchased":["Orrery","Orichalcum"],"campfire_rested":0,"item_purchase_floors":[4,14],"current_hp_per_floor":[47,52,54,54,54,32,32,35,35,37,37,43,44,44,44,17,61,61,61],"gold":115,"neow_bonus":"TWO_FIFTY_GOLD","is_daily":false,"chose_seed":false,"campfire_upgraded":3,"win_rate":0.0,"timestamp":1611537991,"path_taken":["M","M","M","$","?","E","R","?","T","?","R","M","E","?","R","BOSS","M"],"items_purchased_type":["Relic","Relic"],"build_version":"2020-12-22","purchased_purges":2,"victory":false,"max_hp_per_floor":[75,75,75,75,75,75,75,75,75,75,75,75,75,75,75,75,75,75,75],"card_choices":[{"not_picked":["Havoc","True Grit"],"picked":"Cleave","floor":1.0},{"not_picked":["Inflame","Shrug It Off"],"picked":"Sword Boomerang","floor":2.0},{"not_picked":["Warcry","Perfected Strike"],"picked":"Pommel Strike","floor":3.0},{"not_picked":["Havoc","Clothesline"],"picked":"Whirlwind","floor":4.0},{"not_picked":["Metallicize","Havoc"],"picked":"Wild Strike","floor":4.0},{"not_picked":["Iron Wave","Second Wind"],"picked":"True Grit","floor":4.0},{"not_picked":["Entrench","Combust"],"picked":"Sword Boomerang","floor":4.0},{"not_picked":["Body Slam","Searing Blow"],"picked":"Rampage","floor":4.0},{"not_picked":["Thunderclap","Power Through"],"picked":"Headbutt","floor":6.0},{"not_picked":["Entrench","Twin Strike"],"picked":"Immolate","floor":8.0},{"not_picked":["Second Wind","Perfected Strike"],"picked":"Pommel Strike","floor":10.0},{"not_picked":["Warcry","Cleave","True Grit"],"picked":"SKIP","floor":12.0},{"not_picked":["Rage","Twin Strike"],"picked":"Evolve","floor":13.0},{"not_picked":["Juggernaut","Brutality"],"picked":"Barricade","floor":16}],"player_experience":403060,"relics_obtained":[{"floor":6.0,"key":"Red Skull"},{"floor":9.0,"key":"CeramicFish"},{"floor":13.0,"key":"Toy Ornithopter"}],"event_choices":[{"cards_removed":["Strike_R"],"damage_healed":0.0,"max_hp_gain":0.0,"max_hp_loss":0.0,"gold_gain":0.0,"event_name":"Purifier","player_choice":"Purged","floor":5.0,"gold_loss":0.0,"damage_taken":0.0}],"is_beta":false,"boss_relics":[{"not_picked":["Velvet Choker","Sozu"],"picked":"Runic Pyramid"}],"items_purged_floors":[4,14],"is_endless":false,"potions_floor_spawned":[2,3,10,13],"killed_by":"3 Byrds","ascension_level":16}}