{"host":"7j2n82b2zha9fuyn","time":1611559106,"event":{"mods":["BaseMod","Block Reminder","Minty Spire (QoL Compilation)","Replay The Spire","StSLib"],"gold_per_floor":[16,16,68,86,102,132,145,145,145,145,177,191,206,220,220,297,397,407,431,346,366,400,400,434,434,434,450,450,461,496,512,512,586,586,606,651,671,154,154,170,170,21,21,21,48,48,66,84,84,84,84],"floor_reached":50,"language":"ENG","playtime":5891,"items_purged":["Strike_B"],"score":1186,"play_id":"77677713-7f8d-427a-9ee8-2d7c881f0095","local_time":"20210125001826","is_ascension_mode":true,"campfire_choices":[{"data":"Zap","floor":8,"key":"SMITH"},{"data":"Sweeping Beam","floor":10,"key":"SMITH"},{"floor":15,"key":"DIG"},{"floor":23,"key":"REST"},{"data":"Defragment","floor":25,"key":"SMITH"},{"data":"Electrodynamics","floor":25,"key":"SMITH"},{"floor":28,"key":"REST"},{"floor":32,"key":"REST"},{"floor":41,"key":"REST"},{"floor":46,"key":"REST"},{"floor":49,"key":"DIG"}],"circlet_count":0,"master_deck":["AscendersBane","Strike_B","Strike_B","Strike_B","Defend_B","Defend_B","Defend_B","Defend_B","Zap+1","Dualcast","Cold Snap","Genetic Algorithm","Sweeping Beam+1","Echo Form","Leap","BootSequence","Chill","Ball Lightning","Defragment+1","Core Surge","Electrodynamics+1","Loop","Rainbow","Thunder Strike+1","Coolheaded"],"relics":["Cracked Core","FossilizedHelix","TungstenRod","ReplayTheSpireMod:Lightbulb","Potion Belt","Gambling Chip","Shovel","Replay:Arrowhead","Replay:Wanted Poster","Replay:Antivirus Software","Pondfish Scales","Red Mask","Anchor","Molten Egg 2","Bag of Preparation","Philosopher\u0027s Stone","Unceasing Top","Runic Capacitor","Geode","Ornamental Fan","ReplayTheSpireMod:TigerMarble","Counterbalance"],"acts_visited":["Exordium","TheCity","TheBeyond"],"potions_floor_usage":[6,22,22,30,40,50,50],"damage_taken":[{"damage":0,"enemies":"Cultist","floor":1,"turns":3},{"damage":0,"enemies":"Jaw Worm","floor":4,"turns":3},{"damage":0,"enemies":"Small Slimes","floor":5,"turns":3},{"damage":0,"enemies":"Lagavulin","floor":6,"turns":6},{"damage":0,"enemies":"Blue Slaver","floor":7,"turns":4},{"damage":0,"enemies":"Replay:BlueRogue","floor":11,"turns":7},{"damage":0,"enemies":"2 Fungi Beasts","floor":12,"turns":3},{"damage":3,"enemies":"Exordium Wildlife","floor":13,"turns":4},{"damage":0,"enemies":"Blue Slaver","floor":14,"turns":4},{"damage":2,"enemies":"The Guardian","floor":16,"turns":11},{"damage":14,"enemies":"2 Thieves","floor":18,"turns":4},{"damage":0,"enemies":"Chosen","floor":21,"turns":4},{"damage":28,"enemies":"Masked Bandits","floor":22,"turns":6},{"damage":26,"enemies":"Slavers","floor":24,"turns":8},{"damage":0,"enemies":"Centurion and Healer","floor":27,"turns":5},{"damage":0,"enemies":"Cultist and Chosen","floor":29,"turns":4},{"damage":19,"enemies":"Book of Stabbing","floor":30,"turns":6},{"damage":0,"enemies":"Chosen and Byrds","floor":31,"turns":3},{"damage":0,"enemies":"Collector","floor":33,"turns":8},{"damage":0,"enemies":"3 Shapes","floor":35,"turns":3},{"damage":50,"enemies":"2 Orb Walkers","floor":36,"turns":5},{"damage":0,"enemies":"Orb Walker","floor":37,"turns":4},{"damage":19,"enemies":"3 Darklings","floor":40,"turns":3},{"damage":22,"enemies":"R_Hoarder","floor":45,"turns":6},{"damage":0,"enemies":"Maw","floor":47,"turns":5},{"damage":0,"enemies":"Sphere and 2 Shapes","floor":48,"turns":3},{"damage":41,"enemies":"Replay:Hell Engine","floor":50,"turns":9}],"seed_played":"8439855606365629416","potions_obtained":[{"floor":1,"key":"Strength Potion"},{"floor":3,"key":"Death Potion"},{"floor":11,"key":"Explosive Potion"},{"floor":13,"key":"Weak Potion"},{"floor":14,"key":"LifebloodPotion"},{"floor":16,"key":"Strength Potion"},{"floor":27,"key":"Regen Potion"},{"floor":33,"key":"FocusPotion"},{"floor":35,"key":"Elixir"},{"floor":47,"key":"Weak Potion"},{"floor":48,"key":"Dexterity Potion"}],"is_trial":false,"path_per_floor":["M","T","?","M","M","E","M","R","T","R","E","M","M","M","R","B",null,"M","T","?","M","?","R","E","R","T","M","R","M","E","M","R","B",null,"M","?","M","$","?","M","R","$","T","$","E","R","M","M","R","B"],"character_chosen":"DEFECT","items_purchased":["Runic Capacitor","Geode","FairyPotion","Thunder Strike+1"],"campfire_rested":5,"item_purchase_floors":[38,38,38,42],"current_hp_per_floor":[64,64,42,42,42,42,42,42,42,42,42,42,39,39,39,37,63,49,49,49,49,21,42,16,16,16,16,37,37,18,18,39,39,63,63,13,13,13,13,21,42,42,42,42,20,41,41,41,41,0,0],"gold":84,"neow_bonus":"ONE_RARE_RELIC","is_daily":false,"chose_seed":false,"campfire_upgraded":4,"win_rate":0.0,"timestamp":1611559106,"path_taken":["M","?","?","M","M","E","M","R","T","R","E","M","M","M","R","BOSS","M","?","?","M","?","R","E","R","T","M","R","M","E","M","R","BOSS","M","?","M","$","?","M","R","?","T","?","E","R","M","M","R","BOSS"],"items_purchased_type":["Relic","Relic","Potion","Card"],"build_version":"2020-12-22","purchased_purges":1,"victory":false,"max_hp_per_floor":[71,71,71,71,71,71,71,71,71,71,71,71,71,71,71,71,71,71,71,71,71,71,71,71,71,71,71,71,71,71,71,71,71,71,71,71,71,71,71,71,71,71,71,71,71,71,71,71,71,71,71],"card_choices":[{"not_picked":["FIFO Queue","Melter"],"picked":"Cold Snap","floor":1},{"not_picked":["Ball Lightning","Hologram"],"picked":"Genetic Algorithm","floor":3},{"not_picked":["Consume","Double Energy"],"picked":"Sweeping Beam","floor":3},{"not_picked":["ReplayTheSpireMod:GoodbyeWorld","Gash"],"picked":"Echo Form","floor":4},{"not_picked":["Redo","Go for the Eyes"],"picked":"Leap","floor":5},{"not_picked":["Hello World","Steam"],"picked":"BootSequence","floor":6},{"not_picked":["Aggregate","Coolheaded","Steam"],"picked":"SKIP","floor":7},{"not_picked":["Sweeping Beam","Fission"],"picked":"Chill","floor":11},{"not_picked":["Glacier","ReplayTheSpireMod:Reroute Power"],"picked":"Ball Lightning","floor":12},{"not_picked":["Blizzard","Static Discharge"],"picked":"Defragment","floor":13},{"not_picked":["Steam Power","Turbo","BasicCrystalCard"],"picked":"SKIP","floor":14},{"not_picked":["All For One","Rainbow"],"picked":"Core Surge","floor":16},{"not_picked":["Steam","BasicCrystalCard","Panic Button"],"picked":"SKIP","floor":18},{"not_picked":["Rebound","Stack","ReplayTheSpireMod:Repulse"],"picked":"SKIP","floor":21},{"not_picked":["Steam Power","Compile Driver"],"picked":"Electrodynamics","floor":24},{"not_picked":["Redo","Leap","ReplayTheSpireMod:Reroute Power"],"picked":"SKIP","floor":27},{"not_picked":["Barrage+1","Lockon+1"],"picked":"Loop","floor":29},{"not_picked":["BootSequence","Streamline+1","Storm"],"picked":"SKIP","floor":30},{"not_picked":["BootSequence","Sunder+1","Gash+1"],"picked":"SKIP","floor":31},{"not_picked":["Electrodynamics","Echo Form"],"picked":"Rainbow","floor":33},{"not_picked":["Steam","Leap","Genetic Algorithm"],"picked":"SKIP","floor":35},{"not_picked":["FTL+1","Gash+1","Redo"],"picked":"SKIP","floor":37},{"not_picked":["Turbo","Skim","Hologram"],"picked":"SKIP","floor":40},{"not_picked":["Go for the Eyes+1","Gash+1"],"picked":"Coolheaded","floor":45},{"not_picked":["ReplayTheSpireMod:GoodbyeWorld","Sweeping Beam+1","Coolheaded"],"picked":"SKIP","floor":47},{"not_picked":["Go for the Eyes+1","ReplaySort+1","Compile Driver+1"],"picked":"SKIP","floor":48}],"player_experience":1928905,"relics_obtained":[{"floor":2,"key":"TungstenRod"},{"floor":3,"key":"ReplayTheSpireMod:Lightbulb"},{"floor":6,"key":"Potion Belt"},{"floor":9,"key":"Gambling Chip"},{"floor":11,"key":"Shovel"},{"floor":15,"key":"Replay:Arrowhead"},{"floor":19,"key":"Replay:Antivirus Software"},{"floor":22,"key":"Red Mask"},{"floor":24,"key":"Anchor"},{"floor":26,"key":"Molten Egg 2"},{"floor":30,"key":"Bag of Preparation"},{"floor":36,"key":"Unceasing Top"},{"floor":43,"key":"Ornamental Fan"},{"floor":45,"key":"ReplayTheSpireMod:TigerMarble"},{"floor":49,"key":"Counterbalance"}],"event_choices":[{"damage_healed":0,"gold_gain":0,"player_choice":"Obtained Relic","damage_taken":0,"relics_obtained":["Pondfish Scales"],"max_hp_gain":0,"max_hp_loss":0,"event_name":"Addict","floor":20,"gold_loss":85},{"damage_healed":0,"gold_gain":0,"player_choice":"Fought Bandits","damage_taken":0,"max_hp_gain":0,"max_hp_loss":0,"event_name":"Masked Bandits","floor":22,"gold_loss":0},{"damage_healed":0,"gold_gain":0,"player_choice":"Fight","damage_taken":0,"max_hp_gain":0,"max_hp_loss":0,"event_name":"Mysterious Sphere","floor":36,"gold_loss":0},{"damage_healed":0,"gold_gain":0,"player_choice":"Memory 1","damage_taken":0,"max_hp_gain":0,"max_hp_loss":0,"event_name":"SensoryStone","floor":39,"gold_loss":0}],"is_beta":false,"boss_relics":[{"not_picked":["Nuclear Battery","Busted Crown"],"picked":"Replay:Wanted Poster"},{"not_picked":["Abe\u0027s Treasure","Runic Dome"],"picked":"Philosopher\u0027s Stone"}],"items_purged_floors":[38],"is_endless":false,"potions_floor_spawned":[1,11,13,14,16,18,21,27,33,35,47,48],"killed_by":"Replay:Hell Engine","ascension_level":18}}