{"host":"minbhrtlkaoly5f0","time":1611534813,"event":{"mods":["Act Like it!","BaseMod","Colored Map","Minty Spire (QoL Compilation)","Quick Restart","StSLib"],"gold_per_floor":[112,127,138,41,53,53,84,84,107,135,135,35,35,55,55,151,201,221,231,231,231,37,37,54,70,70,170,20,40,40,52,52,149,149,169,182,7,7,17,51,68,87,112,112,43,43,70,84,84,84],"floor_reached":51,"language":"ZHS","playtime":1908,"items_purged":["Strike_G","Strike_G","Defend_G+1","Strike_G","Defend_G"],"score":764,"play_id":"b58c5819-380f-472c-97ce-4f81f65b003d","local_time":"20210125083333","is_ascension_mode":false,"campfire_choices":[{"floor":6.0,"key":"REST"},{"floor":8.0,"key":"REST"},{"data":"Blade Dance","floor":11.0,"key":"SMITH"},{"data":"Blade Dance","floor":13.0,"key":"SMITH"},{"floor":15.0,"key":"REST"},{"data":"RitualDagger","floor":23.0,"key":"SMITH"},{"floor":30.0,"key":"REST"},{"floor":32.0,"key":"REST"},{"floor":44.0,"key":"REST"},{"floor":46.0,"key":"REST"},{"floor":49.0,"key":"REST"}],"circlet_count":0,"master_deck":["Strike_G","Strike_G","Defend_G","Defend_G","Defend_G","Survivor","Neutralize+1","Eviscerate+1","Blade Dance","Blade Dance+1","Blade Dance+1","Dagger Throw","Unload","Underhanded Strike","RitualDagger+1","Choke","Blade Dance","PiercingWail","Well Laid Plans","Endless Agony","Distraction","Venomology","Prepared","Slice+1","Endless Agony+1","Wraith Form v2","Infinite Blades"],"relics":["WristBlade","Pen Nib","Toy Ornithopter","Whetstone","Tiny House","Strawberry","Letter Opener","FossilizedHelix","Shuriken","SacredBark","Pocketwatch","Snake Skull","Bag of Preparation","Vajra"],"acts_visited":["Exordium","TheCity","TheBeyond"],"potions_floor_usage":[50,50],"damage_taken":[{"damage":10.0,"enemies":"Cultist","floor":1.0,"turns":4.0},{"damage":8.0,"enemies":"Jaw Worm","floor":2.0,"turns":4.0},{"damage":5.0,"enemies":"Small Slimes","floor":3.0,"turns":2.0},{"damage":10.0,"enemies":"Looter","floor":5.0,"turns":2.0},{"damage":27.0,"enemies":"3 Sentries","floor":7.0,"turns":5.0},{"damage":18.0,"enemies":"Lagavulin","floor":10.0,"turns":4.0},{"damage":0.0,"enemies":"Gremlin Gang","floor":14.0,"turns":3.0},{"damage":37.0,"enemies":"Hexaghost","floor":16.0,"turns":5.0},{"damage":0.0,"enemies":"Spheric Guardian","floor":18.0,"turns":2.0},{"damage":4.0,"enemies":"Shell Parasite","floor":19.0,"turns":3.0},{"damage":24.0,"enemies":"Centurion and Healer","floor":24.0,"turns":4.0},{"damage":12.0,"enemies":"Snake Plant","floor":25.0,"turns":4.0},{"damage":14.0,"enemies":"Colosseum Slavers","floor":27.0,"turns":3.0},{"damage":39.0,"enemies":"Colosseum Nobs","floor":27.0,"turns":4.0},{"damage":0.0,"enemies":"Chosen and Byrds","floor":29.0,"turns":3.0},{"damage":0.0,"enemies":"Centurion and Healer","floor":31.0,"turns":3.0},{"damage":55.0,"enemies":"Collector","floor":33.0,"turns":5.0},{"damage":0.0,"enemies":"3 Shapes","floor":35.0,"turns":2.0},{"damage":0.0,"enemies":"Orb Walker","floor":36.0,"turns":2.0},{"damage":0.0,"enemies":"Transient","floor":39.0,"turns":5.0},{"damage":55.0,"enemies":"Reptomancer","floor":40.0,"turns":3.0},{"damage":21.0,"enemies":"Maw","floor":41.0,"turns":6.0},{"damage":17.0,"enemies":"4 Shapes","floor":42.0,"turns":4.0},{"damage":0.0,"enemies":"Transient","floor":48.0,"turns":5.0},{"damage":83,"enemies":"Awakened One","floor":50,"turns":8}],"seed_played":"-7425042866794417365","potions_obtained":[{"floor":1.0,"key":"SpeedPotion"},{"floor":3.0,"key":"PowerPotion"},{"floor":7.0,"key":"FearPotion"},{"floor":10.0,"key":"Dexterity Potion"},{"floor":14.0,"key":"Regen Potion"},{"floor":17.0,"key":"CultistPotion"},{"floor":18.0,"key":"ColorlessPotion"},{"floor":19.0,"key":"Fruit Juice"},{"floor":27.0,"key":"SkillPotion"},{"floor":31.0,"key":"Weak Potion"},{"floor":33.0,"key":"EssenceOfSteel"},{"floor":35.0,"key":"ColorlessPotion"},{"floor":40.0,"key":"SpeedPotion"}],"is_trial":false,"path_per_floor":["M","M","M","$","M","R","E","R","T","E","R","$","R","M","R","B",null,"M","M","?","?","$","R","M","M","T","?","$","M","R","M","R","B",null,"M","M","$","?","M","E","M","M","T","R","$","R","T","M","R","B",null],"character_chosen":"THE_SILENT","items_purchased":["Blade Dance","Choke","Infinite Blades"],"campfire_rested":8,"item_purchase_floors":[4,22,45],"current_hp_per_floor":[60,52,47,47,37,58,31,52,52,39,39,39,39,39,60,38,75,75,80,87,81,81,81,57,45,45,2,2,7,33,33,59,9,87,87,87,87,87,87,37,21,4,4,30,30,56,56,56,82,4],"gold":84,"neow_bonus":"BOSS_RELIC","is_daily":false,"chose_seed":false,"campfire_upgraded":3,"win_rate":0.0,"timestamp":1611534813,"path_taken":["M","?","M","?","?","R","E","R","T","E","R","$","R","M","R","BOSS","M","M","?","?","$","R","M","M","T","?","$","M","R","M","R","BOSS","M","M","$","?","?","E","M","M","T","R","?","R","?","M","R","BOSS"],"items_purchased_type":["Card","Card","Card"],"build_version":"2020-12-22","purchased_purges":5,"victory":true,"max_hp_per_floor":[70,70,70,70,70,70,70,70,70,70,70,70,70,70,70,70,75,75,80,87,87,87,87,87,87,87,87,87,87,87,87,87,87,87,87,87,87,87,87,87,87,87,87,87,87,87,87,87,87,87],"card_choices":[{"not_picked":["Dash","Sucker Punch","Deflect"],"picked":"SKIP","floor":1.0},{"not_picked":["Outmaneuver","Calculated Gamble"],"picked":"Eviscerate","floor":2.0},{"not_picked":["Underhanded Strike","Flechettes"],"picked":"Blade Dance","floor":3.0},{"not_picked":["Backflip","Choke"],"picked":"Blade Dance","floor":5.0},{"not_picked":["Acrobatics","Deadly Poison"],"picked":"Dagger Throw","floor":7.0},{"not_picked":["Malaise","Backflip","Dodge and Roll"],"picked":"SKIP","floor":10.0},{"not_picked":["Dagger Throw","Deadly Poison"],"picked":"Flying Knee","floor":14.0},{"not_picked":["Glass Knife","Doppelganger"],"picked":"Unload","floor":16.0},{"not_picked":["Predator","Poisoned Stab"],"picked":"Underhanded Strike","floor":17.0},{"not_picked":["Backflip","Leg Sweep","Dash"],"picked":"SKIP","floor":18.0},{"not_picked":["Underhanded Strike+1","All Out Attack","Dodge and Roll+1"],"picked":"SKIP","floor":19.0},{"not_picked":["Noxious Fumes","Wraith Form v2"],"picked":"Blade Dance","floor":24.0},{"not_picked":["Prepared","Outmaneuver"],"picked":"PiercingWail","floor":25.0},{"not_picked":["Underhanded Strike","Eviscerate+1"],"picked":"Well Laid Plans","floor":27.0},{"not_picked":["Deflect","Prepared+1"],"picked":"Endless Agony","floor":29.0},{"not_picked":["Blur+1","Slice"],"picked":"Distraction","floor":31.0},{"not_picked":["After Image","Doppelganger"],"picked":"Venomology","floor":33.0},{"not_picked":["Deflect+1","Reflex","Leg Sweep"],"picked":"SKIP","floor":35.0},{"not_picked":["Sucker Punch+1","Poisoned Stab"],"picked":"Prepared","floor":36.0},{"not_picked":["Riddle With Holes+1","Crippling Poison+1"],"picked":"Slice+1","floor":39.0},{"not_picked":["Glass Knife","Poisoned Stab+1","Deflect"],"picked":"SKIP","floor":40.0},{"not_picked":["Well Laid Plans+1","Poisoned Stab+1"],"picked":"Endless Agony+1","floor":41.0},{"not_picked":["Dagger Throw","Flechettes"],"picked":"Wraith Form v2","floor":42.0},{"not_picked":["Eviscerate+1","PiercingWail","Heel Hook+1"],"picked":"SKIP","floor":48.0}],"player_experience":32841,"relics_obtained":[{"floor":7.0,"key":"Pen Nib"},{"floor":9.0,"key":"Toy Ornithopter"},{"floor":10.0,"key":"Whetstone"},{"floor":26.0,"key":"Letter Opener"},{"floor":27.0,"key":"FossilizedHelix"},{"floor":27.0,"key":"Shuriken"},{"floor":40.0,"key":"Snake Skull"},{"floor":43.0,"key":"Bag of Preparation"},{"floor":47.0,"key":"Vajra"}],"event_choices":[{"damage_healed":0.0,"max_hp_gain":0.0,"max_hp_loss":0.0,"gold_gain":0.0,"event_name":"The Mausoleum","player_choice":"Opened","floor":20.0,"gold_loss":0.0,"damage_taken":0.0,"relics_obtained":["Strawberry"]},{"damage_healed":0.0,"max_hp_gain":0.0,"max_hp_loss":0.0,"gold_gain":0.0,"event_name":"Nest","player_choice":"Joined the Cult","floor":21.0,"gold_loss":0.0,"damage_taken":6.0,"cards_obtained":["RitualDagger"]},{"damage_healed":0.0,"max_hp_gain":0.0,"max_hp_loss":0.0,"gold_gain":0.0,"event_name":"Colosseum","player_choice":"Fight","floor":27.0,"gold_loss":0.0,"damage_taken":0.0},{"damage_healed":0.0,"max_hp_gain":0.0,"max_hp_loss":0.0,"gold_gain":0.0,"event_name":"Colosseum","player_choice":"Fought Nobs","floor":27.0,"gold_loss":0.0,"damage_taken":0.0},{"cards_removed":["Flying Knee"],"damage_healed":0.0,"max_hp_gain":0.0,"max_hp_loss":0.0,"gold_gain":0.0,"event_name":"WeMeetAgain","player_choice":"Gave Card","floor":38.0,"gold_loss":0.0,"damage_taken":0.0,"relics_obtained":["Pocketwatch"]}],"is_beta":false,"boss_relics":[{"not_picked":["Fusion Hammer","Philosopher\u0027s Stone"],"picked":"Tiny House"},{"not_picked":["Busted Crown","Black Star"],"picked":"SacredBark"}],"items_purged_floors":[4,12,22,28,37],"is_endless":false,"potions_floor_spawned":[1,3,7,10,14,18,19,27,31,33,35,40],"ascension_level":0}}