{"host":"ik8ww1p4uabx5gam","time":1611599422,"event":{"mods":["Always Whale","Aspiration","BaseMod","Beaked The Cultist","Better Third Choice","BetterRewards","Colored Map","Colored Powertips","Conspire","Energized Spire","FetchMod","GifTheSpireLib","Hubris","Infinite Spire","Ironclad Rager","Jedi Mod","Minty Spire (QoL Compilation)","Random Character Button","Reliquary","Replay The Spire","Shop Mod","Spicy Shops","Spikes Relics","StSLib","Stuff the Spire","The Blue Laboratory","The Gatherer","Wandering Minibosses","??????REMEMod"],"gold_per_floor":[113,125,143,154,154,154,185,185,185,185,185,200,217,236,236,341,341,360,373,173,88,88,99,133,133,133,149,149,186,197,213,213,338,338,338,338,377,418,418,418,472,472,472,73,96,96,96,117,117,123],"floor_reached":51,"language":"ENG","playtime":2752,"items_purged":["Strike_G","Voices"],"score":1147,"play_id":"c9cc7bc7-f811-4296-a233-91bf500bf2d1","local_time":"20210125123022","is_ascension_mode":true,"campfire_choices":[{"data":"Deadly Poison","floor":6,"key":"SMITH"},{"data":"StuffTheSpire:Injection","floor":8,"key":"SMITH"},{"data":"Endless Agony","floor":10,"key":"SMITH"},{"floor":15,"key":"REST"},{"data":"Juggernaut","floor":28,"key":"SMITH"},{"data":"Blade Dance","floor":32,"key":"SMITH"},{"data":"ReplayTheSpireMod:The Works","floor":40,"key":"SMITH"},{"data":"Neutralize","floor":42,"key":"SMITH"},{"data":"Replay:Poison Smokescreen","floor":47,"key":"SMITH"},{"data":"ReplayTheSpireMod:Black Plague","floor":49,"key":"SMITH"}],"circlet_count":0,"master_deck":["Strike_G+1","Strike_G","Strike_G","Defend_G","Defend_G","Defend_G","Survivor","Neutralize+1","Master of Strategy","Deadly Poison+1","StuffTheSpire:Injection+1","Endless Agony+1","Dash+1","Cloak And Dagger","Replay:Poison Smokescreen+1","infinitespire:Collect","ReplayTheSpireMod:Black Plague+1","Backflip","Juggernaut+1","jedi:poisonivy","Blade Dance+1","StuffTheSpire:BumpUp+1","ReplayTheSpireMod:The Works+1","Footwork+1","Atom Bomb"],"relics":["REME_ComplimentaryCards","Replay:Drink Me","Mirror","Blue Doll","Bag of Preparation","energizedSpire:EnergizedDie","LugNut","Pantograph","TheAbacus","infinitespire:Midas Blood","Akabeko","reliquary:RosewoodLute","infinitespire:EvilPickle","Sandwich","wanderingMiniBosses:OtherGremlinHorn","StuffTheSpire:DarkSteelAnvil","Ring of Peace","Ring of Fury","Pocketwatch","reliquary:HotPoker","conspire:GiftBox"],"acts_visited":["Exordium","TheCity","TheBeyond"],"potions_floor_usage":[7,24,31,33,50,50,50],"damage_taken":[{"damage":0,"enemies":"conspire:RoseBush","floor":1,"turns":5},{"damage":0,"enemies":"2 Louse","floor":2,"turns":3},{"damage":0,"enemies":"Small Slimes","floor":3,"turns":3},{"damage":17,"enemies":"Red Slaver","floor":4,"turns":5},{"damage":18,"enemies":"Gremlin Nob","floor":7,"turns":4},{"damage":0,"enemies":"Exordium Thugs","floor":12,"turns":4},{"damage":0,"enemies":"Lots of Slimes","floor":13,"turns":3},{"damage":0,"enemies":"Looter","floor":14,"turns":2},{"damage":13,"enemies":"Hexaghost","floor":16,"turns":11},{"damage":4,"enemies":"2 Thieves","floor":18,"turns":6},{"damage":26,"enemies":"3 Byrds","floor":19,"turns":5},{"damage":0,"enemies":"3 Cultists","floor":23,"turns":5},{"damage":1,"enemies":"conspire:Head Lice","floor":24,"turns":4},{"damage":3,"enemies":"Centurion and Healer","floor":27,"turns":5},{"damage":9,"enemies":"REME_1_Revenger","floor":29,"turns":5},{"damage":0,"enemies":"Snake Plant","floor":30,"turns":3},{"damage":1,"enemies":"Snecko","floor":31,"turns":3},{"damage":31,"enemies":"Pondfish","floor":33,"turns":9},{"damage":25,"enemies":"Orb Walker","floor":35,"turns":6},{"damage":4,"enemies":"3 Darklings","floor":37,"turns":5},{"damage":0,"enemies":"Spire Growth","floor":38,"turns":3},{"damage":0,"enemies":"Nemesis","floor":41,"turns":3},{"damage":0,"enemies":"Sphere and 2 Shapes","floor":45,"turns":3},{"damage":0,"enemies":"Transient","floor":46,"turns":5},{"damage":0,"enemies":"Writhing Mass","floor":48,"turns":3},{"damage":21,"enemies":"Donu and Deca","floor":50,"turns":5}],"seed_played":"7307431758650903473","potions_obtained":[{"floor":2,"key":"ColorlessPotion"},{"floor":12,"key":"blueLaboratory:PhilterOfMotion"},{"floor":13,"key":"blueLaboratory:AbyssPotion"},{"floor":19,"key":"jedi:holywater"},{"floor":29,"key":"Poison Potion"},{"floor":35,"key":"Dexterity Potion"},{"floor":38,"key":"blueLaboratory:FrostheartPotion"},{"floor":46,"key":"Elixir"}],"is_trial":false,"path_per_floor":["M","M","M","M","?","R","E","R","T","R","?","M","M","M","R","B",null,"M","M","$","?","AVR","M","E","?","T","M","R","E","M","M","R","B",null,"M","?","M","M","?","R","E","R","T","$","M","M","R","M","R","B",null],"character_chosen":"THE_SILENT","items_purchased":["LugNut","conspire:GiftBox"],"campfire_rested":1,"item_purchase_floors":[20,44],"current_hp_per_floor":[53,53,53,36,36,36,18,18,18,18,7,7,7,7,22,9,53,49,23,23,23,23,23,22,22,22,19,19,10,10,9,9,3,53,28,28,24,24,24,24,24,24,24,24,24,24,24,24,24,28],"gold":123,"neow_bonus":"BOSS_RELIC","is_daily":false,"chose_seed":false,"campfire_upgraded":9,"win_rate":0.0,"timestamp":1611599422,"path_taken":["M","M","M","M","?","R","E","R","T","R","?","M","M","M","R","BOSS","M","M","$","?","AVR","M","E","?","T","?","R","E","M","M","R","BOSS","M","?","?","?","?","R","E","R","T","?","?","M","R","M","R","BOSS"],"items_purchased_type":["Relic","Relic"],"build_version":"2020-12-22","purchased_purges":2,"victory":true,"max_hp_per_floor":[53,53,53,53,53,53,53,53,53,53,53,53,53,53,53,53,53,53,53,53,53,53,53,53,53,53,53,53,53,53,53,53,53,53,53,53,53,53,53,53,53,53,53,53,53,53,53,53,53,53],"card_choices":[{"not_picked":["Bane","jedi:acidrain"],"picked":"Deadly Poison","floor":1},{"not_picked":["StuffTheSpire:BumpUp","Underhanded Strike"],"picked":"StuffTheSpire:Injection","floor":2},{"not_picked":["Underhanded Strike","Riddle With Holes","Flechettes"],"picked":"SKIP","floor":3},{"not_picked":["Sneak Up","Infinite Blades"],"picked":"Endless Agony","floor":4},{"not_picked":["Pace","ReplayTheSpireMod:From All Sides"],"picked":"Dash","floor":7},{"not_picked":["jedi:pocketpoison","Flying Knee"],"picked":"Cloak And Dagger","floor":12},{"not_picked":["Deadly Poison","jedi:pocketpoison","Predator"],"picked":"SKIP","floor":13},{"not_picked":["ReplayTheSpireMod:Speed Training","Setup","Bane"],"picked":"SKIP","floor":14},{"not_picked":["Cloak And Dagger","Quick Slash","StuffTheSpire:Fury"],"picked":"SKIP","floor":18},{"not_picked":["Setup","hubris:Counter"],"picked":"Replay:Poison Smokescreen","floor":19},{"not_picked":["Dodge and Roll","hubris:SlightOfHand"],"picked":"Backflip","floor":23},{"not_picked":["Cloak And Dagger+1","Sneak Up","StuffTheSpire:ClusterCrunch+1"],"picked":"SKIP","floor":24},{"not_picked":["jedi:pocketpoison+1","Bane"],"picked":"jedi:poisonivy","floor":27},{"not_picked":["Cloak And Dagger","Acrobatics","Prepared"],"picked":"SKIP","floor":29},{"not_picked":["ReplayTheSpireMod:Shiv Toss","hubris:Sniper","StuffTheSpire:ClusterCrunch"],"picked":"SKIP","floor":30},{"not_picked":["Prepared","Expertise"],"picked":"Blade Dance","floor":31},{"not_picked":["Outmaneuver","Crippling Poison+1"],"picked":"StuffTheSpire:BumpUp+1","floor":35},{"not_picked":["Acrobatics+1","jedi:unstablefumes","Dagger Spray+1"],"picked":"SKIP","floor":37},{"not_picked":["Terror+1","StuffTheSpire:BumpUp"],"picked":"ReplayTheSpireMod:The Works","floor":38},{"not_picked":["jedi:pocketpoison+1","Hidden Blade"],"picked":"Footwork+1","floor":41},{"not_picked":["Poison Darts","Unload"],"picked":"Atom Bomb","floor":44},{"not_picked":["hubris:SlightOfHand","Dodge and Roll","Footwork"],"picked":"SKIP","floor":45},{"not_picked":["Blade Dance+1","Acrobatics","Sucker Punch"],"picked":"SKIP","floor":46},{"not_picked":["Reflex+1","Expertise","Bane"],"picked":"SKIP","floor":48}],"player_experience":1032022,"relics_obtained":[{"floor":5,"key":"Mirror"},{"floor":7,"key":"Blue Doll"},{"floor":9,"key":"Bag of Preparation"},{"floor":24,"key":"infinitespire:Midas Blood"},{"floor":26,"key":"Akabeko"},{"floor":29,"key":"reliquary:RosewoodLute"},{"floor":35,"key":"wanderingMiniBosses:OtherGremlinHorn"},{"floor":39,"key":"Ring of Peace"},{"floor":39,"key":"Ring of Fury"},{"floor":41,"key":"Pocketwatch"},{"floor":43,"key":"reliquary:HotPoker"}],"event_choices":[{"damage_healed":18,"gold_gain":0,"player_choice":"Upgrade","damage_taken":11,"max_hp_gain":0,"max_hp_loss":53,"event_name":"betterThird:BetterShining","floor":11,"gold_loss":0,"cards_upgraded":["Strike_G","Dash"]},{"damage_healed":0,"gold_gain":0,"player_choice":"Obtained Relic","damage_taken":0,"relics_obtained":["Pantograph"],"max_hp_gain":0,"max_hp_loss":0,"event_name":"Addict","floor":21,"gold_loss":85},{"damage_healed":0,"gold_gain":0,"player_choice":"Read","damage_taken":0,"max_hp_gain":0,"max_hp_loss":0,"event_name":"The Library","floor":25,"gold_loss":0,"cards_obtained":["Juggernaut"]},{"damage_healed":0,"gold_gain":0,"player_choice":"Gave Potion","damage_taken":0,"relics_obtained":["StuffTheSpire:DarkSteelAnvil"],"max_hp_gain":0,"max_hp_loss":0,"event_name":"WeMeetAgain","floor":36,"gold_loss":0}],"is_beta":false,"boss_relics":[{"not_picked":["HoveringKite","hubris:TerracottaHorce"],"picked":"energizedSpire:EnergizedDie"},{"not_picked":["Empty Cage","reliquary:RedCape"],"picked":"Sandwich"}],"items_purged_floors":[20,44],"is_endless":false,"potions_floor_spawned":[2,12,13,19,23,24,29,35,38,46],"ascension_level":1}}