{"host":"f0gpob8hq9vgebej","time":1611542289,"event":{"mods":["AchievementEnabler","BaseMod","Minty Spire (QoL Compilation)","Quick Restart","SuperFastMode"],"gold_per_floor":[366,242,260,276,286,286,303,303,358,385,385,189,208,208,208,307,307,326,241,255,255,255,255],"floor_reached":22,"language":"KOR","playtime":365,"items_purged":["Strike_B","Strike_B"],"score":270,"play_id":"f327a76a-4b73-4bc5-8b55-214ff0bb03e5","local_time":"20210125113809","is_ascension_mode":true,"campfire_choices":[{"data":"Zap","floor":6,"key":"SMITH"},{"data":"Barrage","floor":8,"key":"SMITH"},{"data":"Ball Lightning","floor":15,"key":"SMITH"}],"circlet_count":0,"master_deck":["Strike_B","Defend_B","Defend_B","Defend_B","Defend_B","Zap+1","Dualcast","Conserve Battery","Capacitor","Barrage+1","Conserve Battery","Ball Lightning+1","Loop","Biased Cognition","Consume"],"relics":["Cracked Core","DataDisk","Bottled Tornado","SlaversCollar","Boot"],"acts_visited":["Exordium","TheCity"],"potions_floor_usage":[10],"damage_taken":[{"damage":7,"enemies":"2 Louse","floor":1,"turns":4},{"damage":6,"enemies":"Cultist","floor":3,"turns":4},{"damage":1,"enemies":"Small Slimes","floor":4,"turns":6},{"damage":2,"enemies":"Blue Slaver","floor":5,"turns":6},{"damage":13,"enemies":"2 Fungi Beasts","floor":7,"turns":4},{"damage":47,"enemies":"Gremlin Nob","floor":10,"turns":5},{"damage":0,"enemies":"Large Slime","floor":13,"turns":3},{"damage":26,"enemies":"The Guardian","floor":16,"turns":8},{"damage":35,"enemies":"Shell Parasite","floor":18,"turns":5},{"damage":15,"enemies":"Spheric Guardian","floor":20,"turns":4},{"damage":50,"enemies":"Cultist and Chosen","floor":22,"turns":4}],"seed_played":"8579557057077675878","potions_obtained":[{"floor":1,"key":"Ancient Potion"},{"floor":4,"key":"CultistPotion"},{"floor":16,"key":"Explosive Potion"},{"floor":18,"key":"EssenceOfDarkness"}],"is_trial":false,"path_per_floor":["M","$","M","M","M","R","M","R","T","E","?","$","M","?","R","B",null,"M","?","M","?","M"],"character_chosen":"DEFECT","items_purchased":["Conserve Battery","Ball Lightning","Loop"],"campfire_rested":0,"item_purchase_floors":[2,12,12],"current_hp_per_floor":[43,43,44,50,55,55,49,49,49,9,75,75,75,75,75,49,69,34,34,19,44,0,0],"gold":255,"neow_bonus":"TWO_FIFTY_GOLD","is_daily":false,"chose_seed":false,"campfire_upgraded":3,"win_rate":0.0,"timestamp":1611542289,"path_taken":["M","$","M","M","M","R","M","R","T","E","?","?","M","?","R","BOSS","M","?","M","?","M"],"items_purchased_type":["Card","Card","Card"],"build_version":"2020-12-22","purchased_purges":2,"victory":false,"max_hp_per_floor":[75,75,75,75,75,75,75,75,75,75,75,75,75,75,75,75,75,75,75,75,75,75,75],"card_choices":[{"not_picked":["FTL","Redo"],"picked":"Self Repair","floor":1},{"not_picked":["Coolheaded","Hologram"],"picked":"Capacitor","floor":3},{"not_picked":["Compile Driver","Go for the Eyes","Steam"],"picked":"SKIP","floor":4},{"not_picked":["Hello World","Reinforced Body"],"picked":"Barrage","floor":5},{"not_picked":["Meteor Strike","Coolheaded"],"picked":"Conserve Battery","floor":7},{"not_picked":["Steam","Streamline","Hyperbeam"],"picked":"SKIP","floor":10},{"not_picked":["Streamline","Rebound","Leap"],"picked":"SKIP","floor":13},{"not_picked":["Multi-Cast","Rainbow"],"picked":"Biased Cognition","floor":16},{"not_picked":["Compile Driver","Streamline","Steam+1"],"picked":"SKIP","floor":18},{"not_picked":["Coolheaded+1","Doom and Gloom+1"],"picked":"Consume","floor":20}],"player_experience":244704,"relics_obtained":[{"floor":9,"key":"DataDisk"},{"floor":10,"key":"Bottled Tornado"}],"event_choices":[{"cards_removed":["Self Repair"],"damage_healed":66,"gold_gain":0,"player_choice":"Offered Uncommon","damage_taken":0,"max_hp_gain":0,"max_hp_loss":0,"event_name":"Bonfire Elementals","floor":11,"gold_loss":0},{"cards_removed":["Strike_B"],"damage_healed":0,"gold_gain":0,"player_choice":"Forget","damage_taken":0,"max_hp_gain":0,"max_hp_loss":0,"event_name":"Living Wall","floor":14,"gold_loss":0},{"damage_healed":0,"gold_gain":0,"player_choice":"Obtained Relic","damage_taken":0,"relics_obtained":["Boot"],"max_hp_gain":0,"max_hp_loss":0,"event_name":"Addict","floor":19,"gold_loss":85},{"damage_healed":25,"gold_gain":0,"player_choice":"Heal","damage_taken":0,"max_hp_gain":0,"max_hp_loss":0,"event_name":"The Library","floor":21,"gold_loss":0}],"is_beta":false,"boss_relics":[{"not_picked":["SacredBark","Snecko Eye"],"picked":"SlaversCollar"}],"items_purged_floors":[2,12],"is_endless":false,"potions_floor_spawned":[1,4,16,18],"killed_by":"Cultist and Chosen","ascension_level":9}}