{"host":"aukiz5jlacd3g5yc","time":1611555393,"event":{"mods":["2.2 Compatiblity","BaseMod","Bestiary","Colored Map","Colored Powertips","Downfall","GifTheSpireLib","Minty Spire (QoL Compilation)","Permanent Neow","Quick Restart","Random Character Button","Rare Cards Sparkle","Relic Sorter","Relic Stats","StSLib","everything is the same but u backflip on backflip","slay the spire mod where everything is the same but ironclad has a cowboy hat"],"gold_per_floor":[99,119,135,135,15,71,71,71,71,71],"floor_reached":8,"language":"ENG","playtime":407,"items_purged":[],"score":48,"play_id":"1bfa537b-6095-43d9-81d3-81ec8c05d3d7","local_time":"20210125001633","is_ascension_mode":true,"campfire_choices":[{"data":"hexamod:Float","floor":1,"key":"SMITH"}],"circlet_count":0,"master_deck":["hexamod:Strike","hexamod:Strike+1","hexamod:Strike","hexamod:Strike+1","hexamod:Defend","hexamod:Defend+1","hexamod:Defend","hexamod:Defend","hexamod:Sear","hexamod:Float+1","Sadistic Nature","hexamod:EmpoweredFlame","downfall:Malfunctioning","hexamod:TurnItUp","hexamod:PhantomFireball","hexamod:ExtraCrispy"],"relics":["hexamod:SpiritBrand","Frozen Egg 2","Blue Candle"],"acts_visited":["Exordium"],"potions_floor_usage":[],"damage_taken":[{"damage":7,"enemies":"Jaw Worm","floor":2,"turns":3},{"damage":0,"enemies":"Small Slimes","floor":3,"turns":2},{"damage":0,"enemies":"downfall:FleeingMerchant","floor":5,"turns":4},{"damage":35,"enemies":"3 Sentries","floor":6,"turns":10},{"damage":22,"enemies":"3 Sentries","floor":8,"turns":3}],"seed_played":"-242784982450644679","potions_obtained":[{"floor":6,"key":"hexamod:DoubleChargePotion"}],"is_trial":false,"path_per_floor":["R","M","M","?","$","?","T","E"],"character_chosen":"THE_SPIRIT","items_purchased":["hexamod:PhantomFireball","hexamod:ExtraCrispy"],"campfire_rested":0,"item_purchase_floors":[5,5],"current_hp_per_floor":[63,56,56,56,56,21,21,0,0,0],"gold":71,"neow_bonus":"RANDOM_COLORLESS_2","is_daily":false,"chose_seed":false,"campfire_upgraded":1,"win_rate":0.0,"timestamp":1611555393,"path_taken":["R","M","M","?","$","?","T","E"],"items_purchased_type":["Card","Card"],"build_version":"2020-12-22","purchased_purges":0,"victory":false,"max_hp_per_floor":[63,63,63,63,63,63,63,63,63,63],"relic_stats":{"counters":[5,22],"Blue Candle":[1],"obtain_stats":[{"Blue Candle":7,"Frozen Egg 2":6,"hexamod:SpiritBrand":0},{"Blue Candle":4,"Frozen Egg 2":4,"hexamod:SpiritBrand":0},{"Blue Candle":19,"Frozen Egg 2":19,"hexamod:SpiritBrand":0}]},"card_choices":[{"not_picked":["Violence","Secret Weapon"],"picked":"Sadistic Nature","floor":0},{"not_picked":["hexamod:GhostShield","hexamod:NightmareStrike","hexamod:ThirdSeal"],"picked":"SKIP","floor":2},{"not_picked":["hexamod:SpectersWail","hexamod:GhostLash"],"picked":"hexamod:EmpoweredFlame","floor":3},{"not_picked":["hexamod:FifthSeal","hexamod:SpectersWail"],"picked":"hexamod:TurnItUp","floor":5}],"player_experience":355092,"relics_obtained":[{"floor":6,"key":"Frozen Egg 2"},{"floor":7,"key":"Blue Candle"}],"event_choices":[],"is_beta":false,"boss_relics":[],"items_purged_floors":[],"is_endless":false,"potions_floor_spawned":[6],"killed_by":"3 Sentries","ascension_level":2}}