{"host":"wshh0nphwn6jv7vj","time":1611539208,"event":{"mods":["BaseMod","Bestiary","Minty Spire (QoL Compilation)","Relic Stats"],"gold_per_floor":[118,118,132,132,132,132,142,142,169,169,6,70,83,109,109,109,109],"floor_reached":16,"language":"ENG","playtime":799,"items_purged":["Strike_P"],"score":181,"play_id":"ac0c81eb-f7f6-4d62-b5ab-ce9f6199e3c0","local_time":"20210124204648","is_ascension_mode":true,"campfire_choices":[{"data":"CrushJoints","floor":6,"key":"SMITH"},{"data":"Prostrate","floor":8,"key":"SMITH"},{"data":"FlyingSleeves","floor":15,"key":"SMITH"}],"circlet_count":0,"master_deck":["AscendersBane","Strike_P","Defend_P+1","Defend_P+1","Defend_P","Defend_P","Eruption","Vigilance","CurseOfTheBell","FollowUp+1","CrushJoints+1","Prostrate+1","Fasting2","LessonLearned+1","Protect","FlyingSleeves+1","EmptyBody"],"relics":["Calling Bell","Blood Vial","Mercury Hourglass","TungstenRod","Anchor","Tiny Chest","Pantograph"],"acts_visited":["Exordium"],"potions_floor_usage":[12,14],"damage_taken":[{"damage":7,"enemies":"Small Slimes","floor":1,"turns":5},{"damage":6,"enemies":"Jaw Worm","floor":3,"turns":6},{"damage":0,"enemies":"2 Louse","floor":7,"turns":3},{"damage":10,"enemies":"3 Sentries","floor":12,"turns":5},{"damage":8,"enemies":"Looter","floor":13,"turns":4},{"damage":34,"enemies":"Gremlin Nob","floor":14,"turns":4},{"damage":56,"enemies":"The Guardian","floor":16,"turns":8}],"seed_played":"636244870291013840","potions_obtained":[{"floor":3,"key":"PowerPotion"},{"floor":13,"key":"Block Potion"}],"is_trial":false,"path_per_floor":["M","?","M","?","?","R","M","R","T","?","$","?","M","E","R","B"],"character_chosen":"WATCHER","items_purchased":["LessonLearned"],"campfire_rested":0,"item_purchase_floors":[11],"current_hp_per_floor":[56,50,46,68,49,49,51,51,51,51,51,43,37,5,5,0,0],"gold":109,"neow_bonus":"BOSS_RELIC","is_daily":false,"chose_seed":false,"campfire_upgraded":3,"win_rate":0.0,"timestamp":1611539208,"path_taken":["M","?","M","?","?","R","M","R","T","?","?","?","M","E","R","BOSS"],"items_purchased_type":["Card"],"build_version":"2020-12-22","purchased_purges":1,"victory":false,"max_hp_per_floor":[68,68,68,68,68,68,68,68,68,68,68,68,68,68,68,68,68],"relic_stats":{"Blood Vial":14,"counters":[7,35],"Pantograph":25,"Tiny Chest":0,"obtain_stats":[{"Calling Bell":0,"Blood Vial":0,"Anchor":9,"Pantograph":14,"Tiny Chest":12,"PureWater":0,"TungstenRod":0,"Mercury Hourglass":0},{"Calling Bell":0,"Blood Vial":0,"Anchor":3,"Pantograph":6,"Tiny Chest":4,"PureWater":0,"TungstenRod":0,"Mercury Hourglass":0},{"Calling Bell":0,"Blood Vial":0,"Anchor":14,"Pantograph":27,"Tiny Chest":19,"PureWater":0,"TungstenRod":0,"Mercury Hourglass":0}],"TungstenRod":18,"Mercury Hourglass":[120]},"card_choices":[{"not_picked":["EmptyFist","Evaluate"],"picked":"FollowUp","floor":1},{"not_picked":["FlyingSleeves","Protect"],"picked":"CrushJoints","floor":3},{"not_picked":["DevaForm","EmptyBody"],"picked":"Prostrate","floor":7},{"not_picked":["EmptyBody","SashWhip"],"picked":"Protect","floor":12},{"not_picked":["CrushJoints","Fasting2"],"picked":"FlyingSleeves","floor":13},{"not_picked":["ConjureBlade","FollowUp"],"picked":"EmptyBody","floor":14}],"player_experience":1612010,"relics_obtained":[{"floor":0,"key":"Blood Vial"},{"floor":0,"key":"Mercury Hourglass"},{"floor":0,"key":"TungstenRod"},{"floor":9,"key":"Anchor"},{"floor":12,"key":"Tiny Chest"},{"floor":14,"key":"Pantograph"}],"event_choices":[{"cards_removed":["Strike_P"],"damage_healed":0,"gold_gain":0,"player_choice":"Card Removal","damage_taken":7,"max_hp_gain":0,"max_hp_loss":0,"event_name":"Golden Wing","floor":2,"gold_loss":0},{"damage_healed":22,"gold_gain":0,"player_choice":"Banana","damage_taken":0,"max_hp_gain":0,"max_hp_loss":0,"event_name":"Big Fish","floor":4,"gold_loss":0},{"damage_healed":0,"gold_gain":0,"player_choice":"Entered Light","damage_taken":20,"max_hp_gain":0,"max_hp_loss":0,"event_name":"Shining Light","floor":5,"gold_loss":0,"cards_upgraded":["Defend_P","FollowUp"]},{"damage_healed":0,"gold_gain":0,"cards_transformed":["Strike_P"],"player_choice":"Change","damage_taken":0,"max_hp_gain":0,"max_hp_loss":0,"event_name":"Living Wall","floor":10,"gold_loss":0,"cards_obtained":["Fasting2"]},{"damage_healed":0,"gold_gain":30,"player_choice":"Searched \u00272\u0027 times","damage_taken":0,"max_hp_gain":0,"max_hp_loss":0,"event_name":"Dead Adventurer","floor":12,"gold_loss":0}],"is_beta":false,"boss_relics":[],"items_purged_floors":[11],"is_endless":false,"potions_floor_spawned":[3,13],"killed_by":"The Guardian","ascension_level":17}}