{"host":"cgwysqtmt736mr58","time":1611546705,"event":{"mods":["2.2 Compatiblity","Aspiration","BaseMod","Beaked The Cultist","Colored Map","Colored Powertips","Downfall","Googly Eyes","Halation","Hermit","Hubris","Infinite Spire","Lobotomy","LobotomyExtend","Marisa????????","Minty Spire (QoL Compilation)","Relic Stats","Replay The Spire","Shade Mod","StSLib","The Bug Knight","The Construct","The Cursed","The Disciple","The Exalted","The Jungle","The Necromancer","The Runesmith","The Servant 0.9.4","The Wild Card","Waifu the Spire","Yuri Mod","[IsaacMod]????"],"gold_per_floor":[99,113,113,133,133,143,195,95,130,122,122,122,141,141,157,253,253,253,253,273,273,283,296,349,376,389,239,266,266,266,282,298,400,400,400,412,433,450,450,216,216,231,231,231,266,83,83,102,115,115],"floor_reached":51,"language":"ENG","playtime":2221,"items_purged":[],"score":1491,"play_id":"2d92cba6-efe8-4f1e-ac62-2f6a63fcc435","local_time":"20210125145144","is_ascension_mode":true,"campfire_choices":[{"floor":1.0,"key":"RECALL"},{"floor":8.0,"key":"REST"},{"floor":18.0,"key":"DIG"},{"data":"theWildCard:PaleRider","floor":30.0,"key":"SMITH"},{"data":"hubris:Fate","floor":35.0,"key":"SMITH"},{"data":"bronze:ItsAFeature","floor":43.0,"key":"SMITH"},{"data":"bronze:AlphaBuild","floor":47,"key":"SMITH"}],"circlet_count":0,"master_deck":["bronze:Strike","bronze:Strike","bronze:Strike","bronze:Strike","bronze:Defend","bronze:Defend+1","bronze:Defend","bronze:Defend","bronze:Replicate","bronze:Goto","bronze:FineTuning","bronze:DelayedGuard","bronze:InfiniteLoop","bronze:InfiniteBeams+1","bronze:ItsAFeature+1","bronze:BronzeOrb","bronze:Iterate","theWildCard:PaleRider+1","bronze:Frontload","bronze:Break","hubris:Fate+1","bronze:DelayedSlice","ReplayTheSpireMod:Splinters","bronze:Separator+1","Ghostly+1","Doubt","bronze:RecursiveStrike","bronze:AlphaBuild+1","bronze:BronzeOrb+1","bronze:ChosenStrike","expansioncontent:QuickStudy","ReplayTheSpireMod:Restless Dread","expansioncontent:QuickStudy"],"relics":["bronze:BronzeCore","HushsDoor","Chaos","Garlic","LetterFromLob","Singing Bowl","downfall:HeartBlessingRed","Replay:Lucky Slots","halation:Jellyphish","Cursed Key","hubris:VirtuousBlindfold","BookOfRevelations","Replay:Baseball","BookofShadows","Bromod:ArcaneGuardian","Shuriken","halation:PapillonHeart","infinitespire:CheckeredPen","Akabeko","PokeGo","halation:BlackBeret"],"acts_visited":["Exordium","TheCity","TheBeyond"],"potions_floor_usage":[50,50],"damage_taken":[{"damage":5.0,"enemies":"Small Slimes","floor":2.0,"turns":5.0},{"damage":2.0,"enemies":"Jaw Worm","floor":4.0,"turns":4.0},{"damage":0.0,"enemies":"Cultist","floor":5.0,"turns":1.0},{"damage":12.0,"enemies":"Large Slime","floor":6.0,"turns":7.0},{"damage":17.0,"enemies":"3 Sentries","floor":9.0,"turns":7.0},{"damage":0.0,"enemies":"downfall:FleeingMerchant","floor":10.0,"turns":4.0},{"damage":0.0,"enemies":"Red Slaver","floor":13.0,"turns":3.0},{"damage":0.0,"enemies":"Blue Slaver","floor":15.0,"turns":2.0},{"damage":8.0,"enemies":"SI_SHIV_ARCHETYPE","floor":16.0,"turns":5.0},{"damage":0.0,"enemies":"Shell Parasite","floor":20.0,"turns":2.0},{"damage":0.0,"enemies":"Chosen","floor":22.0,"turns":3.0},{"damage":9.0,"enemies":"Snake Plant","floor":23.0,"turns":2.0},{"damage":0.0,"enemies":"Chosen and Byrds","floor":25.0,"turns":2.0},{"damage":0.0,"enemies":"Centurion and Healer","floor":26.0,"turns":4.0},{"damage":0.0,"enemies":"Cultist and Chosen","floor":28.0,"turns":3.0},{"damage":0.0,"enemies":"Chosen and Byrds","floor":31.0,"turns":3.0},{"damage":0.0,"enemies":"Sentry and Sphere","floor":32.0,"turns":2.0},{"damage":7.0,"enemies":"DF_ARCHETYPE_CLAW","floor":33.0,"turns":4.0},{"damage":0.0,"enemies":"3 Shapes","floor":36.0,"turns":2.0},{"damage":0.0,"enemies":"3 Darklings","floor":37.0,"turns":3.0},{"damage":0.0,"enemies":"Sphere and 2 Shapes","floor":38.0,"turns":1.0},{"damage":0.0,"enemies":"downfall:FleeingMerchant","floor":40.0,"turns":3.0},{"damage":0.0,"enemies":"Transient","floor":42.0,"turns":5.0},{"damage":0,"enemies":"R_Hoarder","floor":45,"turns":3},{"damage":0,"enemies":"Maw","floor":48,"turns":1},{"damage":0,"enemies":"4 Shapes","floor":49,"turns":5},{"damage":0,"enemies":"WA_ARCHETYPE_DIVINITY","floor":50,"turns":8}],"seed_played":"-2891910844021720243","potions_obtained":[{"floor":2.0,"key":"Reflective Coating"},{"floor":6.0,"key":"Toxic Potion"},{"floor":13.0,"key":"SteroidPotion"},{"floor":15.0,"key":"hexamod:SoulburnPotion"},{"floor":31.0,"key":"PowerPotion"},{"floor":33.0,"key":"bronze:BuildAFunctionPotion"}],"is_trial":false,"path_per_floor":["R","M","?","M","M","M","T","R","E","$","?","?","M","?","M","B",null,"R_BF","M","M","AVR","M","M","T","M","M","?","M","T","R","M","M","B",null,"R","M","M","M","?","$","T","M","R","?","E","$","R","M","M","B",null],"character_chosen":"THE_AUTOMATON","items_purchased":["infinitespire:CheckeredPen","Akabeko","expansioncontent:QuickStudy","expansioncontent:QuickStudy"],"campfire_rested":1,"item_purchase_floors":[40,40,40,46],"current_hp_per_floor":[70,65,65,63,63,51,51,70,53,53,53,53,53,53,53,45,70,70,70,72,72,74,65,65,74,76,76,78,78,78,78,80,73,80,80,80,82,63,60,60,60,62,62,62,64,64,64,66,68,68],"gold":115,"neow_bonus":"RANDOM_COMMON_RELIC","is_daily":false,"chose_seed":false,"campfire_upgraded":4,"win_rate":0.0,"timestamp":1611546704,"path_taken":["R","M","?","?","M","M","T","R","E","$","?","?","M","?","M","BOSS","R_BF","M","?","AVR","M","M","T","M","M","?","M","?","R","?","M","BOSS","R","M","M","M","?","$","T","M","R","?","E","?","R","M","M","BOSS"],"items_purchased_type":["Relic","Relic","Card","Card"],"build_version":"2020-12-22","purchased_purges":0,"victory":true,"max_hp_per_floor":[70,70,70,70,70,70,70,70,70,70,70,70,70,70,70,70,70,70,70,72,72,74,74,74,74,76,76,78,78,78,78,80,80,80,80,80,82,63,60,60,60,62,62,62,64,64,64,66,68,68],"relic_stats":{"Singing Bowl":22,"counters":[27,94],"Shuriken":[40],"Cursed Key":3,"obtain_stats":[{"Chaos":0,"halation:BlackBeret":45,"halation:PapillonHeart":39,"bronze:BronzeCore":0,"Singing Bowl":7,"Bromod:ArcaneNullifier":23,"SacredBark":32,"hubris:VirtuousBlindfold":19,"Replay:Multitool":28,"Cursed Key":18,"Nunchaku":37,"downfall:BrokenWingStatue":3,"PokeGo":41,"ChampionBelt":42,"Replay:Lucky Slots":9,"Iron Hammer":20,"Bromod:ArcaneGuardian":29,"KeepersGift":0,"BookofShadows":24,"downfall:HeartBlessingRed":8,"BookOfRevelations":21,"infinitespire:CheckeredPen":40,"War Paint":31,"Orichalcum":33,"Akabeko":40,"D4":40,"Replay:Baseball":21,"halation:SwordOfLegend":25,"TheBible":36,"Shuriken":34,"infinitespire:Lychee Nut":38,"halation:Jellyphish":17,"Snecko Eye":26,"Garlic":0,"LetterFromLob":2,"Membership Card":50,"hubris:CrackedHourglass":22,"yuri:PortableGlitches":45,"BlankCard":48,"HushsDoor":0,"halation:Risk":49},{"Chaos":0,"halation:BlackBeret":24,"halation:PapillonHeart":21,"bronze:BronzeCore":0,"Singing Bowl":4,"Bromod:ArcaneNullifier":11,"SacredBark":16,"hubris:VirtuousBlindfold":9,"Replay:Multitool":14,"Cursed Key":9,"Nunchaku":19,"downfall:BrokenWingStatue":1,"PokeGo":22,"ChampionBelt":22,"Replay:Lucky Slots":5,"Iron Hammer":9,"Bromod:ArcaneGuardian":15,"KeepersGift":0,"BookofShadows":12,"downfall:HeartBlessingRed":4,"BookOfRevelations":10,"infinitespire:CheckeredPen":22,"War Paint":15,"Orichalcum":17,"Akabeko":22,"D4":21,"Replay:Baseball":10,"halation:SwordOfLegend":12,"TheBible":18,"Shuriken":18,"infinitespire:Lychee Nut":20,"halation:Jellyphish":9,"Snecko Eye":13,"Garlic":0,"LetterFromLob":1,"Membership Card":26,"hubris:CrackedHourglass":10,"yuri:PortableGlitches":23,"BlankCard":24,"HushsDoor":0,"halation:Risk":25},{"Chaos":0,"halation:BlackBeret":80,"halation:PapillonHeart":69,"bronze:BronzeCore":0,"Singing Bowl":17,"Bromod:ArcaneNullifier":43,"SacredBark":57,"hubris:VirtuousBlindfold":38,"Replay:Multitool":51,"Cursed Key":38,"Nunchaku":65,"downfall:BrokenWingStatue":5,"PokeGo":72,"ChampionBelt":72,"Replay:Lucky Slots":24,"Iron Hammer":38,"Bromod:ArcaneGuardian":54,"KeepersGift":0,"BookofShadows":45,"downfall:HeartBlessingRed":17,"BookOfRevelations":40,"infinitespire:CheckeredPen":72,"War Paint":54,"Orichalcum":59,"Akabeko":72,"D4":69,"Replay:Baseball":40,"halation:SwordOfLegend":45,"TheBible":63,"Shuriken":63,"infinitespire:Lychee Nut":68,"halation:Jellyphish":38,"Snecko Eye":47,"Garlic":0,"LetterFromLob":5,"Membership Card":86,"hubris:CrackedHourglass":40,"yuri:PortableGlitches":77,"BlankCard":80,"HushsDoor":0,"halation:Risk":81}]},"card_choices":[{"not_picked":["bronze:OilSpill","bronze:DelayedGuard"],"picked":"bronze:FineTuning","floor":2.0},{"not_picked":["bronze:Turbo","bronze:FineTuning"],"picked":"bronze:DelayedGuard","floor":4.0},{"not_picked":["bronze:Deprecate","bronze:Shell"],"picked":"bronze:InfiniteLoop","floor":5.0},{"not_picked":["bronze:FineTuning","bronze:WhirlingStrike"],"picked":"bronze:InfiniteBeams","floor":6.0},{"not_picked":["bronze:Constructor","bronze:Boost"],"picked":"bronze:ItsAFeature","floor":9.0},{"not_picked":["bronze:Separator","bronze:Deprecate"],"picked":"bronze:BronzeOrb","floor":10.0},{"not_picked":["bronze:Allocate","bronze:ClassDefault"],"picked":"bronze:Iterate","floor":13.0},{"not_picked":["bronze:Constructor","bronze:Shield"],"picked":"bronze:Frontload","floor":15.0},{"not_picked":["bronze:Format","bronze:CleanCode"],"picked":"bronze:Break","floor":16.0},{"not_picked":["bronze:Shell","bronze:Invalidate","bronze:MaxOutput"],"picked":"Singing Bowl","floor":20.0},{"not_picked":["bronze:WhirlingStrike","bronze:BuggyMess","bronze:WildBeam+1"],"picked":"Singing Bowl","floor":22.0},{"not_picked":["bronze:WildBeam","bronze:Overheat"],"picked":"bronze:DelayedSlice","floor":23.0},{"not_picked":["bronze:ForceShield","bronze:Constructor+1"],"picked":"bronze:Separator+1","floor":25.0},{"not_picked":["bronze:InfiniteLoop","bronze:Frontload+1","bronze:CutThrough"],"picked":"Singing Bowl","floor":26.0},{"not_picked":["bronze:Turbo","bronze:BugBarrage","bronze:Philosophize"],"picked":"Singing Bowl","floor":28.0},{"not_picked":["bronze:WhirlingStrike","bronze:Branch"],"picked":"bronze:RecursiveStrike","floor":31.0},{"not_picked":["bronze:Allocate","bronze:BitShift","bronze:Fortify"],"picked":"Singing Bowl","floor":32.0},{"not_picked":["bronze:ThunderWave","bronze:Format"],"picked":"bronze:AlphaBuild","floor":33.0},{"not_picked":["bronze:DelayedSlice+1","bronze:BitShift"],"picked":"bronze:BronzeOrb+1","floor":36.0},{"not_picked":["bronze:Branch","bronze:Philosophize+1","bronze:FollowUp"],"picked":"Singing Bowl","floor":37.0},{"not_picked":["bronze:Frontload+1","bronze:BitShift+1","bronze:Repair+1"],"picked":"Singing Bowl","floor":38.0},{"not_picked":["bronze:WhirlingStrike","bronze:Invalidate"],"picked":"bronze:ChosenStrike","floor":40.0},{"not_picked":["bronze:Return","bronze:Allocate+1","bronze:DelayedSlice+1"],"picked":"Singing Bowl","floor":42.0},{"not_picked":["bronze:ClassDefault","bronze:Fortify+1","bronze:WildBeam"],"picked":"Singing Bowl","floor":45},{"not_picked":["bronze:Fortify","bronze:BitShift","bronze:WildBeam"],"picked":"Singing Bowl","floor":48},{"not_picked":["bronze:FollowUp","bronze:BugBarrage+1","bronze:InfiniteBeams"],"picked":"Singing Bowl","floor":49}],"player_experience":1039635,"relics_obtained":[{"floor":2.0,"key":"LetterFromLob"},{"floor":7.0,"key":"Singing Bowl"},{"floor":9.0,"key":"Replay:Lucky Slots"},{"floor":18.0,"key":"Cursed Key"},{"floor":24.0,"key":"BookofShadows"},{"floor":29.0,"key":"Bromod:ArcaneGuardian"},{"floor":41.0,"key":"PokeGo"},{"floor":45,"key":"halation:BlackBeret"}],"event_choices":[{"damage_healed":0.0,"max_hp_gain":0.0,"max_hp_loss":0.0,"gold_gain":0.0,"event_name":"Living Wall","player_choice":"Grow","floor":12.0,"gold_loss":0.0,"damage_taken":0.0,"cards_upgraded":["bronze:InfiniteBeams"]}],"is_beta":false,"boss_relics":[{"not_picked":["halation:HeavySnake","Bromod:ArcaneTempo"],"picked":"halation:Jellyphish"},{"not_picked":[]},{"not_picked":["Replay:Bandana","DollysMirror"],"picked":"Shuriken"},{"not_picked":[]}],"items_purged_floors":[],"is_endless":false,"potions_floor_spawned":[2,6,13,15,16,22,25,26,31,33,36,37,42,48],"ascension_level":20}}