{"host":"agbyy69nq62afhwx","time":1611605421,"event":{"mods":["BaseMod","Colored Map","DeckTracker","Highlight Path","Keyboard Shortcuts","Minty Spire (QoL Compilation)","Quick Restart","StSLib","SuperFastMode","everything is the same but u backflip on backflip"],"gold_per_floor":[118,129,149,149,149,149,176,176,176,276,18,28,46,57,57,131,131,147,162,86,86,86],"floor_reached":21,"language":"KOR","playtime":452,"items_purged":["Strike_B"],"score":353,"play_id":"addb59c8-c79b-4661-ab6d-435f96866eee","local_time":"20210126051021","is_ascension_mode":true,"campfire_choices":[{"data":"Doom and Gloom","floor":6.0,"key":"SMITH"},{"floor":8.0,"key":"REST"},{"data":"Sunder","floor":15.0,"key":"SMITH"}],"circlet_count":0,"master_deck":["AscendersBane","Strike_B","Strike_B+1","Defend_B","Defend_B","Defend_B","Defend_B","Zap","Dualcast","Dark Shackles","Glacier","Doom and Gloom+1","Recycle+1","Core Surge","Static Discharge+1","Finesse","Sunder+1","Biased Cognition+1","White Noise+1","Self Repair+1"],"relics":["Cracked Core","Frozen Egg 2","Blue Candle","Philosopher\u0027s Stone"],"acts_visited":["Exordium","TheCity"],"potions_floor_usage":[19,21],"damage_taken":[{"damage":9.0,"enemies":"Small Slimes","floor":1.0,"turns":3.0},{"damage":1.0,"enemies":"Jaw Worm","floor":2.0,"turns":4.0},{"damage":0.0,"enemies":"Cultist","floor":3.0,"turns":3.0},{"damage":19.0,"enemies":"Gremlin Nob","floor":7.0,"turns":4.0},{"damage":0.0,"enemies":"Blue Slaver","floor":12.0,"turns":3.0},{"damage":3.0,"enemies":"3 Louse","floor":13.0,"turns":2.0},{"damage":4.0,"enemies":"Large Slime","floor":14.0,"turns":5.0},{"damage":14.0,"enemies":"Slime Boss","floor":16.0,"turns":8.0},{"damage":7.0,"enemies":"Spheric Guardian","floor":18.0,"turns":3.0},{"damage":35,"enemies":"3 Byrds","floor":19,"turns":2},{"damage":24,"enemies":"Shelled Parasite and Fungi","floor":21,"turns":1}],"seed_played":"315366081003866496","potions_obtained":[{"floor":3.0,"key":"SpeedPotion"},{"floor":12.0,"key":"ColorlessPotion"},{"floor":14.0,"key":"Regen Potion"},{"floor":16.0,"key":"SpeedPotion"}],"is_trial":false,"path_per_floor":["M","M","M","?","?","R","E","R","T","?","$","M","M","M","R","B",null,"M","M","$","M"],"character_chosen":"DEFECT","items_purchased":["Static Discharge+1","Finesse","Self Repair+1"],"campfire_rested":1,"item_purchase_floors":[11,11,20],"current_hp_per_floor":[55,54,54,33,33,33,14,35,35,35,35,35,32,28,28,14,57,50,15,15,0,0],"gold":86,"neow_bonus":"RANDOM_COLORLESS","is_daily":false,"chose_seed":false,"campfire_upgraded":2,"win_rate":0.0,"timestamp":1611605421,"path_taken":["M","M","M","?","?","R","E","R","T","?","$","M","?","M","R","BOSS","M","M","$","M"],"items_purchased_type":["Card","Card","Card"],"build_version":"2020-12-22","purchased_purges":1,"victory":false,"max_hp_per_floor":[71,71,71,71,71,71,71,71,71,71,71,71,71,71,71,71,71,71,71,71,71,71],"card_choices":[{"not_picked":["Impatience","Trip"],"picked":"Dark Shackles","floor":0.0},{"not_picked":["Streamline","Reinforced Body"],"picked":"Glacier","floor":1.0},{"not_picked":["Loop","Consume"],"picked":"Doom and Gloom","floor":2.0},{"not_picked":["Stack","Heatsinks"],"picked":"Recycle","floor":3.0},{"not_picked":["Doom and Gloom","Ball Lightning"],"picked":"Core Surge","floor":7.0},{"not_picked":["Rip and Tear","Stack"],"picked":"Sunder","floor":12.0},{"not_picked":["Force Field","Sunder","Rip and Tear"],"picked":"SKIP","floor":13.0},{"not_picked":["Steam","Hologram","Force Field"],"picked":"SKIP","floor":14.0},{"not_picked":["Electrodynamics+1","Machine Learning+1"],"picked":"Biased Cognition+1","floor":16.0},{"not_picked":["Gash+1","Sweeping Beam","Stack"],"picked":"SKIP","floor":18.0},{"not_picked":["Force Field","Doom and Gloom+1"],"picked":"White Noise+1","floor":19}],"player_experience":471757,"relics_obtained":[{"floor":7.0,"key":"Frozen Egg 2"},{"floor":9.0,"key":"Blue Candle"}],"event_choices":[{"damage_healed":0.0,"max_hp_gain":0.0,"max_hp_loss":0.0,"gold_gain":0.0,"event_name":"Shining Light","player_choice":"Entered Light","floor":4.0,"gold_loss":0.0,"damage_taken":21.0,"cards_upgraded":["Recycle","Strike_B"]},{"cards_removed":["Strike_B"],"damage_healed":0.0,"max_hp_gain":0.0,"max_hp_loss":0.0,"gold_gain":0.0,"event_name":"Living Wall","player_choice":"Forget","floor":5.0,"gold_loss":0.0,"damage_taken":0.0},{"damage_healed":0.0,"max_hp_gain":0.0,"max_hp_loss":0.0,"gold_gain":100.0,"event_name":"Wheel of Change","player_choice":"Gold","floor":10.0,"gold_loss":0.0,"damage_taken":0.0}],"is_beta":false,"boss_relics":[{"not_picked":["Nuclear Battery","Calling Bell"],"picked":"Philosopher\u0027s Stone"}],"items_purged_floors":[11],"is_endless":false,"potions_floor_spawned":[3,12,14,16],"killed_by":"Shelled Parasite and Fungi","ascension_level":19}}