{"host":"s9n53dspxjwkh5no","time":1611536887,"event":{"mods":["AchievementEnabler","Aspiration","Bard","BaseMod","Beaked The Cultist","Better Altar","Better Match","Better Note","Better Sensory Stone","Better Skull","Better Third Choice","BetterRewards","Colored Map","Colored Powertips","Conspire","Dio Mod","Disable Question Mark Monsters","Downfall","Energized Spire","Halation","Hermit","Hubris","Jorbs\u0027s Wanderer Trilogy","Koishi","Marisa????????","Marked Mod","Melee Mod","Minty Spire (QoL Compilation)","Quarter Circle Forward PUNCH!","Quick Restart","RRrroohrrRGHHhhh!!","Random Character Button","Rare Cards Sparkle","Reimu??????","Relic Stats","Remilia??????","Replay The Spire","Shade Mod","Small Relic Pack","Spicy Shops","Spire Arcade","StSLib","The Animator","The Bug Knight","The Construct","The Disciple","The Hierophant","The Mystic","The Problem Sleuth","The Runesmith","The Senshi","The Servant 0.9.4","The Valiant","The Wild Card","TheBandit","TheVacant","Wandering Minibosses"],"gold_per_floor":[118,118,134,134,154,183,198,198,274,199,229,404,26,37,37,138,138,138],"floor_reached":17,"language":"ENG","playtime":691,"items_purged":[],"score":215,"play_id":"f8eee969-832c-45f0-bf45-71e72a1b3b4d","local_time":"20210124180807","is_ascension_mode":false,"campfire_choices":[{"floor":8,"key":"REST"},{"floor":15,"key":"REST"}],"circlet_count":0,"master_deck":["Strike_P","Strike_P","Strike_P","Strike_P","Defend_P","Defend_P","Defend_P","Defend_P","Eruption","Vigilance","CrushJoints+1","CutThroughFate","JustLucky","Wallop","BowlingBash","WheelKick","Protect","Judgement","rorgmod:Follow-Up","Doubt","MarkedMod:OneThousandNeedles","MarkedMod:GracefulMovements","SignatureMove","MarkedMod:GentlePulse","Wish"],"relics":["PureWater","NeowsBlessing","aspiration:BabyByrd","halation:PrussianBluePaint","Bronze Scales","ClockworkSouvenir","Replay:Grab Bag","bronze:MakeshiftBattery","halation:IncompleteEncyclopedia","qcfpunch:Dark_Gi"],"acts_visited":["Exordium","TheCity"],"potions_floor_usage":[],"damage_taken":[{"damage":0,"enemies":"Cultist","floor":1,"turns":1},{"damage":0,"enemies":"Jaw Worm","floor":3,"turns":1},{"damage":0,"enemies":"2 Louse","floor":5,"turns":1},{"damage":37,"enemies":"3 Sentries","floor":6,"turns":8},{"damage":0,"enemies":"Red Slaver","floor":7,"turns":4},{"damage":21,"enemies":"Gremlin Nob","floor":11,"turns":4},{"damage":0,"enemies":"Large Slime","floor":14,"turns":3},{"damage":0,"enemies":"Slime Boss","floor":16,"turns":9}],"seed_played":"-1954781094129979032","potions_obtained":[{"floor":5,"key":"Reflective Coating"},{"floor":6,"key":"Energy Potion"},{"floor":16,"key":"Languid Potion"}],"is_trial":false,"path_per_floor":["M","?","M","?","M","E","M","R","T","?","E","?","$","M","R","B",null],"character_chosen":"WATCHER","items_purchased":["MarkedMod:OneThousandNeedles","MarkedMod:GracefulMovements","ClockworkSouvenir","SignatureMove"],"campfire_rested":2,"item_purchase_floors":[13,13,13,13],"current_hp_per_floor":[72,72,72,72,72,35,35,56,56,56,35,35,35,35,56,56,47,47],"gold":138,"neow_bonus":"THREE_ENEMY_KILL","is_daily":false,"chose_seed":false,"campfire_upgraded":0,"win_rate":0.0,"timestamp":1611536887,"path_taken":["M","?","M","?","M","E","M","R","T","?","E","?","?","M","R","BOSS"],"items_purchased_type":["Card","Card","Relic","Card"],"build_version":"2020-12-22","purchased_purges":0,"victory":false,"max_hp_per_floor":[72,72,72,72,72,72,72,72,72,72,72,72,72,72,72,72,47,47],"relic_stats":{"counters":[8,31],"Bronze Scales":[6],"obtain_stats":[{"NeowsBlessing":0,"aspiration:BabyByrd":4,"halation:PrussianBluePaint":6,"Bronze Scales":11,"Replay:Grab Bag":17,"qcfpunch:Dark_Gi":17,"PureWater":0,"bronze:MakeshiftBattery":17,"ClockworkSouvenir":13,"halation:IncompleteEncyclopedia":17},{"NeowsBlessing":0,"aspiration:BabyByrd":2,"halation:PrussianBluePaint":4,"Bronze Scales":6,"Replay:Grab Bag":8,"qcfpunch:Dark_Gi":8,"PureWater":0,"bronze:MakeshiftBattery":8,"ClockworkSouvenir":6,"halation:IncompleteEncyclopedia":8},{"NeowsBlessing":0,"aspiration:BabyByrd":2,"halation:PrussianBluePaint":11,"Bronze Scales":19,"Replay:Grab Bag":31,"qcfpunch:Dark_Gi":31,"PureWater":0,"bronze:MakeshiftBattery":31,"ClockworkSouvenir":19,"halation:IncompleteEncyclopedia":31}]},"card_choices":[{"not_picked":["LikeWater","Replay:Battleflow"],"picked":"CrushJoints","floor":1},{"not_picked":["Crescendo","Evaluate"],"picked":"CutThroughFate","floor":3},{"not_picked":["Replay:Cycle","ClearTheMind"],"picked":"JustLucky","floor":5},{"not_picked":["Omniscience","SandsOfTime"],"picked":"Wallop","floor":6},{"not_picked":["InnerPeace","EmptyFist"],"picked":"BowlingBash","floor":7},{"not_picked":["Wallop","Replay:Battleflow"],"picked":"WheelKick","floor":10},{"not_picked":["Replay:AtTheReady","MarkedMod:GentlePulse"],"picked":"Protect","floor":10},{"not_picked":["DeusExMachina","Wish"],"picked":"Judgement","floor":10},{"not_picked":["Establishment","DeceiveReality"],"picked":"rorgmod:Follow-Up","floor":11},{"not_picked":["BowlingBash","FlyingSleeves"],"picked":"MarkedMod:GentlePulse","floor":14},{"not_picked":["Vault","MasterReality"],"picked":"Wish","floor":16}],"player_experience":380721,"relics_obtained":[{"floor":6,"key":"halation:PrussianBluePaint"},{"floor":11,"key":"Bronze Scales"}],"event_choices":[{"damage_healed":0,"gold_gain":0,"player_choice":"Grow","damage_taken":0,"max_hp_gain":0,"max_hp_loss":0,"event_name":"Living Wall","floor":2,"gold_loss":0,"cards_upgraded":["CrushJoints"]},{"damage_healed":0,"gold_gain":0,"player_choice":"1","damage_taken":0,"max_hp_gain":0,"max_hp_loss":0,"event_name":"betterMatch:BetterMatch","floor":10,"gold_loss":0,"cards_obtained":["betterMatch:UncommonCard","betterMatch:CommonCard","betterMatch:RareCard"]},{"damage_healed":0,"gold_gain":175,"player_choice":"AGREE","damage_taken":229,"max_hp_gain":0,"max_hp_loss":0,"event_name":"betterThird:BetterSerpent","floor":12,"gold_loss":0}],"is_beta":false,"boss_relics":[{"not_picked":["construct:WeddingRing","energizedSpire:NeverEndingSparkler"],"picked":"Replay:Grab Bag"},{"not_picked":["hubris:CrackedHourglass","hubris:TerracottaHorce"],"picked":"bronze:MakeshiftBattery"},{"not_picked":["Fusion Hammer","halation:ForbiddenBikini"],"picked":"halation:IncompleteEncyclopedia"},{"not_picked":["halation:PlatinumPhoenix","Replay:Drink Me"],"picked":"qcfpunch:Dark_Gi"}],"items_purged_floors":[],"is_endless":false,"potions_floor_spawned":[5,6,16],"ascension_level":0}}