{"host":"Mute","time":1611586490,"event":{"mods":["BaseMod","Colored Map","Downfall","Minty Spire (QoL Compilation)","StSLib"],"gold_per_floor":[99,113,123,138,151,326,353,368,368,368,368],"floor_reached":9,"language":"ENG","playtime":933,"items_purged":[],"score":55,"play_id":"7392b1d8-4511-4ab2-a1d2-8e5424a0f8dc","local_time":"20210125095450","is_ascension_mode":false,"campfire_choices":[{"data":"bronze:Replicate","floor":1,"key":"SMITH"}],"circlet_count":0,"master_deck":["bronze:Strike","bronze:Strike","bronze:Strike","bronze:Strike","bronze:Defend","bronze:Defend","bronze:Defend","bronze:Defend","bronze:Replicate+1","bronze:Goto","bronze:BurnOut","bronze:ForLoop","bronze:WhirlingStrike","bronze:Turbo","bronze:WildBeam","Doubt","bronze:Flail"],"relics":["bronze:BronzeCore","Anchor"],"acts_visited":["Exordium"],"potions_floor_usage":[],"damage_taken":[{"damage":17,"enemies":"Jaw Worm","floor":2,"turns":5},{"damage":2,"enemies":"Small Slimes","floor":3,"turns":4},{"damage":2,"enemies":"2 Louse","floor":4,"turns":2},{"damage":6,"enemies":"Red Slaver","floor":5,"turns":3},{"damage":0,"enemies":"3 Louse","floor":8,"turns":2},{"damage":47,"enemies":"Lagavulin","floor":9,"turns":6}],"seed_played":"3966053500984410066","potions_obtained":[{"floor":2,"key":"AttackPotion"},{"floor":5,"key":"Ancient Potion"}],"is_trial":false,"path_per_floor":["R","M","M","M","M","?","T","M","E"],"character_chosen":"THE_AUTOMATON","items_purchased":[],"campfire_rested":0,"item_purchase_floors":[],"current_hp_per_floor":[70,53,51,49,43,43,43,43,0,0,0],"gold":368,"neow_bonus":"ONE_RANDOM_RARE_CARD","is_daily":false,"chose_seed":false,"campfire_upgraded":1,"win_rate":0.0,"timestamp":1611586490,"path_taken":["R","M","M","M","M","?","T","M","E"],"items_purchased_type":[],"build_version":"2020-12-18","purchased_purges":0,"victory":false,"max_hp_per_floor":[70,70,70,70,70,70,70,70,70,70,70],"card_choices":[{"not_picked":["bronze:BronzeOrb","bronze:Philosophize"],"picked":"bronze:ForLoop","floor":2},{"not_picked":["bronze:Shield","bronze:Branch"],"picked":"bronze:WhirlingStrike","floor":3},{"not_picked":["bronze:Frontload","bronze:ForceShield"],"picked":"bronze:Turbo","floor":4},{"not_picked":["bronze:Shield","bronze:Branch"],"picked":"bronze:WildBeam","floor":5},{"not_picked":["bronze:Branch","bronze:Invalidate"],"picked":"bronze:Flail","floor":8}],"player_experience":440627,"relics_obtained":[{"floor":7,"key":"Anchor"}],"event_choices":[],"is_beta":true,"boss_relics":[],"items_purged_floors":[],"is_endless":false,"potions_floor_spawned":[2,5],"killed_by":"Lagavulin","ascension_level":0}}