{"host":"qgpqu878cmwvz894","time":1611562663,"event":{"mods":["AchievementEnabler","BaseMod","Colored Map","Hermit","Minty Spire (QoL Compilation)","Rare Cards Sparkle","StSLib","SuperFastMode"],"gold_per_floor":[112,112,112,126,139,139,139,165,216,216,141,157,157,168,168,268,268,279,279,311,311,311,311,10,10,33,61,61,61,61,77,77,77,77],"floor_reached":33,"language":"KOR","playtime":1840,"items_purged":["hermit:Defend_Hermit","hermit:Manifest"],"score":259,"play_id":"54ff2d7f-2d0c-4539-9f43-befaa91fcec2","local_time":"20210125171743","is_ascension_mode":false,"campfire_choices":[{"floor":6,"key":"RECALL"},{"data":"hermit:EyeOfTheStorm","floor":10,"key":"SMITH"},{"data":"hermit:Reprieve","floor":13,"key":"SMITH"},{"data":"hermit:Snapshot","floor":15,"key":"SMITH"},{"data":"hermit:Roulette","floor":23,"key":"SMITH"},{"floor":25,"key":"REST"},{"data":"hermit:BodyArmor","floor":28,"key":"SMITH"},{"data":"hermit:Dive","floor":30,"key":"SMITH"},{"floor":32,"key":"REST"}],"circlet_count":0,"master_deck":["hermit:Strike_Hermit","hermit:Strike_Hermit","hermit:Strike_Hermit","hermit:Strike_Hermit","hermit:Defend_Hermit","hermit:Defend_Hermit","hermit:Defend_Hermit","hermit:Snapshot+1","hermit:Covet","hermit:Reprieve+1","hermit:EyeOfTheStorm+1","hermit:Dive+1","hermit:Roulette+1","hermit:Glare","hermit:Magnum","hermit:Misfire+1","hermit:Quickdraw+1","hermit:BodyArmor+1","hermit:FinalCanter","hermit:SprayPray"],"relics":["hermit:Momento","Black Blood","Ancient Tea Set","Toy Ornithopter","SlaversCollar","MutagenicStrength","Red Mask","Question Card","Nunchaku","Art of War","Bag of Marbles"],"acts_visited":["Exordium","TheCity"],"potions_floor_usage":[1,12,16,20,27],"damage_taken":[{"damage":0,"enemies":"Small Slimes","floor":1,"turns":3},{"damage":10,"enemies":"Jaw Worm","floor":4,"turns":4},{"damage":5,"enemies":"Cultist","floor":5,"turns":4},{"damage":52,"enemies":"Lagavulin","floor":8,"turns":9},{"damage":6,"enemies":"Blue Slaver","floor":12,"turns":6},{"damage":0,"enemies":"Red Slaver","floor":14,"turns":4},{"damage":56,"enemies":"The Guardian","floor":16,"turns":10},{"damage":26,"enemies":"Shell Parasite","floor":18,"turns":7},{"damage":67,"enemies":"Masked Bandits","floor":20,"turns":6},{"damage":20,"enemies":"Book of Stabbing","floor":27,"turns":6},{"damage":31,"enemies":"2 Thieves","floor":31,"turns":5},{"damage":176,"enemies":"Collector","floor":33,"turns":20}],"seed_played":"2406971030904446036","potions_obtained":[{"floor":1,"key":"Fruit Juice"},{"floor":8,"key":"Dexterity Potion"},{"floor":14,"key":"SteroidPotion"},{"floor":18,"key":"Weak Potion"},{"floor":20,"key":"LiquidMemories"}],"is_trial":false,"path_per_floor":["M","?","?","M","M","R","?","E","T","R","$","M","R","M","R","B",null,"M","?","?","?","?","R","$","R","T","E","R","$","R","M","R","B"],"character_chosen":"HERMIT","items_purchased":["Nunchaku","hermit:BodyArmor"],"campfire_rested":2,"item_purchase_floors":[24,24],"current_hp_per_floor":[80,38,43,45,56,56,56,20,20,20,20,35,35,51,51,31,80,66,66,16,16,16,16,16,40,40,45,45,45,45,30,54,0,0],"gold":77,"neow_bonus":"ONE_RANDOM_RARE_CARD","is_daily":false,"chose_seed":false,"campfire_upgraded":6,"win_rate":0.0,"timestamp":1611562663,"path_taken":["M","?","?","M","?","R","?","E","T","R","$","M","R","M","R","BOSS","M","?","?","?","?","R","$","R","T","E","R","$","R","?","R","BOSS"],"items_purchased_type":["Relic","Card"],"build_version":"2020-12-22","purchased_purges":2,"victory":false,"max_hp_per_floor":[80,80,80,80,80,80,80,80,80,80,80,80,80,80,80,80,80,80,80,80,80,80,80,80,80,80,80,80,80,80,80,80,80,80],"card_choices":[{"not_picked":["hermit:Deadeye","hermit:ItchyTrigger"],"picked":"hermit:Roulette","floor":1},{"not_picked":["hermit:Malice","hermit:HoleUp"],"picked":"hermit:EyeOfTheStorm","floor":4},{"not_picked":["hermit:TakeAim","hermit:Deadeye"],"picked":"hermit:Dive","floor":5},{"not_picked":["hermit:Purgatory","hermit:Dive"],"picked":"hermit:Manifest","floor":8},{"not_picked":["hermit:WideOpen","hermit:Coalescence"],"picked":"hermit:Roulette","floor":12},{"not_picked":["hermit:Desperado","hermit:Snipe"],"picked":"hermit:Glare","floor":14},{"not_picked":["hermit:HighNoon","hermit:RoundhouseKick"],"picked":"hermit:Magnum","floor":16},{"not_picked":["hermit:HoleUp","hermit:Dive+1"],"picked":"hermit:Misfire+1","floor":18},{"not_picked":["hermit:TrackingShot","hermit:Manifest+1"],"picked":"hermit:Quickdraw+1","floor":20},{"not_picked":["hermit:BigShot","hermit:OverwhelmingPower","hermit:TakeAim"],"picked":"hermit:FinalCanter","floor":27},{"not_picked":["hermit:Snipe","hermit:Ricochet","hermit:Vantage"],"picked":"hermit:SprayPray","floor":31}],"player_experience":136772,"relics_obtained":[{"floor":8,"key":"Toy Ornithopter"},{"floor":20,"key":"Red Mask"},{"floor":26,"key":"Art of War"},{"floor":27,"key":"Bag of Marbles"}],"event_choices":[{"damage_healed":0,"gold_gain":0,"player_choice":"Success","damage_taken":42,"relics_obtained":["Ancient Tea Set"],"max_hp_gain":0,"max_hp_loss":0,"event_name":"Scrap Ooze","floor":2,"gold_loss":0},{"cards_removed":["hermit:Roulette"],"damage_healed":5,"gold_gain":0,"player_choice":"Offered Common","damage_taken":0,"max_hp_gain":0,"max_hp_loss":0,"event_name":"Bonfire Elementals","floor":3,"gold_loss":0},{"cards_removed":["hermit:Roulette"],"damage_healed":5,"gold_gain":0,"player_choice":"Offered Special","damage_taken":0,"max_hp_gain":0,"max_hp_loss":0,"event_name":"Bonfire Elementals","floor":3,"gold_loss":0},{"damage_healed":0,"gold_gain":0,"player_choice":"Ignored","damage_taken":0,"max_hp_gain":0,"max_hp_loss":0,"event_name":"NoteForYourself","floor":7,"gold_loss":0},{"damage_healed":0,"gold_gain":0,"player_choice":"Inject Mutagens","damage_taken":0,"relics_obtained":["MutagenicStrength"],"max_hp_gain":0,"max_hp_loss":0,"event_name":"Drug Dealer","floor":19,"gold_loss":0},{"damage_healed":0,"gold_gain":0,"player_choice":"Fought Bandits","damage_taken":0,"max_hp_gain":0,"max_hp_loss":0,"event_name":"Masked Bandits","floor":20,"gold_loss":0},{"damage_healed":0,"gold_gain":0,"player_choice":"Ignored","damage_taken":0,"max_hp_gain":0,"max_hp_loss":0,"event_name":"Ghosts","floor":21,"gold_loss":0},{"damage_healed":0,"gold_gain":0,"player_choice":"Opened","damage_taken":0,"relics_obtained":["Question Card"],"max_hp_gain":0,"max_hp_loss":0,"event_name":"The Mausoleum","floor":22,"gold_loss":0}],"is_beta":false,"boss_relics":[{"not_picked":["Velvet Choker","Fusion Hammer"],"picked":"SlaversCollar"}],"items_purged_floors":[11,24],"is_endless":false,"potions_floor_spawned":[1,8,14,18,20],"killed_by":"Collector","ascension_level":0}}