{"host":"iph0xvuia0glosgr","time":1611585156,"event":{"mods":["AchievementEnabler","BaseMod","Minty Spire (QoL Compilation)"],"gold_per_floor":[364,364,381,27,202,202,220,251,551,551,561,561,561,530,530,628,628,641,349,364,379,379,379,414,433,433,433,127,147,147,173,173,268,268,284,18,37,37,37,37,37],"floor_reached":40,"language":"ENG","playtime":2649,"items_purged":["Scrape","Doubt"],"score":447,"play_id":"9e93fa4e-8e52-4488-adb6-2f3d524a77a2","local_time":"20210125143236","is_ascension_mode":false,"campfire_choices":[{"floor":6,"key":"REST"},{"floor":10,"key":"REST"},{"floor":12,"key":"REST"},{"data":"Defragment","floor":15,"key":"SMITH"},{"floor":23,"key":"REST"},{"floor":27,"key":"REST"},{"floor":30,"key":"REST"},{"data":"Zap","floor":32,"key":"SMITH"}],"circlet_count":0,"master_deck":["Strike_B","Strike_B+1","Strike_B","Strike_B","Defend_B","Defend_B","Defend_B","Defend_B","Zap+1","Dualcast","Conserve Battery+1","Sunder","Reinforced Body+1","Defragment+1","Tempest+1","Barrage","Core Surge","Tempest+1","Stack+1","Auto Shields+1","Reinforced Body+1","Chaos+1","Leap+1","Self Repair","Leap+1","BootSequence+1","Beam Cell","Multi-Cast+1","Core Surge","Turbo+1","Static Discharge","Trip+1"],"relics":["Cracked Core","Toxic Egg 2","Lizard Tail","Old Coin","White Beast Statue","Black Star","Chemical X","Regal Pillow","Incense Burner","Oddly Smooth Stone","Anchor","Singing Bowl","Nunchaku"],"acts_visited":["Exordium","TheCity","TheBeyond"],"potions_floor_usage":[7,16,18,24,25,25,31,33,33,33,37,40],"damage_taken":[{"damage":3,"enemies":"Small Slimes","floor":1,"turns":3},{"damage":7,"enemies":"2 Louse","floor":3,"turns":3},{"damage":6,"enemies":"Jaw Worm","floor":7,"turns":2},{"damage":21,"enemies":"3 Sentries","floor":8,"turns":6},{"damage":0,"enemies":"2 Fungi Beasts","floor":11,"turns":3},{"damage":16,"enemies":"Slime Boss","floor":16,"turns":7},{"damage":22,"enemies":"Shell Parasite","floor":18,"turns":7},{"damage":15,"enemies":"2 Thieves","floor":20,"turns":3},{"damage":10,"enemies":"Snecko","floor":21,"turns":4},{"damage":31,"enemies":"Gremlin Leader","floor":24,"turns":6},{"damage":14,"enemies":"Shelled Parasite and Fungi","floor":25,"turns":4},{"damage":0,"enemies":"Snake Plant","floor":29,"turns":4},{"damage":10,"enemies":"Book of Stabbing","floor":31,"turns":6},{"damage":86,"enemies":"Collector","floor":33,"turns":12},{"damage":5,"enemies":"3 Shapes","floor":35,"turns":3},{"damage":3,"enemies":"3 Darklings","floor":37,"turns":6},{"damage":102,"enemies":"Giant Head","floor":40,"turns":12}],"seed_played":"-8318816831955153909","potions_obtained":[{"floor":3,"key":"DistilledChaos"},{"floor":11,"key":"BlessingOfTheForge"},{"floor":16,"key":"Swift Potion"},{"floor":18,"key":"PotionOfCapacity"},{"floor":20,"key":"FocusPotion"},{"floor":21,"key":"Block Potion"},{"floor":24,"key":"Strength Potion"},{"floor":25,"key":"Ancient Potion"},{"floor":29,"key":"Block Potion"},{"floor":31,"key":"SkillPotion"},{"floor":33,"key":"GamblersBrew"},{"floor":35,"key":"PotionOfCapacity"},{"floor":37,"key":"Weak Potion"}],"is_trial":false,"path_per_floor":["M","?","M","$","?","R","M","E","T","R","M","R","T","?","R","B",null,"M","$","M","M","?","R","E","M","T","R","$","M","R","E","R","B",null,"M","$","M","?","?","E"],"character_chosen":"DEFECT","items_purchased":["Toxic Egg 2","Reinforced Body+1","Scrape","Chemical X","Stack+1","Redo+1","Self Repair","Anchor","Leap+1","BootSequence+1","Static Discharge","Trip+1"],"campfire_rested":6,"item_purchase_floors":[4,4,4,19,19,19,28,28,28,28,36,36],"current_hp_per_floor":[51,36,29,29,29,51,45,24,24,46,46,68,68,68,68,52,75,53,53,38,28,28,50,19,5,5,42,42,49,75,72,72,33,75,75,75,74,76,76,0,0],"gold":37,"neow_bonus":"TWO_FIFTY_GOLD","is_daily":false,"chose_seed":false,"campfire_upgraded":2,"win_rate":0.0,"timestamp":1611585156,"path_taken":["M","?","M","$","?","R","M","E","T","R","M","R","?","?","R","BOSS","M","$","M","M","?","R","E","?","T","R","$","M","R","E","R","BOSS","M","$","M","?","?","E"],"items_purchased_type":["Relic","Card","Card","Relic","Card","Card","Card","Relic","Card","Card","Card","Card"],"build_version":"2020-12-22","purchased_purges":2,"victory":false,"max_hp_per_floor":[75,75,75,75,75,75,75,75,75,75,75,75,75,75,75,75,75,75,75,75,75,75,75,75,75,75,75,75,75,75,75,75,75,75,75,75,77,79,79,79,79],"card_choices":[{"not_picked":["Sweeping Beam","Beam Cell"],"picked":"Conserve Battery","floor":1},{"not_picked":["Leap","Force Field"],"picked":"Sunder","floor":3},{"not_picked":["Sweeping Beam","Cold Snap"],"picked":"Defragment","floor":7},{"not_picked":["White Noise+1","Rip and Tear"],"picked":"Tempest+1","floor":8},{"not_picked":["Rebound","Sweeping Beam"],"picked":"Barrage","floor":11},{"not_picked":["Fission+1","Rainbow+1"],"picked":"Core Surge","floor":16},{"not_picked":["Storm","Rip and Tear+1"],"picked":"Tempest+1","floor":18},{"not_picked":["Gash","Turbo+1"],"picked":"Auto Shields+1","floor":20},{"not_picked":["Hologram+1","Storm"],"picked":"Reinforced Body+1","floor":21},{"not_picked":["FTL","Hyperbeam"],"picked":"Chaos+1","floor":24},{"not_picked":["Lockon","Rebound"],"picked":"Leap+1","floor":25},{"not_picked":["Steam+1","Leap+1"],"picked":"Beam Cell","floor":29},{"not_picked":["Capacitor+1","Conserve Battery+1"],"picked":"Multi-Cast+1","floor":31},{"not_picked":["Meteor Strike","All For One"],"picked":"Core Surge","floor":33},{"not_picked":["Cold Snap","Gash+1"],"picked":"Turbo+1","floor":35},{"not_picked":["Gash","Static Discharge","FTL"],"picked":"Singing Bowl","floor":37},{"not_picked":["Flash of Steel","Bandage Up+1","Forethought+1"],"picked":"Singing Bowl","floor":38}],"player_experience":249912,"relics_obtained":[{"floor":8,"key":"Lizard Tail"},{"floor":9,"key":"Old Coin"},{"floor":13,"key":"White Beast Statue"},{"floor":24,"key":"Regal Pillow"},{"floor":24,"key":"Incense Burner"},{"floor":26,"key":"Oddly Smooth Stone"},{"floor":31,"key":"Singing Bowl"},{"floor":31,"key":"Nunchaku"}],"event_choices":[{"damage_healed":0,"gold_gain":0,"player_choice":"Entered Light","damage_taken":15,"max_hp_gain":0,"max_hp_loss":0,"event_name":"Shining Light","floor":2,"gold_loss":0,"cards_upgraded":["Strike_B","Conserve Battery"]},{"damage_healed":0,"gold_gain":175,"player_choice":"AGREE","damage_taken":0,"max_hp_gain":0,"max_hp_loss":0,"event_name":"Liars Game","floor":5,"gold_loss":0,"cards_obtained":["Doubt"]},{"damage_healed":0,"gold_gain":0,"player_choice":"Left Gold","damage_taken":0,"max_hp_gain":0,"max_hp_loss":0,"event_name":"World of Goop","floor":14,"gold_loss":31},{"damage_healed":0,"gold_gain":0,"player_choice":"Ignored","damage_taken":0,"max_hp_gain":0,"max_hp_loss":0,"event_name":"N\u0027loth","floor":22,"gold_loss":0},{"damage_healed":0,"gold_gain":0,"player_choice":"Memory 1","damage_taken":0,"max_hp_gain":0,"max_hp_loss":0,"event_name":"SensoryStone","floor":38,"gold_loss":0},{"cards_removed":["Redo"],"damage_healed":0,"gold_gain":0,"player_choice":"Removed Skill","damage_taken":0,"max_hp_gain":0,"max_hp_loss":0,"event_name":"Falling","floor":39,"gold_loss":0}],"is_beta":false,"boss_relics":[{"not_picked":["Pandora\u0027s Box","Runic Dome"],"picked":"Black Star"},{"not_picked":["FrozenCore","Snecko Eye","Sozu"]}],"items_purged_floors":[19,36],"is_endless":false,"potions_floor_spawned":[3,11,16,18,20,21,24,25,29,31,33,35,37],"killed_by":"Giant Head","ascension_level":0}}