{"host":"0rxdudjy6rylha1k","time":1611612834,"event":{"mods":["Aspiration","BaseMod","Colored Map","Colored Powertips","Downfall","Highlight Path","Hubris","Minty Spire (QoL Compilation)","StSLib"],"gold_per_floor":[99,118,138,158,178,178,178,78,111,123,23,23,42,71,90,192,192,92,102,102,118,118,118,118,13,13,26,46,46,59,85,98,194,194,194,204,218,53,53,83,107,107,124,124,142,52,52,52,70,70,70,70],"floor_reached":50,"language":"ENG","playtime":10365,"items_purged":["Guardian:Strike_Guardian"],"score":486,"play_id":"45833a77-3e8b-4f0e-a89b-c6a6bb805188","local_time":"20210125151354","is_ascension_mode":false,"campfire_choices":[{"data":"Magnetism","floor":1.0,"key":"SMITH"},{"floor":6.0,"key":"REST"},{"floor":8.0,"key":"RECALL"},{"floor":11.0,"key":"REST"},{"data":"Guardian:RefractedBeam","floor":18.0,"key":"SMITH"},{"data":"Guardian:FuturePlans","floor":23.0,"key":"SMITH"},{"data":"Guardian:RefractedBeam+1","floor":26.0,"key":"SMITH"},{"floor":29.0,"key":"REST"},{"data":"Guardian:RefractedBeam+2","floor":35.0,"key":"SMITH"},{"data":"Disarm","floor":44.0,"key":"SMITH"},{"data":"Guardian:RefractedBeam+3","floor":47,"key":"SMITH"}],"circlet_count":0,"master_deck":["Guardian:Strike_Guardian","Guardian:Strike_Guardian","Guardian:Strike_Guardian","Guardian:Defend_Guardian","Guardian:Defend_Guardian","Guardian:Defend_Guardian","Guardian:Defend_Guardian","Guardian:CurlUp","Guardian:TwinSlam","Magnetism+1","Guardian:PrimingBeam","Guardian:FuturePlans+1","Guardian:StasisField","Guardian:TimeCapacitor","Guardian:RefractedBeam+4","Guardian:VentSteam","Guardian:SpikerProtocol","Guardian:CompilePackage","Guardian:TimeBomb","Guardian:VentSteam","Guardian:Suspension","Guardian:FloatingOrbs","Guardian:PiercingHide","Guardian:SentryBeam","Guardian:StasisField","Metallicize+1","True Grit","Armaments+1","Disarm+1","Guardian:Gem_Crimson"],"relics":["Guardian:ModeShifter","downfall:HeartBlessingBlue","MealTicket","downfall:HeartBlessingRed","Pantograph","aspiration:RunicSpoon","downfall:HeartBlessingGreen","Eternal Feather","Blood Vial","aspiration:IroncladSkillbook","hexamod:BolsterEngine","hubris:Towel","Centennial Puzzle","Bronze Scales","hubris:Icosahedron","Bag of Preparation"],"acts_visited":["Exordium","TheCity","TheBeyond"],"potions_floor_usage":[46,46,50],"damage_taken":[{"damage":8.0,"enemies":"Small Slimes","floor":2.0,"turns":4.0},{"damage":1.0,"enemies":"Jaw Worm","floor":3.0,"turns":4.0},{"damage":1.0,"enemies":"Cultist","floor":4.0,"turns":4.0},{"damage":10.0,"enemies":"Large Slime","floor":5.0,"turns":8.0},{"damage":19.0,"enemies":"Gremlin Nob","floor":9.0,"turns":5.0},{"damage":0.0,"enemies":"Exordium Wildlife","floor":10.0,"turns":4.0},{"damage":10.0,"enemies":"2 Fungi Beasts","floor":13.0,"turns":5.0},{"damage":14.0,"enemies":"3 Sentries","floor":14.0,"turns":5.0},{"damage":14.0,"enemies":"Blue Slaver","floor":15.0,"turns":3.0},{"damage":12.0,"enemies":"IC_STATUS_ARCHETYPE","floor":16.0,"turns":7.0},{"damage":0.0,"enemies":"3 Byrds","floor":19.0,"turns":9.0},{"damage":0.0,"enemies":"Shell Parasite","floor":21.0,"turns":2.0},{"damage":0.0,"enemies":"downfall:FleeingMerchant","floor":25.0,"turns":4.0},{"damage":16.0,"enemies":"Snake Plant","floor":27.0,"turns":6.0},{"damage":26.0,"enemies":"Shelled Parasite and Fungi","floor":28.0,"turns":4.0},{"damage":16.0,"enemies":"Snecko","floor":30.0,"turns":5.0},{"damage":15.0,"enemies":"Snake Plant","floor":32.0,"turns":4.0},{"damage":30.0,"enemies":"DF_ARCHETYPE_CLAW","floor":33.0,"turns":6.0},{"damage":7.0,"enemies":"Orb Walker","floor":36.0,"turns":4.0},{"damage":7.0,"enemies":"3 Darklings","floor":37.0,"turns":7.0},{"damage":0.0,"enemies":"downfall:FleeingMerchant","floor":38.0,"turns":4.0},{"damage":18.0,"enemies":"Giant Head","floor":40.0,"turns":10.0},{"damage":18.0,"enemies":"Transient","floor":43.0,"turns":5.0},{"damage":3,"enemies":"4 Shapes","floor":45,"turns":7},{"damage":0,"enemies":"downfall:FleeingMerchant","floor":46,"turns":4},{"damage":1,"enemies":"Spire Growth","floor":49,"turns":5},{"damage":140,"enemies":"SI_POISON_ARCHETYPE","floor":50,"turns":5}],"seed_played":"-449860172149504665","potions_obtained":[{"floor":2.0,"key":"DuplicationPotion"},{"floor":5.0,"key":"EssenceOfSteel"},{"floor":13.0,"key":"BlessingOfTheForge"},{"floor":15.0,"key":"Strength Potion"},{"floor":16.0,"key":"SkillPotion"},{"floor":20.0,"key":"AttackPotion"},{"floor":20.0,"key":"BlessingOfTheForge"},{"floor":20.0,"key":"Swift Potion"},{"floor":27.0,"key":"LiquidBronze"},{"floor":28.0,"key":"BlessingOfTheForge"},{"floor":36.0,"key":"Block Potion"},{"floor":40.0,"key":"SkillPotion"},{"floor":45,"key":"Swift Potion"},{"floor":49,"key":"Weak Potion"}],"is_trial":false,"path_per_floor":["R","M","M","M","M","R","T","R","E","M","R","?","M","E","M","B",null,"R","M","?","M","?","R","T","$","R","M","M","R","M","T","M","B",null,"R","M","M","$","?","E","T","?","M","R","M","$","R","?","M","B"],"character_chosen":"GUARDIAN","items_purchased":["Guardian:FloatingOrbs","Guardian:PiercingHide","hexamod:BolsterEngine"],"campfire_rested":3,"item_purchase_floors":[25,25,38],"current_hp_per_floor":[56,48,47,46,36,60,60,70,51,51,78,78,68,54,40,53,90,90,90,90,90,90,90,90,90,90,74,48,87,71,71,58,55,90,90,87,86,90,90,76,76,76,76,90,90,90,90,90,90,0,0,0],"gold":70,"neow_bonus":"RANDOM_COLORLESS_2","is_daily":false,"chose_seed":false,"campfire_upgraded":7,"win_rate":0.0,"timestamp":1611612834,"path_taken":["R","M","M","M","M","R","T","R","E","M","R","?","M","E","M","BOSS","R","M","?","?","?","R","T","$","R","M","M","R","M","?","M","BOSS","R","M","M","$","?","E","T","?","M","R","M","$","R","?","M","BOSS"],"items_purchased_type":["Card","Card","Relic"],"build_version":"2020-12-22","purchased_purges":1,"victory":false,"max_hp_per_floor":[80,80,80,80,80,80,80,90,90,90,90,90,90,90,90,90,90,90,90,90,90,90,90,90,90,90,90,90,90,90,90,90,90,90,90,90,90,90,90,90,90,90,90,90,90,90,90,90,90,90,90,90],"card_choices":[{"not_picked":["Master of Strategy","hubris:EnhanceAbility"],"picked":"Magnetism","floor":0.0},{"not_picked":["Guardian:WalkerClaw","Guardian:ShieldCharger","Guardian:BodySlam"],"picked":"SKIP","floor":2.0},{"not_picked":["Guardian:ChargeCore","Guardian:ShieldCharger"],"picked":"Guardian:PrimingBeam","floor":3.0},{"not_picked":["Guardian:Gem_Lightblue","Guardian:GuardianWhirl"],"picked":"Guardian:FuturePlans","floor":4.0},{"not_picked":["Guardian:Gem_Cyan","Guardian:PrimingBeam"],"picked":"Guardian:Gem_White","floor":5.0},{"not_picked":["Guardian:Gem_Purple","Guardian:TimeBomb"],"picked":"Guardian:StasisField","floor":9.0},{"not_picked":["Guardian:CrystalBeam","Guardian:Harden"],"picked":"Guardian:TimeCapacitor","floor":10.0},{"not_picked":["Guardian:TimeCapacitor","Guardian:TemporalStrike"],"picked":"Guardian:RefractedBeam","floor":13.0},{"not_picked":["Guardian:FuturePlans","Guardian:Reroute"],"picked":"Guardian:VentSteam","floor":14.0},{"not_picked":["Guardian:ShieldSpikes","Guardian:Incinerate"],"picked":"Guardian:SpikerProtocol","floor":15.0},{"not_picked":["Guardian:HyperBeam_Guardian","Guardian:ConstructionForm"],"picked":"Guardian:CompilePackage","floor":16.0},{"not_picked":["Guardian:ShieldCharger","Guardian:PrismaticBeam"],"picked":"Guardian:TimeBomb","floor":19.0},{"not_picked":["Guardian:TimeBomb","Guardian:PolyBeam"],"picked":"Guardian:VentSteam","floor":21.0},{"not_picked":["Guardian:RefractedBeam","Guardian:VentSteam+1"],"picked":"Guardian:Suspension","floor":25.0},{"not_picked":["Guardian:RefractedBeam+1","Guardian:Clone+1","Guardian:ShieldCharger+1"],"picked":"SKIP","floor":27.0},{"not_picked":["Guardian:ChargeCore","Guardian:Reroute","Guardian:Clone"],"picked":"SKIP","floor":28.0},{"not_picked":["Guardian:WalkerClaw","Guardian:FuturePlans","Guardian:VentSteam+1"],"picked":"SKIP","floor":30.0},{"not_picked":["Guardian:Reroute+1","Guardian:PrismaticBeam"],"picked":"Guardian:SentryBeam","floor":32.0},{"not_picked":["Guardian:StasisEngine","Guardian:GemFinder"],"picked":"Guardian:StasisField","floor":33.0},{"not_picked":["Guardian:ShieldCharger+1","Guardian:Suspension+1","Twin Strike"],"picked":"Metallicize+1","floor":36.0},{"not_picked":["Dropkick","Heavy Blade+1","Entrench"],"picked":"True Grit","floor":37.0},{"not_picked":["Guardian:ChargeCore","Shockwave","Feel No Pain+1"],"picked":"Armaments+1","floor":38.0},{"not_picked":["Flame Barrier","Guardian:Suspension+1","Clothesline"],"picked":"Guardian:Gem_Purple","floor":40.0},{"not_picked":["Whirlwind","Sever Soul+1","Entrench+1"],"picked":"Disarm","floor":43.0},{"not_picked":["Sever Soul+1","Guardian:Suspension","hubris:ReadiedAction+1","Guardian:Incinerate+1"],"picked":"SKIP","floor":45},{"not_picked":["Guardian:GemFinder","Guardian:PolyBeam+1","Pommel Strike"],"picked":"Guardian:Gem_Fragmented","floor":46},{"not_picked":["Evolve","Fire Breathing","Sword Boomerang+1"],"picked":"Guardian:Gem_Crimson","floor":49}],"player_experience":2693820,"relics_obtained":[{"floor":9.0,"key":"MealTicket"},{"floor":14.0,"key":"Pantograph"},{"floor":24.0,"key":"Eternal Feather"},{"floor":31.0,"key":"Blood Vial"},{"floor":40.0,"key":"Centennial Puzzle"},{"floor":41.0,"key":"Bronze Scales"},{"floor":48,"key":"Bag of Preparation"}],"event_choices":[{"damage_healed":0.0,"max_hp_gain":0.0,"max_hp_loss":0.0,"gold_gain":0.0,"event_name":"Lab","player_choice":"Got Potions","floor":20.0,"gold_loss":0.0,"damage_taken":0.0},{"damage_healed":0.0,"max_hp_gain":0.0,"max_hp_loss":0.0,"gold_gain":0.0,"event_name":"The Library","player_choice":"Read","floor":22.0,"gold_loss":0.0,"damage_taken":0.0,"cards_obtained":["Guardian:Gem_Fragmented"]}],"is_beta":false,"boss_relics":[{"not_picked":["hubris:BlackHole","Empty Cage"],"picked":"aspiration:RunicSpoon"},{"not_picked":["hubris:Backtick","Guardian:ModeShifterPlus"],"picked":"aspiration:IroncladSkillbook"}],"items_purged_floors":[46],"is_endless":false,"potions_floor_spawned":[2,5,13,15,16,27,28,36,40,45,49],"killed_by":"SI_POISON_ARCHETYPE","ascension_level":0}}