{"host":"ws1rigs6jhqnf67d","time":1611589828,"event":{"mods":["BaseMod","Friendly Minions","KinomotoSakuraMod(ƒæ÷Æ±æ”£)","Kiyohime£®«Âºß£©","Lobotomy","LobotomyExtend","Marisa£®ÏF”Í°°ƒß¿Ì…≥£©","Minty Spire (QoL Compilation)","Remilia£®¿Ÿ√◊¿Ú—«£©","StSLib","The Bug Knight","Youmu£®ªÍ∆«—˝√Œ£©","[IsaacMod]“‘»ˆº‚À˛"],"gold_per_floor":[113,129,145,145,161,161,161,161],"floor_reached":7,"language":"ZHS","playtime":288,"items_purged":[],"score":77,"play_id":"7ff8da7a-000c-4bae-aec0-3ea7b63eed6f","local_time":"20210125235028","is_ascension_mode":true,"campfire_choices":[{"floor":6,"key":"REST"}],"circlet_count":0,"master_deck":["AscendersBane","ClowCardTheSword","ClowCardTheSword","ClowCardTheSword","ClowCardTheSword","ClowCardTheShield","ClowCardTheShield","ClowCardTheShield","ClowCardTheShield","SpellCardSeal","SpellCardRelease","ClowCardTheLight","ClowCardTheJump"],"relics":["KSMOD_SealedBook","KSMOD_SealedWand","HushsDoor","BloodDonationMachine","LetterFromLob"],"acts_visited":["Exordium"],"potions_floor_usage":[7],"damage_taken":[{"damage":6,"enemies":"Cultist","floor":1,"turns":4},{"damage":8,"enemies":"Small Slimes","floor":2,"turns":4},{"damage":2,"enemies":"Jaw Worm","floor":3,"turns":4},{"damage":33,"enemies":"Large Slime","floor":5,"turns":7},{"damage":33,"enemies":"Lagavulin","floor":7,"turns":6}],"seed_played":"4780930826779089688","potions_obtained":[{"floor":2,"key":"Energy Potion"},{"floor":5,"key":"SkillPotion"}],"is_trial":false,"path_per_floor":["M","M","M","?","M","R","E"],"character_chosen":"KINOMOTOSAKURA","items_purchased":[],"campfire_rested":1,"item_purchase_floors":[],"current_hp_per_floor":[53,45,43,43,10,29,0,0],"gold":161,"neow_bonus":"ONE_RANDOM_RARE_CARD","is_daily":false,"chose_seed":false,"campfire_upgraded":0,"win_rate":0.0,"timestamp":1611589828,"path_taken":["M","?","M","?","?","R","E"],"items_purchased_type":[],"build_version":"2020-12-22","purchased_purges":0,"victory":false,"max_hp_per_floor":[65,65,65,65,65,65,65,65],"card_choices":[{"not_picked":["ClowCardTheArrow","ClowCardTheRain","ClowCardTheFirey"],"picked":"SKIP","floor":1},{"not_picked":["ClowCardTheMirror","ClowCardTheLoop"],"picked":"ClowCardTheJump","floor":2},{"not_picked":["ClowCardTheVoice","ClowCardTheWindy","ClowCardTheEarthy"],"picked":"SKIP","floor":3},{"not_picked":["ClowCardTheFlower","ClowCardTheVoice","ClowCardTheBig"],"picked":"SKIP","floor":5}],"player_experience":848651,"relics_obtained":[{"floor":1,"key":"LetterFromLob"}],"event_choices":[],"is_beta":false,"boss_relics":[],"items_purged_floors":[],"is_endless":false,"potions_floor_spawned":[2,5],"killed_by":"Lagavulin","ascension_level":16}}