{"host":"f5gffvlv6a66yqkd","time":1611576973,"event":{"mods":["2.2 Compatiblity","BaseMod","Colored Map","Custom Start","DeckTracker","Keyboard Shortcuts","Minty Spire (QoL Compilation)","Permanent Neow","Quick Restart","Relic Stats","StSLib","SuperFastMode"],"gold_per_floor":[111,130,130,55,130,130,150,163,189,189,339,23,23,34,34,108,108,125,125,140,15,15,15,27,27,27,27,42,42,42,42],"floor_reached":30,"language":"KOR","playtime":492,"items_purged":["Strike_B","Doubt","Strike_B"],"score":436,"play_id":"08f334d5-c11f-4b44-980c-327ff2fe79d0","local_time":"20210125211613","is_ascension_mode":true,"campfire_choices":[{"data":"Defragment","floor":10.0,"key":"SMITH"},{"data":"Rainbow","floor":13.0,"key":"SMITH"},{"data":"Redo","floor":15.0,"key":"SMITH"},{"floor":23.0,"key":"REST"},{"data":"Genetic Algorithm","floor":27,"key":"SMITH"}],"circlet_count":0,"master_deck":["AscendersBane","Strike_B","Defend_B","Defend_B","Defend_B","Defend_B","Zap+1","Dualcast","Conserve Battery","Rainbow+1","Turbo","Defragment+1","Genetic Algorithm+1","Redo+1","Electrodynamics","Undo","Cold Snap","Shame"],"relics":["Cracked Core","Regal Pillow","Medical Kit","Cursed Key","Orichalcum","Calipers"],"acts_visited":["Exordium","TheCity"],"potions_floor_usage":[30],"damage_taken":[{"damage":6.0,"enemies":"Cultist","floor":1.0,"turns":3.0},{"damage":7.0,"enemies":"Jaw Worm","floor":2.0,"turns":3.0},{"damage":8.0,"enemies":"Small Slimes","floor":7.0,"turns":3.0},{"damage":2.0,"enemies":"3 Louse","floor":8.0,"turns":3.0},{"damage":4.0,"enemies":"Large Slime","floor":14.0,"turns":6.0},{"damage":12.0,"enemies":"Slime Boss","floor":16.0,"turns":8.0},{"damage":12.0,"enemies":"Spheric Guardian","floor":18.0,"turns":4.0},{"damage":21.0,"enemies":"Shell Parasite","floor":20.0,"turns":4.0},{"damage":17,"enemies":"Snake Plant","floor":24,"turns":4},{"damage":27,"enemies":"Chosen and Byrds","floor":28,"turns":6},{"damage":45,"enemies":"Gremlin Leader","floor":30,"turns":6}],"seed_played":"8314166539017716219","potions_obtained":[{"floor":7.0,"key":"SkillPotion"},{"floor":14.0,"key":"DuplicationPotion"},{"floor":20.0,"key":"FearPotion"}],"is_trial":false,"path_per_floor":["M","M","?","$","?","?","M","M","T","R","?","$","R","M","R","B",null,"M","?","M","$","?","R","M","?","T","R","M","?","E"],"character_chosen":"DEFECT","items_purchased":["Medical Kit","Sunder"],"campfire_rested":1,"item_purchase_floors":[12,12],"current_hp_per_floor":[58,51,51,51,40,40,32,30,30,30,30,30,30,26,26,14,57,45,45,24,24,24,60,43,71,71,71,44,44,0,0],"gold":42,"neow_bonus":"UPGRADE_CARD","is_daily":false,"chose_seed":false,"campfire_upgraded":4,"win_rate":0.0,"timestamp":1611576973,"path_taken":["M","?","?","$","?","?","M","?","T","R","?","$","R","M","R","BOSS","M","?","?","$","?","R","M","?","T","R","?","?","E"],"items_purchased_type":["Relic","Card"],"build_version":"2020-12-22","purchased_purges":3,"victory":false,"max_hp_per_floor":[71,71,71,71,71,71,71,71,71,71,71,71,71,71,71,71,71,71,71,71,71,71,71,71,71,71,71,71,71,71,71],"relic_stats":{"Regal Pillow":15,"counters":[11,50],"Orichalcum":[6],"Medical Kit":[2],"Cursed Key":1,"obtain_stats":[{"Regal Pillow":9,"Calipers":26,"Orichalcum":19,"Cracked Core":0,"Medical Kit":12,"Cursed Key":17},{"Regal Pillow":4,"Calipers":9,"Orichalcum":7,"Cracked Core":0,"Medical Kit":4,"Cursed Key":6},{"Regal Pillow":12,"Calipers":38,"Orichalcum":30,"Cracked Core":0,"Medical Kit":12,"Cursed Key":26}]},"card_choices":[{"not_picked":["Leap","Stack"],"picked":"Conserve Battery","floor":1.0},{"not_picked":["Redo","Compile Driver"],"picked":"Rainbow","floor":2.0},{"not_picked":["Streamline","Go for the Eyes"],"picked":"Defragment","floor":7.0},{"not_picked":["Turbo","Steam"],"picked":"Genetic Algorithm","floor":8.0},{"not_picked":["Blizzard","Ball Lightning"],"picked":"Redo","floor":14.0},{"not_picked":["Seek","Rainbow"],"picked":"Electrodynamics","floor":16.0},{"not_picked":["Rebound","Sweeping Beam"],"picked":"Aggregate","floor":18.0},{"not_picked":["Beam Cell+1","Ball Lightning"],"picked":"Undo","floor":20.0},{"not_picked":["Scrape","Conserve Battery"],"picked":"Cold Snap","floor":24},{"not_picked":["Force Field","Streamline","Redo"],"picked":"SKIP","floor":28}],"player_experience":1622525,"relics_obtained":[{"floor":9.0,"key":"Regal Pillow"},{"floor":26,"key":"Calipers"}],"event_choices":[{"damage_healed":0.0,"max_hp_gain":0.0,"max_hp_loss":0.0,"gold_gain":0.0,"cards_transformed":["Strike_B"],"event_name":"Living Wall","player_choice":"Change","floor":3.0,"gold_loss":0.0,"damage_taken":0.0,"cards_obtained":["Turbo"]},{"damage_healed":0.0,"max_hp_gain":0.0,"max_hp_loss":0.0,"gold_gain":75.0,"event_name":"World of Goop","player_choice":"Gather Gold","floor":5.0,"gold_loss":0.0,"damage_taken":11.0},{"damage_healed":0.0,"max_hp_gain":0.0,"max_hp_loss":0.0,"gold_gain":0.0,"event_name":"Match and Keep!","player_choice":"0 cards matched","floor":6.0,"gold_loss":0.0,"damage_taken":0.0,"cards_obtained":[]},{"damage_healed":0.0,"max_hp_gain":0.0,"max_hp_loss":0.0,"gold_gain":150.0,"event_name":"Liars Game","player_choice":"AGREE","floor":11.0,"gold_loss":0.0,"damage_taken":0.0,"cards_obtained":["Doubt"]},{"cards_removed":["Sunder"],"damage_healed":0.0,"max_hp_gain":0.0,"max_hp_loss":0.0,"gold_gain":0.0,"event_name":"WeMeetAgain","player_choice":"Gave Card","floor":19.0,"gold_loss":0.0,"damage_taken":0.0,"relics_obtained":["Orichalcum"]},{"damage_healed":0.0,"max_hp_gain":0.0,"max_hp_loss":0.0,"gold_gain":0.0,"event_name":"Cursed Tome","player_choice":"Ignored","floor":22.0,"gold_loss":0.0,"damage_taken":0.0},{"cards_removed":["Aggregate"],"damage_healed":28,"gold_gain":0,"player_choice":"Offered Uncommon","damage_taken":0,"max_hp_gain":0,"max_hp_loss":0,"event_name":"Bonfire Elementals","floor":25,"gold_loss":0},{"damage_healed":0,"gold_gain":0,"player_choice":"Ignored","damage_taken":0,"max_hp_gain":0,"max_hp_loss":0,"event_name":"Ghosts","floor":29,"gold_loss":0}],"is_beta":false,"boss_relics":[{"not_picked":["Runic Pyramid","Runic Dome"],"picked":"Cursed Key"}],"items_purged_floors":[4,12,21],"is_endless":false,"potions_floor_spawned":[7,14,20],"killed_by":"Gremlin Leader","ascension_level":20}}