{"host":"l5xpox9cbdko122s","time":1611582313,"event":{"mods":["AchievementEnabler","BaseMod","Better Skull","Colored Map","Colored Powertips","Curses Come First","Displayed Cursed Tome","Hermit","Highlight Path","Minty Spire (QoL Compilation)","Quick Restart","Shop Mod","StSLib"],"gold_per_floor":[110,110,130,130,154,185,122,122,122,122,141,24,24,44,44,175,175,196,196,210,229,229,229,229,240,240,256,256,206,206,226,226,322,322,342,357,369,205,217,217,229,229,229,229,239,284,300,316,316,316,316],"floor_reached":50,"language":"ENG","playtime":2609,"items_purged":["Strike_R","Strike_R","Strike_R"],"score":448,"play_id":"5ad27fde-1cf2-487b-bc8d-7f48ff3ca94a","local_time":"20210125084513","is_ascension_mode":false,"campfire_choices":[{"floor":8,"key":"REST"},{"floor":10,"key":"RECALL"},{"floor":13,"key":"REST"},{"data":"Fire Breathing","floor":15,"key":"SMITH"},{"floor":23,"key":"REST"},{"floor":28,"key":"REST"},{"data":"Evolve","floor":30,"key":"SMITH"},{"data":"Wild Strike","floor":32,"key":"SMITH"},{"floor":40,"key":"REST"},{"data":"Bash","floor":42,"key":"SMITH"},{"floor":49,"key":"REST"}],"circlet_count":0,"master_deck":["Strike_R","Defend_R","Defend_R","Defend_R","Defend_R","Bash+1","Evolve+1","Injury","Wild Strike+1","Fire Breathing+1","Fire Breathing+1"],"relics":["Black Blood","Bloody Idol","MerchantsRug","Membership Card","Mummified Hand","Busted Crown","Matryoshka","StrikeDummy","Molten Egg 2","Torii"],"acts_visited":["Exordium","TheCity","TheBeyond"],"potions_floor_usage":[21,27,31,33,36,37,37,45,46],"damage_taken":[{"damage":6,"enemies":"Jaw Worm","floor":1,"turns":4},{"damage":5,"enemies":"2 Louse","floor":3,"turns":5},{"damage":18,"enemies":"Cultist","floor":5,"turns":6},{"damage":43,"enemies":"3 Sentries","floor":6,"turns":9},{"damage":14,"enemies":"Blue Slaver","floor":11,"turns":5},{"damage":15,"enemies":"3 Louse","floor":14,"turns":4},{"damage":32,"enemies":"Hexaghost","floor":16,"turns":9},{"damage":10,"enemies":"Chosen","floor":18,"turns":5},{"damage":35,"enemies":"2 Thieves","floor":20,"turns":3},{"damage":27,"enemies":"Snake Plant","floor":21,"turns":4},{"damage":26,"enemies":"3 Cultists","floor":25,"turns":4},{"damage":23,"enemies":"Snecko","floor":27,"turns":4},{"damage":10,"enemies":"Shelled Parasite and Fungi","floor":31,"turns":6},{"damage":53,"enemies":"Champ","floor":33,"turns":8},{"damage":19,"enemies":"3 Darklings","floor":35,"turns":3},{"damage":26,"enemies":"Orb Walker","floor":36,"turns":4},{"damage":22,"enemies":"Spire Growth","floor":37,"turns":4},{"damage":27,"enemies":"Maw","floor":39,"turns":7},{"damage":10,"enemies":"Sphere and 2 Shapes","floor":41,"turns":3},{"damage":5,"enemies":"Transient","floor":45,"turns":5},{"damage":34,"enemies":"2 Orb Walkers","floor":46,"turns":3},{"damage":24,"enemies":"Writhing Mass","floor":47,"turns":4},{"damage":20,"enemies":"Maw","floor":48,"turns":6},{"damage":71,"enemies":"Time Eater","floor":50,"turns":5}],"seed_played":"6945226890467231210","potions_obtained":[{"floor":5,"key":"ElixirPotion"},{"floor":20,"key":"Ancient Potion"},{"floor":21,"key":"Dexterity Potion"},{"floor":27,"key":"Dexterity Potion"},{"floor":31,"key":"DuplicationPotion"},{"floor":36,"key":"EntropicBrew"},{"floor":39,"key":"Energy Potion"},{"floor":45,"key":"Dexterity Potion"}],"is_trial":false,"path_per_floor":["M","?","M","?","M","E","$","R","T","R","M","$","R","M","R","B",null,"M","?","M","M","?","R","?","M","T","M","R","$","R","M","R","B",null,"M","M","M","$","M","R","M","R","T","?","M","?","M","M","R","B"],"character_chosen":"IRONCLAD","items_purchased":["MerchantsRug","Membership Card","Matryoshka"],"campfire_rested":6,"item_purchase_floors":[7,12,38],"current_hp_per_floor":[72,65,66,66,54,17,17,38,38,38,30,30,51,42,42,16,72,72,72,49,34,34,55,55,46,46,40,61,61,61,68,68,32,72,70,61,56,61,51,72,72,72,72,72,72,55,48,45,66,0,0],"gold":316,"neow_bonus":"ONE_RARE_RELIC","is_daily":false,"chose_seed":false,"campfire_upgraded":4,"win_rate":0.0,"timestamp":1611582313,"path_taken":["M","?","M","?","M","E","?","R","T","R","M","$","R","M","R","BOSS","M","?","?","M","?","R","?","M","T","M","R","$","R","M","R","BOSS","M","M","M","$","M","R","?","R","T","?","M","?","M","M","R","BOSS"],"items_purchased_type":["Relic","Relic","Relic"],"build_version":"2020-12-22","purchased_purges":3,"victory":false,"max_hp_per_floor":[72,72,72,72,72,72,72,72,72,72,72,72,72,72,72,72,72,72,72,72,72,72,72,72,72,72,72,72,72,72,72,72,72,72,72,72,72,72,72,72,72,72,72,72,72,72,72,72,72,72,72],"card_choices":[{"not_picked":["Shrug It Off","Twin Strike"],"picked":"Evolve","floor":1},{"not_picked":["Flex","Intimidate","Twin Strike"],"picked":"SKIP","floor":3},{"not_picked":["Carnage","Heavy Blade"],"picked":"Wild Strike","floor":5},{"not_picked":["Rampage","Body Slam","Disarm+1"],"picked":"SKIP","floor":6},{"not_picked":["Evolve","Clothesline"],"picked":"Fire Breathing","floor":11},{"not_picked":["Hemokinesis","Iron Wave","Thunderclap"],"picked":"SKIP","floor":14},{"not_picked":["Clothesline","Pommel Strike","Shrug It Off"],"picked":"SKIP","floor":18},{"not_picked":["Second Wind","Sword Boomerang+1","Twin Strike"],"picked":"SKIP","floor":20},{"not_picked":["Inflame","Havoc","Hemokinesis"],"picked":"SKIP","floor":21},{"not_picked":["Havoc+1","Perfected Strike","Evolve"],"picked":"SKIP","floor":25},{"not_picked":["Perfected Strike","Rupture+1","Flex+1"],"picked":"SKIP","floor":27},{"not_picked":["Evolve","Hemokinesis","Havoc"],"picked":"SKIP","floor":31},{"not_picked":["Evolve","Hemokinesis","Havoc"],"picked":"SKIP","floor":31},{"not_picked":["Anger"],"picked":"SKIP","floor":35},{"not_picked":["Clash+1"],"picked":"SKIP","floor":36},{"not_picked":["Rupture"],"picked":"SKIP","floor":37},{"not_picked":["Pommel Strike"],"picked":"SKIP","floor":39},{"not_picked":["Bludgeon"],"picked":"SKIP","floor":41},{"not_picked":["Heavy Blade+1"],"picked":"SKIP","floor":45},{"not_picked":["Dual Wield"],"picked":"SKIP","floor":47},{"not_picked":["Spot Weakness+1"],"picked":"SKIP","floor":48}],"player_experience":196782,"relics_obtained":[{"floor":6,"key":"Toxic Egg 2"},{"floor":26,"key":"Mummified Hand"},{"floor":43,"key":"StrikeDummy"},{"floor":43,"key":"Molten Egg 2"},{"floor":46,"key":"Torii"}],"event_choices":[{"cards_removed":["Strike_R"],"damage_healed":0,"gold_gain":0,"player_choice":"Card Removal","damage_taken":7,"max_hp_gain":0,"max_hp_loss":0,"event_name":"Golden Wing","floor":2,"gold_loss":0},{"damage_healed":0,"gold_gain":0,"player_choice":"Take Wound","damage_taken":0,"relics_obtained":["Golden Idol"],"max_hp_gain":0,"max_hp_loss":0,"event_name":"Golden Idol","floor":4,"gold_loss":0,"cards_obtained":["Injury"]},{"damage_healed":0,"gold_gain":0,"player_choice":"Copied","damage_taken":0,"max_hp_gain":0,"max_hp_loss":0,"event_name":"Duplicator","floor":19,"gold_loss":0,"cards_obtained":["Fire Breathing"]},{"damage_healed":0,"gold_gain":0,"player_choice":"Gave Idol","damage_taken":0,"relics_obtained":["Bloody Idol"],"max_hp_gain":0,"max_hp_loss":0,"event_name":"Forgotten Altar","floor":22,"relics_lost":["Golden Idol"],"gold_loss":0},{"damage_healed":0,"gold_gain":0,"player_choice":"Leave","damage_taken":0,"max_hp_gain":0,"max_hp_loss":0,"event_name":"FaceTrader","floor":24,"gold_loss":0},{"damage_healed":0,"gold_gain":0,"player_choice":"Memory 1","damage_taken":0,"max_hp_gain":0,"max_hp_loss":0,"event_name":"SensoryStone","floor":44,"gold_loss":0},{"damage_healed":0,"gold_gain":0,"player_choice":"Fight","damage_taken":0,"max_hp_gain":0,"max_hp_loss":0,"event_name":"Mysterious Sphere","floor":46,"gold_loss":0}],"is_beta":false,"boss_relics":[{"not_picked":["Velvet Choker","SlaversCollar"],"picked":"Black Blood"},{"not_picked":["Cursed Key","Runic Cube"],"picked":"Busted Crown"}],"items_purged_floors":[12,29,38],"is_endless":false,"potions_floor_spawned":[5,20,21,27,31,36,39,45],"killed_by":"Time Eater","ascension_level":0}}