{"host":"Sean","time":1611598745,"event":{"mods":["BaseMod","Block Reminder","Colored Map","Colored Powertips","Highlight Path","Minty Spire (QoL Compilation)","Permanent Neow","Relic Stats"],"gold_per_floor":[13,13,32,49,64,64,90,90,90,102,2,33,49,67,67,172,172,188,168,168,168,183,183,218,218,218,236,136,165,2,16,16,114,114,131,131,131,0,0,0,30,49,102,118,132,56,84,97,97,97,97,97,97,132,132,132],"floor_reached":55,"language":"ENG","playtime":3670,"items_purged":["Defend_B","Strike_B","Defend_B"],"score":1052,"play_id":"15b84ca2-73bc-4cef-9551-2a3a5ead99d0","local_time":"20210125181905","is_ascension_mode":true,"campfire_choices":[{"data":"Streamline","floor":6.0,"key":"SMITH"},{"data":"Defragment","floor":8.0,"key":"SMITH"},{"data":"White Noise","floor":15.0,"key":"SMITH"},{"data":"Core Surge","floor":23.0,"key":"SMITH"},{"data":"Skim","floor":25.0,"key":"SMITH"},{"data":"Hologram","floor":32.0,"key":"SMITH"},{"floor":40.0,"key":"RECALL"},{"data":"Capacitor","floor":49.0,"key":"SMITH"},{"floor":52.0,"key":"REST"}],"circlet_count":0,"master_deck":["Strike_B+1","Strike_B+1","Defend_B+1","Defend_B+1","Zap+1","Dualcast+1","FTL+1","Streamline+1","Coolheaded+1","Chill+1","Defragment+1","Redo+1","Leap+1","White Noise+1","Turbo+1","Glacier+1","Core Surge+1","Hologram+1","Skim+1","Go for the Eyes+1","Gash+1","Hologram+1","Biased Cognition+1","Beam Cell+1","Hologram+1","White Noise+1","Doom and Gloom+1","Capacitor+1","Cold Snap+1","Compile Driver+1","Force Field"],"relics":["Cracked Core","Thread and Needle","Omamori","Sundial","Mummified Hand","Cursed Key","Singing Bowl","Torii","MawBank","Nuclear Battery","Mark of the Bloom","Red Mask","Mercury Hourglass","The Courier","Blue Candle"],"acts_visited":["Exordium","TheCity","TheBeyond","TheEnding"],"potions_floor_usage":[55,55],"damage_taken":[{"damage":0.0,"enemies":"2 Louse","floor":1.0,"turns":2.0},{"damage":0.0,"enemies":"Cultist","floor":3.0,"turns":3.0},{"damage":0.0,"enemies":"Jaw Worm","floor":4.0,"turns":3.0},{"damage":5.0,"enemies":"2 Fungi Beasts","floor":5.0,"turns":4.0},{"damage":13.0,"enemies":"Lagavulin","floor":7.0,"turns":8.0},{"damage":0.0,"enemies":"Large Slime","floor":10.0,"turns":5.0},{"damage":5.0,"enemies":"3 Sentries","floor":12.0,"turns":7.0},{"damage":3.0,"enemies":"Looter","floor":13.0,"turns":3.0},{"damage":3.0,"enemies":"Lots of Slimes","floor":14.0,"turns":4.0},{"damage":6.0,"enemies":"Hexaghost","floor":16.0,"turns":13.0},{"damage":0.0,"enemies":"Spheric Guardian","floor":18.0,"turns":4.0},{"damage":10.0,"enemies":"2 Thieves","floor":19.0,"turns":4.0},{"damage":10.0,"enemies":"Chosen and Byrds","floor":22.0,"turns":6.0},{"damage":9.0,"enemies":"Slavers","floor":24.0,"turns":7.0},{"damage":0.0,"enemies":"Snecko","floor":27.0,"turns":5.0},{"damage":9.0,"enemies":"Gremlin Leader","floor":29.0,"turns":9.0},{"damage":0.0,"enemies":"Snake Plant","floor":31.0,"turns":5.0},{"damage":19.0,"enemies":"Collector","floor":33.0,"turns":9.0},{"damage":0.0,"enemies":"Orb Walker","floor":35.0,"turns":3.0},{"damage":0.0,"enemies":"Nemesis","floor":41.0,"turns":9.0},{"damage":1.0,"enemies":"3 Shapes","floor":42.0,"turns":4.0},{"damage":0.0,"enemies":"Sphere and 2 Shapes","floor":44.0,"turns":3.0},{"damage":0.0,"enemies":"Maw","floor":45.0,"turns":6.0},{"damage":0.0,"enemies":"Giant Head","floor":47.0,"turns":6.0},{"damage":0.0,"enemies":"4 Shapes","floor":48.0,"turns":3.0},{"damage":31.0,"enemies":"Time Eater","floor":50.0,"turns":13.0},{"damage":7.0,"enemies":"Shield and Spear","floor":54.0,"turns":4.0},{"damage":47,"enemies":"The Heart","floor":55,"turns":3}],"seed_played":"-1567739412091093240","potions_obtained":[{"floor":1.0,"key":"Energy Potion"},{"floor":4.0,"key":"LiquidBronze"},{"floor":10.0,"key":"ColorlessPotion"},{"floor":22.0,"key":"FearPotion"},{"floor":29.0,"key":"Ancient Potion"},{"floor":31.0,"key":"PowerPotion"},{"floor":33.0,"key":"BlessingOfTheForge"},{"floor":41.0,"key":"PowerPotion"},{"floor":44.0,"key":"PowerPotion"},{"floor":47.0,"key":"Dexterity Potion"}],"is_trial":false,"path_per_floor":["M","?","M","M","M","R","E","R","T","M","$","E","M","M","R","B",null,"M","M","?","?","M","R","E","R","T","M","$","E","$","M","R","B",null,"M","?","?","?","?","R","E","M","T","M","M","$","E","M","R","B",null,"R","$","E","B"],"character_chosen":"DEFECT","items_purchased":["Leap","Hologram","Capacitor"],"campfire_rested":1,"item_purchase_floors":[11,30,46],"current_hp_per_floor":[68,68,68,68,63,63,50,50,50,50,50,45,42,39,39,33,65,65,55,55,55,45,45,36,36,36,36,36,29,29,31,31,12,62,62,62,62,62,62,62,62,61,61,61,61,61,61,61,61,30,30,30,30,23,0,0],"gold":132,"neow_bonus":"ONE_RARE_RELIC","is_daily":false,"chose_seed":false,"campfire_upgraded":7,"win_rate":0.0,"timestamp":1611598745,"path_taken":["M","?","M","M","?","R","E","R","T","M","$","E","M","M","R","BOSS","M","M","?","?","M","R","E","R","T","?","?","E","$","M","R","BOSS","M","?","?","?","?","R","E","M","T","M","M","?","E","?","R","BOSS","R","$","E","BOSS"],"items_purchased_type":["Card","Card","Card"],"build_version":"2020-12-18","purchased_purges":3,"victory":false,"max_hp_per_floor":[75,75,75,75,75,75,75,75,75,75,75,75,75,75,75,75,75,75,75,75,75,75,75,75,75,75,75,75,77,77,79,79,79,79,79,79,79,79,75,75,75,77,77,77,77,77,77,77,77,77,77,77,77,77,77,77],"relic_stats":{"Mark of the Bloom":60,"Singing Bowl":6,"Torii":11,"counters":[28,154],"Sundial":[20],"Mummified Hand":[77],"Blue Candle":[0],"Cursed Key":2,"MawBank":12,"obtain_stats":[{"Mark of the Bloom":36,"Singing Bowl":24,"Torii":26,"Blue Candle":54,"Thread and Needle":0,"The Courier":47,"Omamori":7,"Cursed Key":17,"MawBank":29,"Nuclear Battery":34,"Mercury Hourglass":41,"Sundial":9,"Mummified Hand":12,"Red Mask":38,"Cracked Core":0},{"Mark of the Bloom":19,"Singing Bowl":14,"Torii":14,"Blue Candle":27,"Thread and Needle":0,"The Courier":24,"Omamori":5,"Cursed Key":10,"MawBank":16,"Nuclear Battery":18,"Mercury Hourglass":20,"Sundial":5,"Mummified Hand":7,"Red Mask":19,"Cracked Core":0},{"Mark of the Bloom":104,"Singing Bowl":73,"Torii":73,"Blue Candle":151,"Thread and Needle":0,"The Courier":131,"Omamori":20,"Cursed Key":52,"MawBank":87,"Nuclear Battery":101,"Mercury Hourglass":113,"Sundial":20,"Mummified Hand":32,"Red Mask":104,"Cracked Core":0}],"Mercury Hourglass":[150]},"card_choices":[{"not_picked":["Auto Shields","Consume"],"picked":"FTL","floor":1.0},{"not_picked":["Self Repair","Hologram"],"picked":"Streamline","floor":3.0},{"not_picked":["Fusion","Stack"],"picked":"Coolheaded","floor":4.0},{"not_picked":["Fusion","Hologram"],"picked":"Chill","floor":5.0},{"not_picked":["Chaos","Redo"],"picked":"Defragment","floor":7.0},{"not_picked":["Steam","Lockon"],"picked":"Redo","floor":10.0},{"not_picked":["Sweeping Beam","Scrape"],"picked":"White Noise","floor":12.0},{"not_picked":["Coolheaded","Hello World"],"picked":"Turbo","floor":13.0},{"not_picked":["Redo","Streamline"],"picked":"Glacier","floor":14.0},{"not_picked":["Rainbow","Seek"],"picked":"Core Surge","floor":16.0},{"not_picked":["Barrage","Glacier"],"picked":"Hologram","floor":18.0},{"not_picked":["Ball Lightning","Hyperbeam"],"picked":"Skim","floor":19.0},{"not_picked":["Storm","Chill"],"picked":"Go for the Eyes","floor":22.0},{"not_picked":["Turbo+1","Reinforced Body"],"picked":"Gash+1","floor":24.0},{"not_picked":["Cold Snap","Redo"],"picked":"Gash+1","floor":27.0},{"not_picked":["Fusion","Compile Driver","Beam Cell"],"picked":"Singing Bowl","floor":29.0},{"not_picked":["Doom and Gloom","Rip and Tear+1","Leap"],"picked":"Singing Bowl","floor":31.0},{"not_picked":["Fission","Creative AI"],"picked":"Biased Cognition","floor":33.0},{"not_picked":["Glacier","Go for the Eyes"],"picked":"Beam Cell+1","floor":35.0},{"not_picked":["Reinforced Body+1","Self Repair+1"],"picked":"Hologram+1","floor":41.0},{"not_picked":["Beam Cell","Hello World","Streamline"],"picked":"Singing Bowl","floor":42.0},{"not_picked":["Consume+1","Rebound+1"],"picked":"White Noise+1","floor":44.0},{"not_picked":["Streamline","Gash"],"picked":"Doom and Gloom+1","floor":45.0},{"not_picked":["Hyperbeam","Streamline+1"],"picked":"Cold Snap+1","floor":47.0},{"not_picked":["Rebound","Auto Shields+1"],"picked":"Compile Driver+1","floor":48.0},{"not_picked":["Reprogram+1","Leap"],"picked":"Force Field","floor":54.0}],"player_experience":465436,"relics_obtained":[{"floor":7.0,"key":"Omamori"},{"floor":9.0,"key":"Sundial"},{"floor":12.0,"key":"Mummified Hand"},{"floor":24.0,"key":"Singing Bowl"},{"floor":26.0,"key":"Torii"},{"floor":29.0,"key":"MawBank"},{"floor":41.0,"key":"Mercury Hourglass"},{"floor":47.0,"key":"The Courier"},{"floor":54.0,"key":"Blue Candle"}],"event_choices":[{"cards_removed":["Strike_B"],"damage_healed":0.0,"max_hp_gain":0.0,"max_hp_loss":0.0,"gold_gain":0.0,"event_name":"Bonfire Elementals","player_choice":"Offered Basic","floor":2.0,"gold_loss":0.0,"damage_taken":0.0},{"damage_healed":0.0,"max_hp_gain":0.0,"max_hp_loss":0.0,"gold_gain":0.0,"event_name":"Ghosts","player_choice":"Ignored","floor":20.0,"gold_loss":0.0,"damage_taken":0.0},{"damage_healed":0.0,"max_hp_gain":0.0,"max_hp_loss":0.0,"gold_gain":0.0,"event_name":"Upgrade Shrine","player_choice":"Upgraded","floor":21.0,"gold_loss":0.0,"damage_taken":0.0,"cards_upgraded":["Hologram"]},{"damage_healed":0.0,"max_hp_gain":0.0,"max_hp_loss":0.0,"gold_gain":0.0,"event_name":"MindBloom","player_choice":"Upgrade","floor":36.0,"gold_loss":0.0,"damage_taken":0.0,"cards_upgraded":["Strike_B","Strike_B","Defend_B","Defend_B","Zap","Dualcast","FTL","Coolheaded","Chill","Redo","Leap","Turbo","Glacier","Go for the Eyes","Biased Cognition"],"relics_obtained":["Mark of the Bloom"]},{"cards_removed":["Gash"],"damage_healed":0.0,"max_hp_gain":0.0,"max_hp_loss":0.0,"gold_gain":0.0,"event_name":"Falling","player_choice":"Removed Attack","floor":37.0,"gold_loss":0.0,"damage_taken":0.0},{"damage_healed":0.0,"max_hp_gain":0.0,"max_hp_loss":0.0,"gold_gain":0.0,"event_name":"Tomb of Lord Red Mask","player_choice":"Paid","floor":38.0,"gold_loss":131.0,"damage_taken":0.0,"relics_obtained":["Red Mask"]},{"damage_healed":0.0,"max_hp_gain":0.0,"max_hp_loss":4.0,"gold_gain":0.0,"event_name":"Winding Halls","player_choice":"Max HP","floor":39.0,"gold_loss":0.0,"damage_taken":0.0}],"is_beta":true,"boss_relics":[{"not_picked":["Inserter","Busted Crown"],"picked":"Cursed Key"},{"not_picked":["Runic Dome","Sozu"],"picked":"Nuclear Battery"}],"items_purged_floors":[11,28,30],"is_endless":false,"potions_floor_spawned":[1,4,10,12,22,29,31,33,41,44,47],"killed_by":"The Heart","ascension_level":7}}