{"host":"aj7el8l5kufbk20z","time":1611553163,"event":{"mods":["AchievementEnabler","BaseMod","Colored Map","Colored Powertips","Curses Come First","Highlight Path","Minty Spire (QoL Compilation)","Permanent Neow","Poor People Problems","Quick Restart","Rare Cards Sparkle","Relic Stats","StSLib","SuperFastMode","Waifu the Spire"],"gold_per_floor":[114,39,39,53,71,71,246,246,246,285,309,333,357,432,432,555,555,570,570,589,605,505,541,541,582,608,608,621,644,402,420,420,539,602,626,695,758,774,467,511,511,550,550,591,611,357,378,397,397,397],"floor_reached":51,"language":"ZHS","playtime":3701,"items_purged":["Strike_G","Doubt","Injury","Strike_G","Strike_G"],"score":1260,"play_id":"25639ab5-233f-4cba-823a-f5e58866e614","local_time":"20210125133923","is_ascension_mode":true,"campfire_choices":[{"data":"Accuracy","floor":6.0,"key":"SMITH"},{"data":"Cloak And Dagger","floor":8.0,"key":"SMITH"},{"data":"Cloak And Dagger","floor":15.0,"key":"SMITH"},{"data":"After Image","floor":24.0,"key":"SMITH"},{"data":"Cloak And Dagger","floor":27.0,"key":"SMITH"},{"data":"Accuracy","floor":32.0,"key":"SMITH"},{"data":"After Image","floor":41.0,"key":"SMITH"},{"data":"Footwork","floor":49.0,"key":"SMITH"}],"circlet_count":0,"master_deck":["AscendersBane","Strike_G","Defend_G","Defend_G","Defend_G","Defend_G","Defend_G","Survivor","Neutralize","CurseOfTheBell","Terror","Accuracy+1","Cloak And Dagger+1","Cloak And Dagger+1","Deflect","Cloak And Dagger+1","Storm of Steel","Backflip","Blade Dance","Caltrops+1","After Image+1","Tactician","PiercingWail","Accuracy+1","Bouncing Flask","Blade Dance","After Image+1","Accuracy","Prepared","Cloak And Dagger","Backflip+1","PiercingWail","Dodge and Roll","Deflect","Prepared","Outmaneuver+1","Footwork+1","Infinite Blades","Blur"],"relics":["Calling Bell","Snake Skull","Kunai","Girya","Golden Idol","Question Card","Meat on the Bone","Tiny Chest","WristBlade","Matryoshka","Art of War","Regal Pillow","Pantograph","Toy Ornithopter","Happy Flower","Tiny House","StoneCalendar","Dead Branch","Medical Kit","Bird Faced Urn","Boot","Mango","Orichalcum","Membership Card"],"acts_visited":["Exordium","TheCity","TheBeyond"],"potions_floor_usage":[50,50],"damage_taken":[{"damage":0.0,"enemies":"Small Slimes","floor":1.0,"turns":4.0},{"damage":3.0,"enemies":"2 Louse","floor":4.0,"turns":6.0},{"damage":5.0,"enemies":"Jaw Worm","floor":5.0,"turns":6.0},{"damage":60.0,"enemies":"Gremlin Nob","floor":10.0,"turns":7.0},{"damage":8.0,"enemies":"Red Slaver","floor":11.0,"turns":3.0},{"damage":12.0,"enemies":"2 Fungi Beasts","floor":13.0,"turns":4.0},{"damage":48.0,"enemies":"The Guardian","floor":16.0,"turns":15.0},{"damage":1.0,"enemies":"Chosen","floor":18.0,"turns":5.0},{"damage":7.0,"enemies":"Shell Parasite","floor":20.0,"turns":6.0},{"damage":14.0,"enemies":"Centurion and Healer","floor":21.0,"turns":5.0},{"damage":43.0,"enemies":"Slavers","floor":23.0,"turns":6.0},{"damage":43.0,"enemies":"Gremlin Leader","floor":25.0,"turns":6.0},{"damage":8.0,"enemies":"Shelled Parasite and Fungi","floor":28.0,"turns":4.0},{"damage":6.0,"enemies":"Snake Plant","floor":31.0,"turns":4.0},{"damage":34.0,"enemies":"Collector","floor":33.0,"turns":7.0},{"damage":5.0,"enemies":"3 Shapes","floor":35.0,"turns":8.0},{"damage":28.0,"enemies":"2 Orb Walkers","floor":36.0,"turns":5.0},{"damage":15.0,"enemies":"Mind Bloom Boss Battle","floor":37.0,"turns":5.0},{"damage":3.0,"enemies":"Orb Walker","floor":38.0,"turns":4.0},{"damage":30.0,"enemies":"Reptomancer","floor":40.0,"turns":6.0},{"damage":46.0,"enemies":"Nemesis","floor":42.0,"turns":5.0},{"damage":18.0,"enemies":"Reptomancer","floor":44.0,"turns":6.0},{"damage":7.0,"enemies":"Spire Growth","floor":45.0,"turns":5.0},{"damage":24.0,"enemies":"Writhing Mass","floor":47.0,"turns":5.0},{"damage":11.0,"enemies":"Jaw Worm Horde","floor":48.0,"turns":3.0},{"damage":48,"enemies":"Awakened One","floor":50,"turns":10}],"seed_played":"-6755909636650344643","potions_obtained":[{"floor":4.0,"key":"SteroidPotion"},{"floor":13.0,"key":"Strength Potion"},{"floor":16.0,"key":"SpeedPotion"},{"floor":21.0,"key":"SteroidPotion"},{"floor":28.0,"key":"SteroidPotion"},{"floor":31.0,"key":"Explosive Potion"},{"floor":34.0,"key":"LiquidBronze"},{"floor":36.0,"key":"DuplicationPotion"}],"is_trial":false,"path_per_floor":["M","$","?","M","M","R","?","R","T","E","M","T","M","?","R","B",null,"M","?","M","M","$","E","R","E","T","R","M","T","$","M","R","B",null,"M","?","?","M","$","E","R","E","T","E","M","$","M","M","R","B",null],"character_chosen":"THE_SILENT","items_purchased":["Accuracy","Bouncing Flask","Medical Kit","Membership Card","Footwork"],"campfire_rested":0,"item_purchase_floors":[30,30,39,46,46],"current_hp_per_floor":[63,63,63,60,55,55,55,55,55,70,62,62,50,39,39,51,65,64,64,57,43,43,70,70,61,61,61,53,53,53,47,47,36,67,62,39,49,46,46,61,61,75,89,77,82,82,70,69,69,65],"gold":397,"neow_bonus":"BOSS_RELIC","is_daily":false,"chose_seed":false,"campfire_upgraded":8,"win_rate":0.0,"timestamp":1611553163,"path_taken":["M","$","?","M","M","R","?","R","T","E","M","?","?","?","R","BOSS","M","?","M","M","$","E","R","E","T","R","M","?","$","M","R","BOSS","M","?","?","M","$","E","R","E","T","E","M","$","?","M","R","BOSS"],"items_purchased_type":["Card","Card","Relic","Relic","Card"],"build_version":"2020-12-22","purchased_purges":5,"victory":true,"max_hp_per_floor":[70,70,70,70,70,70,70,70,70,70,70,70,70,70,70,70,70,70,70,70,70,70,70,70,70,70,70,70,70,70,70,70,70,75,75,75,75,75,75,75,75,75,89,89,89,89,89,89,89,89],"relic_stats":{"Regal Pillow":0,"Happy Flower":[24],"counters":[26,150],"Golden Idol":215,"Dead Branch":[125],"StoneCalendar":[52],"Snake Skull":[30],"Orichalcum":[0],"Question Card":23,"Medical Kit":[1],"Boot":[17],"Pantograph":68,"Bird Faced Urn":[75],"Tiny Chest":1,"Art of War":[12],"Kunai":[73],"obtain_stats":[{"Regal Pillow":26,"Tiny House":34,"StoneCalendar":36,"Mango":43,"Snake Skull":0,"Boot":42,"Matryoshka":23,"WristBlade":17,"Pantograph":26,"Tiny Chest":12,"Kunai":0,"Ring of the Snake":0,"Girya":0,"Happy Flower":29,"Golden Idol":3,"Dead Branch":37,"Orichalcum":44,"Question Card":9,"Medical Kit":39,"Calling Bell":0,"Bird Faced Urn":40,"Art of War":25,"Membership Card":46,"Toy Ornithopter":29,"Meat on the Bone":10},{"Regal Pillow":12,"Tiny House":15,"StoneCalendar":17,"Mango":21,"Snake Skull":0,"Boot":21,"Matryoshka":11,"WristBlade":7,"Pantograph":12,"Tiny Chest":5,"Kunai":0,"Ring of the Snake":0,"Girya":0,"Happy Flower":13,"Golden Idol":1,"Dead Branch":18,"Orichalcum":22,"Question Card":3,"Medical Kit":19,"Calling Bell":0,"Bird Faced Urn":20,"Art of War":12,"Membership Card":23,"Toy Ornithopter":13,"Meat on the Bone":4},{"Regal Pillow":73,"Tiny House":88,"StoneCalendar":101,"Mango":121,"Snake Skull":0,"Boot":121,"Matryoshka":67,"WristBlade":45,"Pantograph":73,"Tiny Chest":26,"Kunai":0,"Ring of the Snake":0,"Girya":0,"Happy Flower":77,"Golden Idol":4,"Dead Branch":106,"Orichalcum":127,"Question Card":16,"Medical Kit":110,"Calling Bell":0,"Bird Faced Urn":116,"Art of War":73,"Membership Card":132,"Toy Ornithopter":77,"Meat on the Bone":23}],"Toy Ornithopter":10,"Meat on the Bone":12},"card_choices":[{"not_picked":["Dagger Throw","Quick Slash"],"picked":"Terror","floor":1.0},{"not_picked":["Poisoned Stab","Acrobatics"],"picked":"Accuracy","floor":4.0},{"not_picked":["Bane","Night Terror"],"picked":"Cloak And Dagger","floor":5.0},{"not_picked":["Poisoned Stab","Quick Slash","Riddle With Holes"],"picked":"Cloak And Dagger","floor":10.0},{"not_picked":["Acrobatics","Dagger Spray","Skewer"],"picked":"Deflect","floor":11.0},{"not_picked":["Underhanded Strike","Flying Knee","Reflex"],"picked":"Cloak And Dagger","floor":13.0},{"not_picked":["Burst","Bullet Time","Night Terror"],"picked":"Storm of Steel","floor":16.0},{"not_picked":["Dagger Spray+1","Acrobatics+1","Outmaneuver"],"picked":"Backflip","floor":18.0},{"not_picked":["Quick Slash","Deadly Poison","Poisoned Stab"],"picked":"Blade Dance","floor":20.0},{"not_picked":["Distraction+1","Concentrate","Outmaneuver"],"picked":"Caltrops","floor":21.0},{"not_picked":["Caltrops","Deflect+1","Slice"],"picked":"After Image","floor":23.0},{"not_picked":["Dash","Crippling Poison","Eviscerate"],"picked":"Tactician","floor":25.0},{"not_picked":["Dagger Spray","Blade Dance+1","Underhanded Strike"],"picked":"PiercingWail","floor":28.0},{"not_picked":["Dagger Spray","Bane","Quick Slash"],"picked":"Blade Dance","floor":31.0},{"not_picked":["Adrenaline","Malaise","Grand Finale"],"picked":"After Image","floor":33.0},{"not_picked":["Sucker Punch+1","Blade Dance","Bane"],"picked":"Accuracy","floor":34.0},{"not_picked":["PiercingWail","Quick Slash","Slice"],"picked":"Prepared","floor":35.0},{"not_picked":["Heel Hook","Dagger Spray+1","Quick Slash"],"picked":"Cloak And Dagger","floor":36.0},{"not_picked":["Storm of Steel","Blade Dance","Expertise"],"picked":"Backflip+1","floor":37.0},{"not_picked":["All Out Attack+1","Riddle With Holes","Slice"],"picked":"PiercingWail","floor":38.0},{"not_picked":["Endless Agony+1","Corpse Explosion","Sucker Punch"],"picked":"Dodge and Roll","floor":40.0},{"not_picked":["Dagger Throw","Underhanded Strike+1","Distraction"],"picked":"Deflect","floor":42.0},{"not_picked":["Quick Slash","PiercingWail","Crippling Poison"],"picked":"Prepared","floor":44.0},{"not_picked":["Prepared+1","Blade Dance","Deflect"],"picked":"Outmaneuver+1","floor":45.0},{"not_picked":["Poisoned Stab","Bouncing Flask+1","Blade Dance+1"],"picked":"Infinite Blades","floor":47.0},{"not_picked":["Flying Knee+1","Bouncing Flask","Slice"],"picked":"Blur","floor":48.0}],"player_experience":378565,"relics_obtained":[{"floor":0.0,"key":"Snake Skull"},{"floor":0.0,"key":"Kunai"},{"floor":0.0,"key":"Girya"},{"floor":9.0,"key":"Question Card"},{"floor":10.0,"key":"Meat on the Bone"},{"floor":12.0,"key":"Tiny Chest"},{"floor":23.0,"key":"Matryoshka"},{"floor":25.0,"key":"Art of War"},{"floor":26.0,"key":"Regal Pillow"},{"floor":26.0,"key":"Pantograph"},{"floor":29.0,"key":"Toy Ornithopter"},{"floor":29.0,"key":"Happy Flower"},{"floor":36.0,"key":"StoneCalendar"},{"floor":37.0,"key":"Dead Branch"},{"floor":40.0,"key":"Bird Faced Urn"},{"floor":42.0,"key":"Boot"},{"floor":43.0,"key":"Mango"},{"floor":44.0,"key":"Orichalcum"}],"event_choices":[{"damage_healed":0.0,"max_hp_gain":0.0,"max_hp_loss":0.0,"gold_gain":0.0,"event_name":"Golden Idol","player_choice":"Take Wound","floor":3.0,"gold_loss":0.0,"damage_taken":0.0,"relics_obtained":["Golden Idol"],"cards_obtained":["Injury"]},{"damage_healed":0.0,"max_hp_gain":0.0,"max_hp_loss":0.0,"gold_gain":175.0,"event_name":"Liars Game","player_choice":"AGREE","floor":7.0,"gold_loss":0.0,"damage_taken":0.0,"cards_obtained":["Doubt"]},{"damage_healed":0.0,"max_hp_gain":0.0,"max_hp_loss":0.0,"gold_gain":75.0,"event_name":"World of Goop","player_choice":"Gather Gold","floor":14.0,"gold_loss":0.0,"damage_taken":11.0},{"cards_removed":["Strike_G"],"damage_healed":0.0,"max_hp_gain":0.0,"max_hp_loss":0.0,"gold_gain":0.0,"event_name":"Bonfire Elementals","player_choice":"Offered Basic","floor":19.0,"gold_loss":0.0,"damage_taken":0.0},{"damage_healed":0.0,"max_hp_gain":0.0,"max_hp_loss":0.0,"gold_gain":0.0,"event_name":"Mysterious Sphere","player_choice":"Fight","floor":36.0,"gold_loss":0.0,"damage_taken":0.0},{"damage_healed":0.0,"max_hp_gain":0.0,"max_hp_loss":0.0,"gold_gain":0.0,"event_name":"MindBloom","player_choice":"Fight","floor":37.0,"gold_loss":0.0,"damage_taken":0.0}],"is_beta":false,"boss_relics":[{"not_picked":["Cursed Key","Snecko Eye"],"picked":"WristBlade"},{"not_picked":["Coffee Dripper","Fusion Hammer"],"picked":"Tiny House"}],"items_purged_floors":[2,22,30,39,46],"is_endless":false,"potions_floor_spawned":[4,13,16,21,28,31,36,37,38,47],"ascension_level":12}}