{"host":"niv6bi8ufjzyofbf","time":1611591674,"event":{"mods":["ATMod(∞¢Ë™Mod)","Act Like it!","BaseMod","Colored Powertips","Conspire","Gensokyo","Hermit","Mad Scientist","Marisa£®ÏF”Í°°ƒß¿Ì…≥£©","Minty Spire (QoL Compilation)","Quick Restart","Rare Cards Sparkle","Reimu£®≤©¿ˆ¡È√Œ£©","Relic Filter Mod","Replay The Spire","Shop Mod","Spicy Shops","StSLib","SuperFastMode","The Cursed","The Servant 0.9.4","Youmu£®ªÍ∆«—˝√Œ£©","°æ“≈ŒÔø®≈∆°øREMEMod","≤–¡Ù÷ÆŒÔ"],"gold_per_floor":[23333,21490,21508,21520,21520,21520,21493,21505,21482,21171,21196,19963,19863,19933,18777,18797,18797,18859,18859,18707,17461,17457,17457,16994,17021,16852,16651,16651,16651,16487,16514,16514,15417,15417,15551,15551,15404,15404,15404,15007,15007,15007,14741,14788,14788,13628,13628,13662,13681,13681,13681,13216],"floor_reached":53,"language":"ZHS","playtime":3406,"items_purged":["MadScienceMod:Defend_MadScience","MadScienceMod:Defend_MadScience","MadScienceMod:Defend_MadScience","MadScienceMod:Defend_MadScience","MadScienceMod:Strike_MadScience","MadScienceMod:Strike_MadScience","MadScienceMod:Strike_MadScience"],"score":1113,"play_id":"3972c7b7-bdd4-4072-aec3-03c2105d8efa","local_time":"20210126002114","is_ascension_mode":true,"campfire_choices":[{"data":"Ghostly","floor":17,"key":"SMITH"},{"data":"MadScienceMod:BandageBot","floor":34,"key":"SMITH"},{"data":"conspire:Banana","floor":42,"key":"SMITH"},{"data":"MadScienceMod:GoldenGun+1","floor":47,"key":"SMITH"},{"data":"MadScienceMod:OmniHammer+1","floor":51,"key":"SMITH"}],"circlet_count":0,"master_deck":["MadScienceMod:Strike_MadScience","MadScienceMod:PoweredStrike","MadScienceMod:HideBehindJunk+1","Master of Strategy+2","AT_FamilyPortrait+1","MadScienceMod:ShrinkRay+1","MadScienceMod:RadioactiveSword","MadScienceMod:AcidSpray","MadScienceMod:AcidSpray","MadScienceMod:Refine+1","MadScienceMod:MinatureWeapons","Impatience","MadScienceMod:RecyclingStation","MadScienceMod:Browse","Ghostly+1","MadScienceMod:GoldenGun+2","MadScienceMod:Booster+1","MadScienceMod:Lightbulb","MadScienceMod:Bayonet+1","RitualDagger+1","MadScienceMod:Browse+1","MadScienceMod:Redesign+1","MadScienceMod:BandageBot+1","REME_Flogging+1","conspire:Banana+1","conspire:Banana+1","conspire:Banana+1","MadScienceMod:OmniHammer+2","MadScienceMod:Refuel+1"],"relics":["MadScienceMod:FuelTank","REME_ComplimentaryCards","AT_ATBox","Ice Cream","Mirror","AT_SilvercatRing","REME_OnlineShoppingPlatform","ReplayTheSpireMod:TigerMarble","Replay:Bottled Steam","Sling","MerchantsRug","RuthlessExorcism:ReiMu","Tiny Chest","AT_ChloranthyRing","REME_ArchaeologicalTools","Bronze Scales","MadScienceMod:DoomsdayDevice","conspire:InfiniteJournal","Chemical X","ReplayFunnel","MealTicket","Guide Book","Potion Belt","Orichalcum","Strange Spoon","REME_LowDesire","Replay:Baseball","War Paint","PlaceholderMod:DaolothFragment","TheAbacus","Medical Kit","PreservedInsect","Letter Opener","MutagenicStrength","Omamori","Toolbox","Gremlin Food","Nunchaku","Anchor","ReplayTheSpireMod:ShopPack","conspire:SpecialSausage","AT_BellDemon","Mummified Hand","Mastiff:ReiMu","BargainBundle","Replay:WaspNest","Bottled Tornado","DollysMirror","AT_BladeRuinedKing","AT_DeathDance","BranchBurnRelic","Counterbalance","Akabeko","Snack Pack"],"acts_visited":["Exordium","TheCity","TheBeyond"],"potions_floor_usage":[7,7,8,9,9,10,10,10,10,10,10,10,10,10,10,10,10,10,10,10,10,10,18,20,20,20,20,20,20,20,20,20,24,24,24,24,24,24,24,24,24,24,24,24,24,24,24,24,24,24,24,24,24,24,24,24,25,26,26,26,26,26,26,26,26,26,26,26,26,26,27,27,27,27,27,27,27,27,27,27,27,30,30,30,30,30,30,30,30,30,30,37,37,37,37,37,37,37,37,39,40,40,40,40,40,40,40,40,40,40,40,40,40,40,40,40,40,40,40,40,40,40,40,43,43,43,43,43,43,43,43,43,43,43,43,43,43,43,52,52,52,52,52,52,52,52,52,52,52,52,52,52,52,52,52,52,52,52,52,52,52,52],"damage_taken":[{"damage":4,"enemies":"Small Slimes","floor":1,"turns":4},{"damage":6,"enemies":"Jaw Worm","floor":3,"turns":3},{"damage":10,"enemies":"conspire:RoseBush","floor":4,"turns":1},{"damage":9,"enemies":"Blue Slaver","floor":7,"turns":3},{"damage":0,"enemies":"3 Sentries","floor":8,"turns":1},{"damage":0,"enemies":"Exordium Wildlife","floor":9,"turns":1},{"damage":4,"enemies":"Replay:BlueRogue","floor":10,"turns":2},{"damage":0,"enemies":"Large Slime","floor":14,"turns":2},{"damage":0,"enemies":"Lots of Slimes","floor":16,"turns":1},{"damage":21,"enemies":"The Guardian","floor":18,"turns":5},{"damage":0,"enemies":"Shell Parasite","floor":20,"turns":1},{"damage":0,"enemies":"2 Thieves","floor":22,"turns":1},{"damage":0,"enemies":"Centurion and Healer","floor":24,"turns":2},{"damage":6,"enemies":"Slavers","floor":25,"turns":1},{"damage":0,"enemies":"Cultist and Chosen","floor":26,"turns":1},{"damage":0,"enemies":"Snake Plant","floor":27,"turns":1},{"damage":0,"enemies":"Centurion and Healer","floor":30,"turns":1},{"damage":0,"enemies":"3 Cultists","floor":32,"turns":1},{"damage":0,"enemies":"Champ","floor":35,"turns":2},{"damage":0,"enemies":"3 Shapes","floor":37,"turns":1},{"damage":0,"enemies":"3 Darklings","floor":39,"turns":1},{"damage":0,"enemies":"Writhing Mass","floor":40,"turns":1},{"damage":0,"enemies":"Spire Growth","floor":43,"turns":1},{"damage":0,"enemies":"Sphere and 2 Shapes","floor":44,"turns":1},{"damage":0,"enemies":"Reptomancer","floor":48,"turns":1},{"damage":0,"enemies":"Writhing Mass","floor":49,"turns":1},{"damage":0,"enemies":"conspire:OrnateMirror","floor":52,"turns":1}],"seed_played":"-5694803552490893190","potions_obtained":[{"floor":1,"key":"Block Potion"},{"floor":16,"key":"ZuzhouPotion:ReiMu"}],"is_trial":false,"path_per_floor":["M","$","M","M","PTL","PTL","M","E","M","E","T","$","?","M","$","M","R","B",null,"M","$","M","?","M","E","M","M","T","?","M","T","M","$","R","B",null,"M","?","M","M","?","R","M","M","T","$","R","E","M","T","R","B",null],"character_chosen":"MAD_SCIENTIST","items_purchased":["Mirror","AT_SilvercatRing","REME_OnlineShoppingPlatform","ReplayTheSpireMod:TigerMarble","Replay:Bottled Steam","Sling","MadScienceMod:RadioactiveSword","MadScienceMod:AcidSpray","MadScienceMod:Refine","MadScienceMod:MinatureWeapons","MerchantsRug","Impatience","REME_ArchaeologicalTools","Bronze Scales","MadScienceMod:DoomsdayDevice","conspire:InfiniteJournal","Chemical X","MadScienceMod:RecyclingStation","MadScienceMod:Browse","MadScienceMod:GoldenGun","ReplayFunnel","MealTicket","Guide Book","Potion Belt","Orichalcum","Strange Spoon","Replay:Baseball","War Paint","PlaceholderMod:DaolothFragment","TheAbacus","Medical Kit","MadScienceMod:Lightbulb","Toolbox","Gremlin Food","Nunchaku","Anchor","ReplayTheSpireMod:ShopPack","Dead Branch","MadScienceMod:Redesign+1","MadScienceMod:BandageBot","BargainBundle","Replay:WaspNest","Bottled Tornado","DollysMirror","AT_BladeRuinedKing","AT_DeathDance"],"campfire_rested":0,"item_purchase_floors":[2,2,2,2,2,2,2,2,2,2,2,2,12,12,12,12,12,12,12,15,15,15,15,15,15,15,21,21,21,21,21,21,33,33,33,33,33,33,33,33,46,46,46,46,46,46],"current_hp_per_floor":[50,50,44,34,34,34,25,25,25,46,46,46,46,46,46,46,46,25,75,75,75,75,69,69,63,66,66,66,66,66,66,66,78,78,80,80,85,85,86,88,88,88,96,98,98,98,98,100,104,104,104,106],"gold":13216,"neow_bonus":"ONE_RARE_RELIC","is_daily":false,"chose_seed":false,"campfire_upgraded":5,"win_rate":0.0,"timestamp":1611591674,"path_taken":["M","$","M","M","PTL","PTL","M","E","M","E","T","$","?","M","$","M","R","BOSS","M","$","M","?","M","E","M","M","T","?","M","?","M","$","R","BOSS","M","?","M","M","?","R","M","?","T","$","R","E","M","?","R","BOSS"],"items_purchased_type":["Relic","Relic","Relic","Relic","Relic","Relic","Card","Card","Card","Card","Relic","Card","Relic","Relic","Relic","Relic","Relic","Card","Card","Card","Relic","Relic","Relic","Relic","Relic","Relic","Relic","Relic","Relic","Relic","Relic","Card","Relic","Relic","Relic","Relic","Relic","Relic","Card","Card","Relic","Relic","Relic","Relic","Relic","Relic"],"build_version":"2020-12-22","purchased_purges":7,"victory":true,"max_hp_per_floor":[75,75,75,75,75,75,75,75,75,75,75,75,75,75,75,75,75,75,75,75,75,75,75,75,75,78,78,78,78,78,78,78,78,78,80,80,85,85,86,88,88,88,96,98,98,98,98,100,104,104,104,106],"card_choices":[{"not_picked":["MadScienceMod:FragmentationGrenade","MadScienceMod:LightOnFire"],"picked":"MadScienceMod:ShrinkRay","floor":1},{"not_picked":["MadScienceMod:Bombardment","MadScienceMod:AcidSpray","MadScienceMod:Sprocket"],"picked":"SKIP","floor":3},{"not_picked":["MadScienceMod:NowOrNever","MadScienceMod:ShrinkRay","MadScienceMod:Probe"],"picked":"SKIP","floor":4},{"not_picked":["MadScienceMod:OilDrum","MadScienceMod:MechanicalClaw","MadScienceMod:ShrinkRay"],"picked":"SKIP","floor":7},{"not_picked":["MadScienceMod:ShrinkRay","MadScienceMod:EnergyBarrier","MadScienceMod:SelfDestruct"],"picked":"SKIP","floor":8},{"not_picked":["MadScienceMod:FlexibleSpear","MadScienceMod:AutoStrike","MadScienceMod:Detonate"],"picked":"SKIP","floor":9},{"not_picked":["MadScienceMod:LightOnFire","MadScienceMod:CaptureMomentum","MadScienceMod:GattlingGun"],"picked":"SKIP","floor":10},{"not_picked":["MadScienceMod:LightOnFire","MadScienceMod:AcidSpray","MadScienceMod:OilDrum"],"picked":"SKIP","floor":14},{"not_picked":["MadScienceMod:ExploreOptions","MadScienceMod:Virus","MadScienceMod:OilDrum"],"picked":"SKIP","floor":16},{"not_picked":["MadScienceMod:CloneVats","MadScienceMod:FumeHood"],"picked":"MadScienceMod:Booster","floor":18},{"not_picked":["MadScienceMod:Strafe","MadScienceMod:Sprocket+1","MadScienceMod:ParticleBeam","ReplayUltimateDefense"],"picked":"SKIP","floor":20},{"not_picked":["MadScienceMod:LightOnFire","MadScienceMod:OilDrum","Discovery"],"picked":"MadScienceMod:Bayonet+1","floor":22},{"not_picked":["MadScienceMod:FumeBlast","MadScienceMod:PowerArmor","MadScienceMod:MechanicalClaw","ReplayTheSpireMod:Trickstab"],"picked":"SKIP","floor":24},{"not_picked":["MadScienceMod:RadioactiveSword+1","MadScienceMod:Detonate+1","MadScienceMod:CloneVats","Enlightenment"],"picked":"SKIP","floor":25},{"not_picked":["MadScienceMod:Retarget","MadScienceMod:ParticleBeam","MadScienceMod:OilDrum+1","Blind"],"picked":"SKIP","floor":26},{"not_picked":["MadScienceMod:SelfDestruct","MadScienceMod:EnergyBarrier+1","REME_BodyOfCthun"],"picked":"MadScienceMod:Browse+1","floor":27},{"not_picked":["MadScienceMod:ShrinkRay+1","MadScienceMod:MechanicalClaw","MadScienceMod:AssemblyLine","Chrysalis"],"picked":"SKIP","floor":30},{"not_picked":["MadScienceMod:Reconstitute","MadScienceMod:PowerArmor","MadScienceMod:AntimatterBomb","AT_LightSaberMaster"],"picked":"SKIP","floor":32},{"not_picked":["REME_PuzzleBox","Crow Ritual","AT_FamilyPortrait"],"picked":"REME_Flogging","floor":33},{"not_picked":["PanicButton","Replay:BasicMightCard","Deep Breath"],"picked":"conspire:Banana","floor":33},{"not_picked":["Forethought","Crow Ritual","Survey Options"],"picked":"conspire:Banana","floor":33},{"not_picked":["MadScienceMod:NowOrNever+1","MadScienceMod:ParticleBeam","MadScienceMod:FlameCannon+1","REME_ProfessionalPlagiarism"],"picked":"SKIP","floor":37},{"not_picked":["MadScienceMod:NowOrNever+1","MadScienceMod:FlexibleSpear","MadScienceMod:MechanicalClaw+1","Bandage Up"],"picked":"SKIP","floor":39},{"not_picked":["MadScienceMod:NowOrNever","MadScienceMod:RadioactiveSword+1","MadScienceMod:Browse+1","ReplayUltimateDefense"],"picked":"SKIP","floor":40},{"not_picked":["MadScienceMod:EnergyBarrier+1","MadScienceMod:AntimatterBomb+1","MadScienceMod:Sprocket","AT_BreakingExtremeWeapon"],"picked":"SKIP","floor":43},{"not_picked":["MadScienceMod:Liquify","MadScienceMod:Sprocket","MadScienceMod:JunkLaser","AT_BreakingExtremeWeapon"],"picked":"SKIP","floor":44},{"not_picked":["MadScienceMod:FragmentationGrenade+1","MadScienceMod:Tune","Trip+1"],"picked":"MadScienceMod:OmniHammer+1","floor":48},{"not_picked":["MadScienceMod:LightOnFire","MadScienceMod:RadioactiveSword+1","Deep Breath"],"picked":"MadScienceMod:Refuel+1","floor":49}],"player_experience":580975,"relics_obtained":[{"floor":8,"key":"RuthlessExorcism:ReiMu"},{"floor":10,"key":"Tiny Chest"},{"floor":11,"key":"AT_ChloranthyRing"},{"floor":25,"key":"PreservedInsect"},{"floor":28,"key":"Letter Opener"},{"floor":31,"key":"Omamori"},{"floor":44,"key":"Mummified Hand"},{"floor":45,"key":"Mastiff:ReiMu"},{"floor":48,"key":"Counterbalance"},{"floor":48,"key":"Akabeko"},{"floor":50,"key":"Snack Pack"}],"event_choices":[{"damage_healed":0,"gold_gain":0,"player_choice":"Argue","damage_taken":0,"max_hp_gain":0,"max_hp_loss":0,"event_name":"conspire:LoneGhost","floor":13,"gold_loss":0},{"damage_healed":0,"gold_gain":0,"player_choice":"Joined the Cult","damage_taken":6,"max_hp_gain":0,"max_hp_loss":0,"event_name":"Nest","floor":23,"gold_loss":0,"cards_obtained":["RitualDagger"]},{"damage_healed":0,"gold_gain":0,"player_choice":"Inject Mutagens","damage_taken":0,"relics_obtained":["MutagenicStrength"],"max_hp_gain":0,"max_hp_loss":0,"event_name":"Drug Dealer","floor":29,"gold_loss":0},{"damage_healed":0,"gold_gain":0,"player_choice":"Ignored","damage_taken":0,"max_hp_gain":0,"max_hp_loss":0,"event_name":"Tomb of Lord Red Mask","floor":38,"gold_loss":0},{"damage_healed":0,"gold_gain":0,"player_choice":"Upgraded","damage_taken":0,"max_hp_gain":0,"max_hp_loss":0,"event_name":"Upgrade Shrine","floor":41,"gold_loss":0,"cards_upgraded":["conspire:Banana"]}],"is_beta":false,"boss_relics":[{"not_picked":["Honey Jar","Pandora\u0027s Box"],"picked":"REME_LowDesire"},{"not_picked":["Kintsugi","Cursed Key"],"picked":"conspire:SpecialSausage"}],"items_purged_floors":[2,12,15,21,21,33,46],"is_endless":false,"potions_floor_spawned":[1,4,10,16,22,25,26,27,40,43,49],"ascension_level":2}}