{"host":"qgrlfjrqk9z96gfi","time":1611539681,"event":{"mods":["BaseMod","Block Reminder","Colored Map","Custom Start","DeckTracker","Minty Spire (QoL Compilation)"],"gold_per_floor":[110,260,260,276,289,317,317,317,317],"floor_reached":8,"language":"ENG","playtime":205,"items_purged":[],"score":112,"play_id":"a0a4f909-cb9c-4289-bdeb-0f1c5094c0f1","local_time":"20210124155441","is_ascension_mode":true,"campfire_choices":[{"floor":7,"key":"REST"}],"circlet_count":0,"master_deck":["AscendersBane","Strike_G","Strike_G","Strike_G","Strike_G","Strike_G","Defend_G","Defend_G","Defend_G","Defend_G","Defend_G","Survivor","Neutralize","Blade Dance","Finisher","Blade Dance","After Image"],"relics":["Ring of the Snake","NeowsBlessing","Molten Egg 2"],"acts_visited":["Exordium"],"potions_floor_usage":[],"damage_taken":[{"damage":0,"enemies":"Cultist","floor":1,"turns":1},{"damage":0,"enemies":"2 Louse","floor":4,"turns":1},{"damage":0,"enemies":"Small Slimes","floor":5,"turns":1},{"damage":52,"enemies":"Lagavulin","floor":6,"turns":11},{"damage":33,"enemies":"3 Sentries","floor":8,"turns":10}],"seed_played":"-8069770653458067238","potions_obtained":[{"floor":6,"key":"FearPotion"}],"is_trial":false,"path_per_floor":["M","?","?","M","M","E","R","E"],"character_chosen":"THE_SILENT","items_purchased":[],"campfire_rested":1,"item_purchase_floors":[],"current_hp_per_floor":[59,59,59,59,59,7,26,0,0],"gold":317,"neow_bonus":"THREE_ENEMY_KILL","is_daily":false,"chose_seed":false,"campfire_upgraded":0,"win_rate":0.0,"timestamp":1611539681,"path_taken":["M","?","?","?","M","E","R","E"],"items_purchased_type":[],"build_version":"2020-12-22","purchased_purges":0,"victory":false,"max_hp_per_floor":[66,66,66,66,66,66,66,66,66],"card_choices":[{"not_picked":["Flying Knee","PiercingWail"],"picked":"Blade Dance","floor":1},{"not_picked":["Endless Agony","Cloak And Dagger"],"picked":"Finisher","floor":4},{"not_picked":["Deflect","Choke"],"picked":"Blade Dance","floor":5},{"not_picked":["Tactician","Slice+1"],"picked":"After Image","floor":6}],"player_experience":1058934,"relics_obtained":[{"floor":6,"key":"Molten Egg 2"}],"event_choices":[{"damage_healed":0,"gold_gain":150,"player_choice":"AGREE","damage_taken":0,"max_hp_gain":0,"max_hp_loss":0,"event_name":"Liars Game","floor":2,"gold_loss":0,"cards_obtained":["Doubt"]},{"cards_removed":["Doubt"],"damage_healed":0,"gold_gain":0,"player_choice":"Removed Curses","damage_taken":0,"max_hp_gain":0,"max_hp_loss":0,"event_name":"Fountain of Cleansing","floor":3,"gold_loss":0}],"is_beta":false,"boss_relics":[],"items_purged_floors":[],"is_endless":false,"potions_floor_spawned":[6],"killed_by":"3 Sentries","ascension_level":20}}