{"host":"v3mpq6flurzldi5g","time":1611543160,"event":{"mods":["AchievementEnabler","BaseMod","Colored Powertips","Highlight Path","Minty Spire (QoL Compilation)","StSLib"],"gold_per_floor":[218,218,71,82,82,82,94,94,94,94,114,126,148,167,167,265,265,277,287,297,312,32,32,32],"floor_reached":23,"language":"ENG","playtime":1148,"items_purged":["Strike_R"],"score":296,"play_id":"271bc043-a200-49c3-8a60-64b15bb37f2f","local_time":"20210124215240","is_ascension_mode":true,"campfire_choices":[{"data":"Bash","floor":6.0,"key":"SMITH"},{"data":"Defend_R","floor":8.0,"key":"SMITH"},{"floor":10.0,"key":"REST"},{"floor":15.0,"key":"REST"}],"circlet_count":0,"master_deck":["AscendersBane","Strike_R+1","Strike_R+1","Strike_R","Defend_R","Defend_R","Defend_R+1","Defend_R","Bash+1","Twin Strike","Flame Barrier","Bludgeon","Battle Trance","Impervious","Spot Weakness","Shrug It Off","Cleave"],"relics":["Black Blood","Red Skull","Meat on the Bone","Odd Mushroom","Nunchaku"],"acts_visited":["Exordium","TheCity"],"potions_floor_usage":[21,23],"damage_taken":[{"damage":4.0,"enemies":"2 Louse","floor":1.0,"turns":3.0},{"damage":4.0,"enemies":"Jaw Worm","floor":4.0,"turns":5.0},{"damage":1.0,"enemies":"Cultist","floor":7.0,"turns":4.0},{"damage":7.0,"enemies":"Exordium Wildlife","floor":11.0,"turns":3.0},{"damage":10.0,"enemies":"3 Louse","floor":12.0,"turns":4.0},{"damage":19.0,"enemies":"The Mushroom Lair","floor":13.0,"turns":5.0},{"damage":14.0,"enemies":"Exordium Thugs","floor":14.0,"turns":4.0},{"damage":41.0,"enemies":"The Guardian","floor":16.0,"turns":11.0},{"damage":14.0,"enemies":"3 Byrds","floor":18.0,"turns":5.0},{"damage":0.0,"enemies":"Chosen","floor":19.0,"turns":4.0},{"damage":38.0,"enemies":"Snake Plant","floor":20.0,"turns":4.0},{"damage":17,"enemies":"Centurion and Healer","floor":21,"turns":8},{"damage":65,"enemies":"Slavers","floor":23,"turns":6}],"seed_played":"2589268069323110212","potions_obtained":[{"floor":7.0,"key":"LiquidMemories"},{"floor":12.0,"key":"EssenceOfSteel"},{"floor":14.0,"key":"ColorlessPotion"},{"floor":16.0,"key":"Strength Potion"},{"floor":18.0,"key":"SteroidPotion"},{"floor":21,"key":"BlessingOfTheForge"}],"is_trial":false,"path_per_floor":["M","?","$","M","?","R","M","R","T","R","M","M","?","M","R","B",null,"M","M","M","M","$","E"],"character_chosen":"IRONCLAD","items_purchased":["Red Skull","Nunchaku","Cleave"],"campfire_rested":2,"item_purchase_floors":[3,22,22],"current_hp_per_floor":[74,58,58,60,53,53,58,58,58,80,79,75,62,54,78,55,74,72,80,54,61,61,0,0],"gold":32,"neow_bonus":"HUNDRED_GOLD","is_daily":false,"chose_seed":false,"campfire_upgraded":2,"win_rate":0.0,"timestamp":1611543160,"path_taken":["M","?","$","M","?","R","M","R","T","R","M","M","?","?","R","BOSS","M","M","M","M","$","E"],"items_purchased_type":["Relic","Relic","Card"],"build_version":"2020-12-22","purchased_purges":1,"victory":false,"max_hp_per_floor":[80,80,80,80,80,80,80,80,80,80,80,80,80,80,80,80,80,80,80,80,80,80,80,80],"card_choices":[{"not_picked":["Sword Boomerang","Burning Pact"],"picked":"Twin Strike","floor":1.0},{"not_picked":["Warcry","Headbutt","Clash"],"picked":"SKIP","floor":4.0},{"not_picked":["Bloodletting","Sword Boomerang","Headbutt"],"picked":"SKIP","floor":7.0},{"not_picked":["Pommel Strike","Pummel","Warcry"],"picked":"SKIP","floor":11.0},{"not_picked":["Pummel","Anger"],"picked":"Flame Barrier","floor":12.0},{"not_picked":["Blood for Blood","Pommel Strike"],"picked":"Bludgeon","floor":13.0},{"not_picked":["Headbutt","Sword Boomerang"],"picked":"Battle Trance","floor":14.0},{"not_picked":["Juggernaut","Bludgeon"],"picked":"Impervious","floor":16.0},{"not_picked":["Sentinel","Wild Strike"],"picked":"Spot Weakness","floor":18.0},{"not_picked":["Twin Strike","Flex+1"],"picked":"Shrug It Off","floor":19.0},{"not_picked":["Power Through","Carnage","Pommel Strike"],"picked":"SKIP","floor":20.0},{"not_picked":["Sword Boomerang","Reckless Charge","Warcry"],"picked":"SKIP","floor":21}],"player_experience":1040884,"relics_obtained":[{"floor":9.0,"key":"Meat on the Bone"},{"floor":13.0,"key":"Odd Mushroom"}],"event_choices":[{"damage_healed":0.0,"max_hp_gain":0.0,"max_hp_loss":0.0,"gold_gain":0.0,"event_name":"Shining Light","player_choice":"Entered Light","floor":2.0,"gold_loss":0.0,"damage_taken":16.0,"cards_upgraded":["Strike_R","Strike_R"]},{"cards_removed":["Strike_R"],"damage_healed":0.0,"max_hp_gain":0.0,"max_hp_loss":0.0,"gold_gain":0.0,"event_name":"Golden Wing","player_choice":"Card Removal","floor":5.0,"gold_loss":0.0,"damage_taken":7.0},{"damage_healed":0.0,"max_hp_gain":0.0,"max_hp_loss":0.0,"gold_gain":0.0,"event_name":"Mushrooms","player_choice":"Fought Mushrooms","floor":13.0,"gold_loss":0.0,"damage_taken":0.0}],"is_beta":false,"boss_relics":[{"not_picked":["Fusion Hammer","Empty Cage"],"picked":"Black Blood"}],"items_purged_floors":[22],"is_endless":false,"potions_floor_spawned":[7,12,14,16,18,21],"killed_by":"Slavers","ascension_level":12}}