{"host":"8srk5r1dwtmjotwd","time":1611609661,"event":{"mods":["AchievementEnabler","Act Like it!","BaseMod","Beaked The Cultist","Bestiary","Better Note","Better Third Choice","Colored Map","Colored Powertips","Friendly Minions","GifTheSpireLib","Halation","Hallownest","Hermit","Hubris","Minty Spire (QoL Compilation)","Quick Restart","Rare Cards Sparkle","Replay The Spire","Robot Space Explorer","Shop Mod","StSLib","SuperFastMode","Synergy Search","The Bug Knight","The Construct","The Cursed","The Jungle","The Servant 0.9.4","Thieving Mod","Yohane!","everything is the same but u backflip on backflip","slay the spire mod where everything is the same but ironclad has a cowboy hat"],"gold_per_floor":[113,113,126,136,136,136,171,185,185,185,205,205,205,205,205,223,223,321,321,334,353,353,371,381,381,381,401,401,413,413,45,45,77,77,77,77],"floor_reached":35,"language":"ENG","playtime":2744,"items_purged":[],"score":279,"play_id":"31b82fea-2b53-4959-9a0d-b7a03e1216ac","local_time":"20210125162101","is_ascension_mode":false,"campfire_choices":[{"data":"HollowMod:SiblingsSouls","floor":6,"key":"SMITH"},{"data":"HollowMod:SoulSplash","floor":10,"key":"SMITH"},{"data":"HollowMod:HuntersJournal","floor":15,"key":"SMITH"},{"data":"HollowMod:NailStrikeStart","floor":17,"key":"SMITH"},{"data":"HollowMod:NailStrikeStart","floor":25,"key":"SMITH"},{"floor":32,"key":"REST"},{"floor":34,"key":"REST"}],"circlet_count":0,"master_deck":["HollowMod:NailStrikeStart","HollowMod:NailStrikeStart","HollowMod:NailStrikeStart","HollowMod:NailStrikeStart","HollowMod:QuickDashStart","HollowMod:QuickDashStart","HollowMod:QuickDashStart","HollowMod:QuickDashStart","HollowMod:FocusHealStart","HollowMod:PogoStrike+1","HollowMod:CoiledNail","HollowMod:SoulSplash+1","HollowMod:SiblingsSouls+1","HollowMod:FallenFury","HollowMod:DashSlash","HollowMod:SiblingsSouls","Jack Of All Trades","HollowMod:HuntersJournal+1","HollowMod:SoulStrike","HollowMod:AwokenDreamNail","HollowMod:SoulShaman","HollowMod:QuirrelsAssistance","HollowMod:CloakDash","HollowMod:ShapeofUnn+1","HollowMod:SoulSplash","Discovery","HollowMod:HuntersJournal+1"],"relics":["HollowMod:VesselMask","NeowsBlessing","halation:PinkSoulGem","Simple Rune","Onion Ring","Runic Pyramid","MutagenicStrength","Bottled Lightning","Replay:Mystery Machine","Golden Egg"],"acts_visited":["Hallownest:Greenpath","TheCity"],"potions_floor_usage":[21,24,24,29,33,35],"damage_taken":[{"damage":0,"enemies":"Hallownest:monsterHuskWarrior","floor":1,"turns":1},{"damage":0,"enemies":"2_ Uuma","floor":3,"turns":1},{"damage":0,"enemies":"Hallownest:monsterHuskGuard","floor":4,"turns":1},{"damage":15,"enemies":"Hallownest:eliteCrystalGuardian","floor":7,"turns":5},{"damage":3,"enemies":"Hallownest:MossCreep_and_Mosskin","floor":8,"turns":3},{"damage":2,"enemies":"Hallownest:Guard_and_Warrior","floor":11,"turns":3},{"damage":0,"enemies":"Hallownest:Wandering_and_Horned","floor":16,"turns":3},{"damage":20,"enemies":"Hallownest:BossFalseKnight","floor":18,"turns":5},{"damage":10,"enemies":"Chosen","floor":20,"turns":3},{"damage":5,"enemies":"3 Byrds","floor":21,"turns":3},{"damage":11,"enemies":"Snecko","floor":23,"turns":3},{"damage":0,"enemies":"3 Cultists","floor":24,"turns":2},{"damage":6,"enemies":"Cultist and Chosen","floor":27,"turns":3},{"damage":16,"enemies":"Sentry and Sphere","floor":29,"turns":4},{"damage":58,"enemies":"Slavers","floor":33,"turns":5},{"damage":52,"enemies":"Automaton","floor":35,"turns":6}],"seed_played":"1521635450433820344","potions_obtained":[{"floor":1,"key":"Milkshake"},{"floor":11,"key":"GamblersBrew"},{"floor":18,"key":"Toxic Potion"},{"floor":23,"key":"Toxic Potion"},{"floor":24,"key":"Ancient Potion"},{"floor":27,"key":"Elixir"}],"is_trial":false,"path_per_floor":["M","?","M","M","?","R","E","M","T","R","M","PTL","PTL","?","R","M","R_BF","B",null,"M","M","?","M","M","R","?","M","T","M","?","$","R","E","R","B"],"character_chosen":"THE_BUGKNIGHT","items_purchased":["Discovery","DistilledChaos","Replay:Mystery Machine","Strength Potion"],"campfire_rested":2,"item_purchase_floors":[31,31,31,31],"current_hp_per_floor":[75,75,75,75,75,75,60,57,57,57,55,55,55,55,55,61,61,41,75,71,66,52,41,41,41,41,35,35,19,39,39,63,11,35,0,0],"gold":77,"neow_bonus":"THREE_ENEMY_KILL","is_daily":false,"chose_seed":false,"campfire_upgraded":5,"win_rate":0.0,"timestamp":1611609661,"path_taken":["M","?","M","M","?","R","E","M","T","R","M","PTL","PTL","?","R","M","R_BF","BOSS","M","M","?","M","M","R","?","?","T","M","?","$","R","E","R","BOSS"],"items_purchased_type":["Card","Potion","Relic","Potion"],"build_version":"2020-12-22","purchased_purges":0,"victory":false,"max_hp_per_floor":[75,75,75,75,75,75,75,75,75,75,75,75,75,75,75,75,75,75,75,75,75,80,80,80,80,80,80,80,80,80,80,80,80,80,80,80],"card_choices":[{"not_picked":["HollowMod:TaintedHusks","HollowMod:PureNailStrike"],"picked":"HollowMod:CoiledNail","floor":1},{"not_picked":["HollowMod:GreatSlash","HollowMod:GoodIntentions"],"picked":"HollowMod:SoulSplash","floor":3},{"not_picked":["HollowMod:InfectedCysts","HollowMod:SoulShaman"],"picked":"HollowMod:SiblingsSouls","floor":4},{"not_picked":["HollowMod:DashSlash","HollowMod:SiblingsShadow"],"picked":"HollowMod:FallenFury","floor":7},{"not_picked":["HollowMod:MidwifesHunger","HollowMod:HuntersJournal"],"picked":"HollowMod:DashSlash","floor":8},{"not_picked":["HollowMod:ShadowDash","HollowMod:InfectedAttack"],"picked":"HollowMod:SiblingsSouls","floor":11},{"not_picked":["Finesse","Enlightenment"],"picked":"Jack Of All Trades","floor":14},{"not_picked":["HollowMod:SoulShaman","HollowMod:CycloneSlash"],"picked":"HollowMod:HuntersJournal","floor":14},{"not_picked":["HollowMod:DoubleDash","HollowMod:AbyssShriek"],"picked":"HollowMod:SoulStrike","floor":16},{"not_picked":["HollowMod:ZotesMagnificence","HollowMod:MidwifesHunger"],"picked":"HollowMod:AwokenDreamNail","floor":18},{"not_picked":["HollowMod:GoodIntentions","HollowMod:DescendingDark"],"picked":"HollowMod:SoulShaman","floor":20},{"not_picked":["HollowMod:WraithStrike+1","HollowMod:ShadowDash"],"picked":"HollowMod:QuirrelsAssistance","floor":21},{"not_picked":["HollowMod:NewJinnsSoul","HollowMod:ZotesMagnificence"],"picked":"HollowMod:CloakDash","floor":23},{"not_picked":["HollowMod:FallenFury","HollowMod:InfectedAttack"],"picked":"HollowMod:ShapeofUnn+1","floor":24},{"not_picked":["HollowMod:CycloneSlash","HollowMod:CornifersMapStart+1"],"picked":"HollowMod:SoulSplash","floor":27},{"not_picked":["HollowMod:RecoilStrike","HollowMod:InfectedCysts","HollowMod:SoulShaman"],"picked":"SKIP","floor":29},{"not_picked":["HollowMod:GoodIntentions","HollowMod:HeavyBlow"],"picked":"HollowMod:HuntersJournal+1","floor":33}],"player_experience":58410,"relics_obtained":[{"floor":7,"key":"Simple Rune"},{"floor":9,"key":"Onion Ring"},{"floor":28,"key":"Bottled Lightning"},{"floor":33,"key":"Golden Egg"}],"event_choices":[{"damage_healed":0,"gold_gain":0,"player_choice":"Shed Blood","damage_taken":19,"max_hp_gain":5,"max_hp_loss":0,"event_name":"Forgotten Altar","floor":22,"gold_loss":0},{"damage_healed":0,"gold_gain":0,"player_choice":"Inject Mutagens","damage_taken":0,"relics_obtained":["MutagenicStrength"],"max_hp_gain":0,"max_hp_loss":0,"event_name":"Drug Dealer","floor":26,"gold_loss":0}],"is_beta":false,"boss_relics":[{"not_picked":["halation:ForbiddenBikini","SacredBark"],"picked":"Runic Pyramid"}],"items_purged_floors":[],"is_endless":false,"potions_floor_spawned":[1,11,18,23,24,27],"killed_by":"Automaton","ascension_level":0}}