{"host":"j4g6ia6asvpyu2b0","time":1611614729,"event":{"mods":["BaseMod","Colored Map","Minty Spire (QoL Compilation)","Permanent Neow","Quick Restart","Relic Stats","StSLib","Unceasing Turn Reminder"],"gold_per_floor":[10,24,24,45,45,88,88,131,131,131,131,131,51,70,70,201,201,221,240,240,240,258,292,292,335,335,374,392,412,412,436,436,562,562,575,575,595,614,614,614,648,351,419,201,265,265,305,321,321,321,321,321,31,65,65],"floor_reached":56,"language":"ENG","playtime":1708,"items_purged":["Strike_B"],"score":1399,"play_id":"e5328d09-521a-400c-8da6-182118269021","local_time":"20210125154529","is_ascension_mode":true,"campfire_choices":[{"data":"Apotheosis","floor":7.0,"key":"SMITH"},{"floor":10.0,"key":"REST"},{"floor":12.0,"key":"RECALL"},{"data":"Defragment","floor":15.0,"key":"SMITH"},{"floor":24.0,"key":"REST"},{"floor":30.0,"key":"REST"},{"floor":32.0,"key":"REST"},{"floor":40,"key":"REST"},{"floor":49,"key":"REST"},{"floor":52,"key":"REST"}],"circlet_count":0,"master_deck":["Strike_B","Defend_B","Defend_B","Defend_B","Zap","Dualcast","Apotheosis+1","Ball Lightning","Conserve Battery","Ball Lightning","Coolheaded","Sunder","Melter","Defragment+1","Hologram","Seek","Ball Lightning","Ball Lightning","Necronomicurse","Loop+1","Defragment","Reboot","Ball Lightning+1","Heatsinks+1","Chaos","Echo Form","Biased Cognition","FTL","Coolheaded","Loop","Defragment","Panacea","PiercingWail"],"relics":["Cracked Core","Golden Idol","Bag of Marbles","Bird Faced Urn","Gremlin Horn","Fusion Hammer","Necronomicon","Mercury Hourglass","Ornamental Fan","Shuriken","Strawberry","Busted Crown","Pocketwatch","HornCleat","ClockworkSouvenir","Question Card","PrismaticShard","Lizard Tail","Bottled Flame","Gambling Chip","Mummified Hand"],"acts_visited":["Exordium","TheCity","TheBeyond","TheEnding"],"potions_floor_usage":[33,55,55,55],"damage_taken":[{"damage":5.0,"enemies":"Small Slimes","floor":1.0,"turns":4.0},{"damage":1.0,"enemies":"Jaw Worm","floor":2.0,"turns":3.0},{"damage":0.0,"enemies":"2 Louse","floor":4.0,"turns":2.0},{"damage":0.0,"enemies":"Lagavulin","floor":6.0,"turns":7.0},{"damage":26.0,"enemies":"3 Sentries","floor":8.0,"turns":5.0},{"damage":0.0,"enemies":"Blue Slaver","floor":14.0,"turns":3.0},{"damage":4.0,"enemies":"Slime Boss","floor":16.0,"turns":6.0},{"damage":10.0,"enemies":"2 Thieves","floor":18.0,"turns":2.0},{"damage":10.0,"enemies":"Chosen","floor":19.0,"turns":2.0},{"damage":5.0,"enemies":"Snake Plant","floor":22.0,"turns":3.0},{"damage":0.0,"enemies":"Gremlin Leader","floor":23.0,"turns":3.0},{"damage":13.0,"enemies":"Book of Stabbing","floor":25.0,"turns":4.0},{"damage":15.0,"enemies":"Gremlin Leader","floor":27.0,"turns":3.0},{"damage":9.0,"enemies":"3 Cultists","floor":28.0,"turns":3.0},{"damage":0.0,"enemies":"Centurion and Healer","floor":29.0,"turns":2.0},{"damage":0.0,"enemies":"Sentry and Sphere","floor":31.0,"turns":3.0},{"damage":31,"enemies":"Champ","floor":33,"turns":7},{"damage":0,"enemies":"3 Darklings","floor":35,"turns":3},{"damage":5,"enemies":"3 Shapes","floor":37,"turns":3},{"damage":0,"enemies":"Sphere and 2 Shapes","floor":38,"turns":2},{"damage":7,"enemies":"Nemesis","floor":41,"turns":3},{"damage":0,"enemies":"2 Orb Walkers","floor":45,"turns":3},{"damage":21,"enemies":"Reptomancer","floor":47,"turns":4},{"damage":0,"enemies":"Transient","floor":48,"turns":5},{"damage":43,"enemies":"Donu and Deca","floor":50,"turns":7},{"damage":60,"enemies":"Shield and Spear","floor":54,"turns":5},{"damage":105,"enemies":"The Heart","floor":55,"turns":8}],"seed_played":"-8122535451015237520","potions_obtained":[{"floor":2.0,"key":"Swift Potion"},{"floor":6.0,"key":"CultistPotion"},{"floor":16.0,"key":"Explosive Potion"},{"floor":18.0,"key":"SkillPotion"},{"floor":25.0,"key":"ColorlessPotion"},{"floor":31.0,"key":"DistilledChaos"},{"floor":33,"key":"SpeedPotion"},{"floor":35,"key":"FearPotion"},{"floor":41,"key":"PotionOfCapacity"},{"floor":47,"key":"AttackPotion"},{"floor":54,"key":"PotionOfCapacity"}],"is_trial":false,"path_per_floor":["M","M","?","M","?","E","R","E","T","R","?","R","$","M","R","B",null,"M","M","?","T","M","E","R","E","T","E","M","M","R","M","R","B",null,"M","?","M","M","T","R","E","$","T","$","?","?","E","M","R","B",null,"R","$","E","B",null],"character_chosen":"DEFECT","items_purchased":["Defragment","Loop","ClockworkSouvenir","Defragment","PrismaticShard","Gambling Chip"],"campfire_rested":7,"item_purchase_floors":[13,42,42,44,44,53],"current_hp_per_floor":[70,69,51,51,56,56,56,30,30,54,54,54,54,56,56,54,80,70,62,46,46,43,43,67,60,60,56,51,53,79,83,87,72,87,87,87,82,84,84,87,84,84,84,84,87,87,78,87,87,66,87,87,87,43,27],"gold":65,"neow_bonus":"RANDOM_COLORLESS_2","is_daily":false,"chose_seed":false,"campfire_upgraded":2,"win_rate":0.0,"timestamp":1611614729,"path_taken":["M","M","?","M","?","E","R","E","T","R","?","R","?","M","R","BOSS","M","M","?","?","M","E","R","E","T","E","M","?","R","M","R","BOSS","M","?","?","M","?","R","E","$","T","?","?","?","E","M","R","BOSS","R","$","E","BOSS"],"items_purchased_type":["Card","Card","Relic","Card","Relic","Relic"],"build_version":"2020-12-22","purchased_purges":1,"victory":true,"max_hp_per_floor":[75,75,75,75,80,80,80,80,80,80,80,80,80,80,80,80,80,80,80,80,80,80,80,80,80,80,87,87,87,87,87,87,87,87,87,87,87,87,87,87,87,87,87,87,87,87,87,87,87,87,87,87,87,87,87],"relic_stats":{"Gremlin Horn":[28,28],"counters":[27,104],"Golden Idol":225,"Question Card":4,"Mercury Hourglass":[270],"Lizard Tail":43,"Busted Crown":16,"Ornamental Fan":[96],"Shuriken":[24],"Mummified Hand":[9],"Bird Faced Urn":[130],"Gambling Chip":[4],"Necronomicon":[20],"obtain_stats":[{"Gremlin Horn":9,"Golden Idol":3,"Question Card":43,"PrismaticShard":44,"Mercury Hourglass":23,"ClockworkSouvenir":42,"Lizard Tail":45,"Bottled Flame":47,"Busted Crown":34,"HornCleat":41,"Ornamental Fan":25,"Shuriken":26,"Mummified Hand":54,"Bird Faced Urn":8,"Strawberry":27,"Gambling Chip":53,"Fusion Hammer":17,"Bag of Marbles":6,"Necronomicon":20,"Cracked Core":0,"Pocketwatch":39},{"Gremlin Horn":5,"Golden Idol":2,"Question Card":21,"PrismaticShard":21,"Mercury Hourglass":11,"ClockworkSouvenir":21,"Lizard Tail":22,"Bottled Flame":23,"Busted Crown":17,"HornCleat":21,"Ornamental Fan":12,"Shuriken":12,"Mummified Hand":26,"Bird Faced Urn":5,"Strawberry":13,"Gambling Chip":25,"Fusion Hammer":7,"Bag of Marbles":4,"Necronomicon":9,"Cracked Core":0,"Pocketwatch":20},{"Gremlin Horn":21,"Golden Idol":7,"Question Card":73,"PrismaticShard":73,"Mercury Hourglass":40,"ClockworkSouvenir":73,"Lizard Tail":76,"Bottled Flame":80,"Busted Crown":62,"HornCleat":73,"Ornamental Fan":44,"Shuriken":44,"Mummified Hand":97,"Bird Faced Urn":21,"Strawberry":47,"Gambling Chip":92,"Fusion Hammer":30,"Bag of Marbles":16,"Necronomicon":34,"Cracked Core":0,"Pocketwatch":70}],"Pocketwatch":[0]},"card_choices":[{"not_picked":["Secret Weapon","Transmutation"],"picked":"Apotheosis","floor":0.0},{"not_picked":["Streamline","Stack"],"picked":"Ball Lightning","floor":1.0},{"not_picked":["Stack","Streamline"],"picked":"Conserve Battery","floor":2.0},{"not_picked":["Steam","Leap"],"picked":"Ball Lightning","floor":4.0},{"not_picked":["Multi-Cast","Stack"],"picked":"Coolheaded","floor":6.0},{"not_picked":["Gash","Rebound"],"picked":"Sunder","floor":8.0},{"not_picked":["Conserve Battery","Force Field"],"picked":"Hologram","floor":14.0},{"not_picked":["Core Surge","Multi-Cast"],"picked":"Seek","floor":16.0},{"not_picked":["Redo","Conserve Battery"],"picked":"Ball Lightning","floor":18.0},{"not_picked":["Auto Shields+1","Leap"],"picked":"Ball Lightning","floor":19.0},{"not_picked":["Compile Driver","Melter+1"],"picked":"Loop+1","floor":22.0},{"not_picked":["Force Field","Blizzard"],"picked":"Defragment","floor":23.0},{"not_picked":["Genetic Algorithm","Barrage"],"picked":"Reboot","floor":25.0},{"not_picked":["Beam Cell+1","Tempest"],"picked":"Ball Lightning+1","floor":27.0},{"not_picked":["Barrage+1","BootSequence+1"],"picked":"Heatsinks+1","floor":28.0},{"not_picked":["Reprogram+1","Conserve Battery"],"picked":"Chaos","floor":29.0},{"not_picked":["Undo","Conserve Battery"],"picked":"Echo Form","floor":31.0},{"not_picked":["Seek","Fission"],"picked":"Biased Cognition","floor":33},{"not_picked":["FTL"],"picked":"SKIP","floor":35},{"not_picked":["Gash+1"],"picked":"SKIP","floor":37},{"not_picked":["Steam+1"],"picked":"SKIP","floor":38},{"not_picked":[],"picked":"Coolheaded","floor":41},{"not_picked":["Hello World+1"],"picked":"Panacea","floor":45},{"not_picked":["Body Slam"],"picked":"PiercingWail","floor":47},{"not_picked":["Sucker Punch+1","Hemokinesis+1"],"picked":"SKIP","floor":48},{"not_picked":["Underhanded Strike","Wild Strike+1"],"picked":"SKIP","floor":54}],"player_experience":1013669,"relics_obtained":[{"floor":6.0,"key":"Bag of Marbles"},{"floor":8.0,"key":"Bird Faced Urn"},{"floor":9.0,"key":"Gremlin Horn"},{"floor":20.0,"key":"Necronomicon"},{"floor":23.0,"key":"Mercury Hourglass"},{"floor":25.0,"key":"Ornamental Fan"},{"floor":26.0,"key":"Shuriken"},{"floor":27.0,"key":"Strawberry"},{"floor":39,"key":"Pocketwatch"},{"floor":41,"key":"HornCleat"},{"floor":43,"key":"Question Card"},{"floor":45,"key":"Lizard Tail"},{"floor":47,"key":"Bottled Flame"},{"floor":54,"key":"Mummified Hand"}],"event_choices":[{"damage_healed":0.0,"max_hp_gain":0.0,"max_hp_loss":0.0,"gold_gain":0.0,"event_name":"Golden Idol","player_choice":"Take Damage","floor":3.0,"gold_loss":0.0,"damage_taken":18.0,"relics_obtained":["Golden Idol"]},{"damage_healed":0.0,"max_hp_gain":5.0,"max_hp_loss":0.0,"gold_gain":0.0,"event_name":"Big Fish","player_choice":"Donut","floor":5.0,"gold_loss":0.0,"damage_taken":0.0},{"damage_healed":0.0,"max_hp_gain":0.0,"max_hp_loss":0.0,"gold_gain":0.0,"cards_transformed":["Strike_B"],"event_name":"Living Wall","player_choice":"Change","floor":11.0,"gold_loss":0.0,"damage_taken":0.0,"cards_obtained":["Melter"]},{"damage_healed":0.0,"max_hp_gain":0.0,"max_hp_loss":0.0,"gold_gain":0.0,"event_name":"Cursed Tome","player_choice":"Obtained Book","floor":20.0,"gold_loss":0.0,"damage_taken":16.0},{"damage_healed":0,"gold_gain":0,"cards_transformed":["Strike_B"],"player_choice":"Transformed","damage_taken":0,"max_hp_gain":0,"max_hp_loss":0,"event_name":"Transmorgrifier","floor":36,"gold_loss":0,"cards_obtained":["FTL"]},{"damage_healed":0,"gold_gain":0,"player_choice":"Fight","damage_taken":0,"max_hp_gain":0,"max_hp_loss":0,"event_name":"Mysterious Sphere","floor":45,"gold_loss":0},{"cards_removed":["Defend_B"],"damage_healed":0,"gold_gain":0,"player_choice":"Removed Skill","damage_taken":0,"max_hp_gain":0,"max_hp_loss":0,"event_name":"Falling","floor":46,"gold_loss":0}],"is_beta":false,"boss_relics":[{"not_picked":["Astrolabe","Snecko Eye"],"picked":"Fusion Hammer"},{"not_picked":["FrozenCore","Velvet Choker"],"picked":"Busted Crown"}],"items_purged_floors":[42],"is_endless":false,"potions_floor_spawned":[2,6,16,18,25,31,33,35,41,47,54],"ascension_level":1}}