{"host":"14itbdr21u872c1w","time":1611590729,"event":{"mods":["AchievementEnabler","BaseMod","Minty Spire (QoL Compilation)","StSLib","SuperFastMode","everything is the same but u backflip on backflip"],"gold_per_floor":[115,133,133,58,58,98,123,123,123,123,142,142,183,206,206,305,305,305,305,305,305],"floor_reached":20,"language":"KOR","playtime":367,"items_purged":["Strike_R"],"score":355,"play_id":"191dd226-b61c-4a47-89cd-a7ca7569490b","local_time":"20210126010529","is_ascension_mode":true,"campfire_choices":[{"data":"Blood for Blood","floor":10.0,"key":"SMITH"},{"data":"Pommel Strike","floor":12.0,"key":"SMITH"},{"data":"Feel No Pain","floor":15.0,"key":"SMITH"}],"circlet_count":0,"master_deck":["AscendersBane","Strike_R","Strike_R","Strike_R","Strike_R","Defend_R","Defend_R","Defend_R","Defend_R","Bash","Pommel Strike+1","Blood for Blood+1","Feel No Pain+1","Seeing Red","Barricade","Carnage"],"relics":["Burning Blood","NeowsBlessing","Golden Idol","Kunai","Centennial Puzzle","Pen Nib","Toy Ornithopter","Ectoplasm"],"acts_visited":["Exordium","TheCity"],"potions_floor_usage":[18],"damage_taken":[{"damage":0.0,"enemies":"Small Slimes","floor":1.0,"turns":1.0},{"damage":0.0,"enemies":"2 Louse","floor":2.0,"turns":1.0},{"damage":0.0,"enemies":"3 Sentries","floor":6.0,"turns":1.0},{"damage":6.0,"enemies":"Cultist","floor":7.0,"turns":4.0},{"damage":9.0,"enemies":"Red Slaver","floor":11.0,"turns":2.0},{"damage":21.0,"enemies":"Gremlin Nob","floor":13.0,"turns":4.0},{"damage":14.0,"enemies":"Exordium Thugs","floor":14.0,"turns":4.0},{"damage":46.0,"enemies":"The Guardian","floor":16.0,"turns":11.0},{"damage":55,"enemies":"Shell Parasite","floor":18,"turns":6},{"damage":7,"enemies":"Chosen","floor":19,"turns":2},{"damage":0,"enemies":"Shelled Parasite and Fungi","floor":20,"turns":1}],"seed_played":"3149276866401776877","potions_obtained":[{"floor":1.0,"key":"PowerPotion"},{"floor":6.0,"key":"Regen Potion"},{"floor":16.0,"key":"FearPotion"},{"floor":18,"key":"SteroidPotion"}],"is_trial":false,"path_per_floor":["M","M","?","$","?","E","M","?","T","R","M","R","E","M","R","B",null,"M","M","M"],"character_chosen":"IRONCLAD","items_purchased":[],"campfire_rested":0,"item_purchase_floors":[],"current_hp_per_floor":[74,75,57,57,50,56,56,75,75,75,72,72,57,49,49,14,60,30,29,29,29],"gold":305,"neow_bonus":"THREE_ENEMY_KILL","is_daily":false,"chose_seed":false,"campfire_upgraded":3,"win_rate":0.0,"timestamp":1611590729,"path_taken":["M","M","?","$","?","E","M","?","T","R","M","R","E","M","R","BOSS","M","M","M"],"items_purchased_type":[],"build_version":"2020-12-22","purchased_purges":1,"victory":false,"max_hp_per_floor":[75,75,75,75,75,75,75,75,75,75,75,75,75,75,75,75,75,75,75,75,75],"card_choices":[{"not_picked":["Heavy Blade","Sentinel"],"picked":"Pommel Strike","floor":1.0},{"not_picked":["Spot Weakness","Disarm"],"picked":"Blood for Blood","floor":2.0},{"not_picked":["Havoc","Inflame"],"picked":"Feel No Pain","floor":6.0},{"not_picked":["Havoc","Wild Strike"],"picked":"Seeing Red","floor":7.0},{"not_picked":["Metallicize","Rampage","Heavy Blade"],"picked":"SKIP","floor":11.0},{"not_picked":["Flex","Sever Soul","Headbutt"],"picked":"SKIP","floor":13.0},{"not_picked":["Warcry","Havoc","Sentinel"],"picked":"SKIP","floor":14.0},{"not_picked":["Demon Form","Impervious"],"picked":"Barricade","floor":16.0},{"not_picked":["Clothesline","Wild Strike"],"picked":"Carnage","floor":18},{"not_picked":["Warcry","Perfected Strike","Spot Weakness+1"],"picked":"SKIP","floor":19}],"player_experience":344971,"relics_obtained":[{"floor":6.0,"key":"Centennial Puzzle"},{"floor":9.0,"key":"Pen Nib"},{"floor":13.0,"key":"Toy Ornithopter"}],"event_choices":[{"damage_healed":0.0,"max_hp_gain":0.0,"max_hp_loss":0.0,"gold_gain":0.0,"event_name":"Golden Idol","player_choice":"Take Damage","floor":3.0,"gold_loss":0.0,"damage_taken":18.0,"relics_obtained":["Golden Idol"]},{"damage_healed":0.0,"max_hp_gain":0.0,"max_hp_loss":0.0,"gold_gain":0.0,"event_name":"Scrap Ooze","player_choice":"Success","floor":5.0,"gold_loss":0.0,"damage_taken":7.0,"relics_obtained":["Kunai"]},{"damage_healed":19.0,"max_hp_gain":0.0,"max_hp_loss":0.0,"gold_gain":0.0,"event_name":"Wheel of Change","player_choice":"Full Heal","floor":8.0,"gold_loss":0.0,"damage_taken":0.0}],"is_beta":false,"boss_relics":[{"not_picked":["Sozu","Runic Pyramid"],"picked":"Ectoplasm"}],"items_purged_floors":[4],"is_endless":false,"potions_floor_spawned":[1,6,11,13,16,18],"killed_by":"Shelled Parasite and Fungi","ascension_level":14}}