{"host":"ss2ocoam53r2lno0","time":1611590704,"event":{"mods":["Act Like it!","BaseMod","ChefMod","Clockwork Mod","Colored Powertips","Curses Come First","Displayed Cursed Tome","Downfall","Evolution","Googly Eyes","Hallownest","Highlight Path","Minty Spire (QoL Compilation)","Poor People Problems","Rare Cards Sparkle","Robot Space Explorer","Shade Mod","Shop Mod","Spicy Shops","StSLib","The Marked"],"gold_per_floor":[116,191,116,135,135,135,164,164,164,178,178,178,51,71,71,164,164,178,198,223,248,248,248],"floor_reached":22,"language":"ENG","playtime":2114,"items_purged":["Clockwork:Strike"],"score":401,"play_id":"2b18d28c-8135-431e-80bf-fac540bc3f81","local_time":"20210125170504","is_ascension_mode":true,"campfire_choices":[{"data":"Clockwork:SearingStrike+1","floor":6.0,"key":"SMITH"},{"data":"Clockwork:SearingStrike+2","floor":8.0,"key":"SMITH"},{"data":"Clockwork:ChargingShield","floor":15.0,"key":"SMITH"}],"circlet_count":0,"master_deck":["AscendersBane","Clockwork:Strike","Clockwork:Strike","Clockwork:Shield","Clockwork:Shield+1","Clockwork:Shield","Clockwork:Shield","Clockwork:Tinker","Clockwork:WarmUp","Clockwork:SearingStrike+4","Clockwork:ChargingShield+1","Clockwork:PerfectForm"],"relics":["Clockwork:MomentumEngine","EVO:Axolotl","NeowsBlessing","Dream Catcher","Molten Egg 2","Golden Idol","Sozu"],"acts_visited":["Exordium","TheCity"],"potions_floor_usage":[],"damage_taken":[{"damage":0.0,"enemies":"Small Slimes","floor":1.0,"turns":7.0},{"damage":0.0,"enemies":"Jaw Worm","floor":4.0,"turns":4.0},{"damage":0.0,"enemies":"3 Sentries","floor":7.0,"turns":3.0},{"damage":2.0,"enemies":"2 Louse","floor":10.0,"turns":6.0},{"damage":0.0,"enemies":"Large Slime","floor":14.0,"turns":9.0},{"damage":12.0,"enemies":"Hexaghost","floor":16.0,"turns":52.0},{"damage":12.0,"enemies":"Spheric Guardian","floor":18.0,"turns":11.0},{"damage":10.0,"enemies":"3 Byrds","floor":19.0,"turns":10.0},{"damage":26,"enemies":"Snake Plant","floor":20,"turns":9},{"damage":8,"enemies":"Shelled Parasite and Fungi","floor":21,"turns":13},{"damage":4,"enemies":"Sentry and Sphere","floor":22,"turns":3}],"seed_played":"-3681519078195780536","potions_obtained":[{"floor":4.0,"key":"Slimebound:ThreeZeroPotion"},{"floor":7.0,"key":"Weak Potion"}],"is_trial":false,"path_per_floor":["M","?","?","M","?","R","E","R","T","M","?","?","$","M","R","B",null,"M","M","M","M","M"],"character_chosen":"CLOCKWORK","items_purchased":["Clockwork:ChargingShield"],"campfire_rested":0,"item_purchase_floors":[13],"current_hp_per_floor":[71,60,60,60,36,36,36,36,36,34,34,34,34,34,34,22,60,48,38,12,4,0,0],"gold":248,"neow_bonus":"THREE_ENEMY_KILL","is_daily":false,"chose_seed":false,"campfire_upgraded":3,"win_rate":0.0,"timestamp":1611590704,"path_taken":["M","?","?","?","?","R","E","R","T","M","?","?","$","M","R","BOSS","M","M","M","M","M"],"items_purchased_type":["Card"],"build_version":"2020-12-22","purchased_purges":1,"victory":false,"max_hp_per_floor":[79,79,79,79,79,79,79,79,79,79,72,72,72,72,72,72,72,72,72,72,72,72,72],"card_choices":[{"not_picked":["Clockwork:SystemHardening","Clockwork:CogBarrier","Clockwork:SystemScan"],"picked":"SKIP","floor":1.0},{"not_picked":["Clockwork:ForgeStrike","Clockwork:Selectivity"],"picked":"Clockwork:SearingStrike","floor":4.0},{"not_picked":["Clockwork:SearchingStrike","Clockwork:CogToss","Clockwork:Roundhouse"],"picked":"SKIP","floor":7.0},{"not_picked":["Clockwork:OccamsRazor","Clockwork:Minimalism","Clockwork:ChargingBlade+1"],"picked":"SKIP","floor":10.0},{"not_picked":["Clockwork:SystemScan","Clockwork:AdaptiveCannon+1","Clockwork:SearingStrike+1"],"picked":"SKIP","floor":14.0},{"not_picked":["Clockwork:Inspiration","Clockwork:Randomization+1"],"picked":"Clockwork:PerfectForm","floor":16.0},{"not_picked":["Clockwork:Redundancy+1","Clockwork:Pluck+1","Clockwork:HoardingStrike+1"],"picked":"SKIP","floor":18.0},{"not_picked":["Clockwork:SystemHardening","Clockwork:ChargingShield","Clockwork:CraftBloodPhial"],"picked":"SKIP","floor":19.0},{"not_picked":["Clockwork:Roundhouse+1","Clockwork:ChargingBlade+1","Clockwork:Enhance"],"picked":"SKIP","floor":20},{"not_picked":["Clockwork:Redundancy+1","Clockwork:HoardingStrike+1","Clockwork:Roundhouse+1"],"picked":"SKIP","floor":21}],"player_experience":847756,"relics_obtained":[{"floor":7.0,"key":"Dream Catcher"},{"floor":9.0,"key":"Molten Egg 2"}],"event_choices":[{"damage_healed":0.0,"max_hp_gain":0.0,"max_hp_loss":0.0,"gold_gain":75.0,"event_name":"World of Goop","player_choice":"Gather Gold","floor":2.0,"gold_loss":0.0,"damage_taken":11.0},{"cards_removed":["Clockwork:Strike"],"damage_healed":0.0,"max_hp_gain":0.0,"max_hp_loss":0.0,"gold_gain":0.0,"event_name":"The Cleric","player_choice":"Card Removal","floor":3.0,"gold_loss":75.0,"damage_taken":0.0},{"damage_healed":0.0,"max_hp_gain":0.0,"max_hp_loss":0.0,"gold_gain":0.0,"event_name":"Shining Light","player_choice":"Entered Light","floor":5.0,"gold_loss":0.0,"damage_taken":24.0,"cards_upgraded":["Clockwork:Shield","Clockwork:SearingStrike"]},{"damage_healed":0.0,"max_hp_gain":0.0,"max_hp_loss":7.0,"gold_gain":0.0,"event_name":"Golden Idol","player_choice":"Lose Max HP","floor":11.0,"gold_loss":0.0,"damage_taken":0.0,"relics_obtained":["Golden Idol"]},{"damage_healed":0.0,"max_hp_gain":0.0,"max_hp_loss":0.0,"gold_gain":0.0,"event_name":"Accursed Blacksmith","player_choice":"Forge","floor":12.0,"gold_loss":0.0,"damage_taken":0.0,"cards_upgraded":["Clockwork:SearingStrike"]}],"is_beta":false,"boss_relics":[{"not_picked":["Cursed Key","Clockwork:PerpetualMotionMachine"],"picked":"Sozu"}],"items_purged_floors":[13],"is_endless":false,"potions_floor_spawned":[4,7,10,20,21],"killed_by":"Sentry and Sphere","ascension_level":18}}