{"host":"0bfi5m9qgchoxkt9","time":1611548553,"event":{"mods":["Act Like it!","Arknights The Spire","BaseMod","Gensokyo","Minty Spire (QoL Compilation)","Permanent Neow","Quick Restart","StSLib"],"gold_per_floor":[113,213,230,241,260,260,107,107,107,136,451,477,402,416,416,429,429,442,453,177,177,177,282,282,299,377,388,186,186,211,211,5,25,25,357,357,357,357,307,323,336,336,586,600,600,600,695,695,709,709,723,496,496,496,527,862,709,709,709,921,946,973,992,1009,1042,1062,1092,1092,1092,1092,1092,1092,1092,1092,353,383,383],"floor_reached":78,"language":"ZHS","playtime":4046,"items_purged":["ats:Defend","ats:Strike V","ats:Defend","ats:Strike S","ats:Strike G","ats:Literary Storm"],"score":1527,"play_id":"c35c59de-99f8-4342-9800-8618a744aeeb","local_time":"20210125122233","is_ascension_mode":false,"campfire_choices":[{"data":"ats:Dogmatic Field","floor":9.0,"key":"SMITH"},{"data":"ats:Durian","floor":15.0,"key":"SMITH"},{"data":"ats:Armor Crushing Shot","floor":21.0,"key":"SMITH"},{"data":"ats:Part Time Job","floor":22.0,"key":"SMITH"},{"data":"ats:True Silver Slash","floor":31,"key":"SMITH"},{"data":"ats:Defend","floor":42,"key":"PURGE"},{"data":"ats:Defend","floor":45,"key":"PURGE"},{"data":"ats:Dogmatic Field+1","floor":46,"key":"PURGE"},{"floor":59,"key":"RECALL"},{"data":"ats:Strike C","floor":70,"key":"PURGE"},{"data":"Gensokyo:Dawn","floor":71,"key":"SMITH"},{"data":"ats:Apocalypse","floor":74,"key":"PURGE"}],"circlet_count":0,"master_deck":["ats:Armor Crushing Shot+1","CurseOfTheBell","ats:Sashimi Platter+1","ats:Shell Defense+1","ats:Durian+1","ats:Part Time Job+1","ats:Durian","ats:Hook Shot","ats:True Silver Slash+1","Gensokyo:SevenSchoolMysteries","ats:Literary Storm+1","ats:Spore Proliferation+1","ats:Rat Pack","ats:Calcification+1","Gensokyo:Dawn+1","ats:Composite Medical Shells"],"relics":["Calling Bell","Art of War","Letter Opener","WingedGreaves","ats:Originium","Thread and Needle","Tiny Chest","Smiling Mask","Gensokyo:Justice","Coffee Dripper","StrikeDummy","Orrery","ats:Ability Aura","Medical Kit","Bag of Preparation","Strawberry","Regal Pillow","Peace Pipe","Gambling Chip","Philosopher\u0027s Stone","Gensokyo:TheCrow","Shuriken","Bottled Lightning","Bronze Scales","Toy Ornithopter","Anchor","War Paint","FossilizedHelix","Lantern","ats:Spiritual Recovery","Gremlin Horn","HornCleat","Akabeko","ats:Assault","CaptainsWheel"],"acts_visited":["Gensokyo:Gensokyo","Gensokyo:Gensokyoer","Gensokyo:Gensokyoest","TheEnding"],"potions_floor_usage":[30,35,56,57,77,77,77],"damage_taken":[{"damage":10.0,"enemies":"Gensokyo:Gryphon","floor":1.0,"turns":5.0},{"damage":9.0,"enemies":"Gensokyo:Python","floor":3.0,"turns":4.0},{"damage":8.0,"enemies":"Gensokyo:3_Fairies","floor":4.0,"turns":5.0},{"damage":20.0,"enemies":"Gensokyo:2_Rabbits","floor":5.0,"turns":5.0},{"damage":86.0,"enemies":"Gensokyo:Mamizou","floor":10.0,"turns":17.0},{"damage":43.0,"enemies":"Gensokyo:Kitsune","floor":11.0,"turns":8.0},{"damage":42.0,"enemies":"Gensokyo:LivingMonolith","floor":14.0,"turns":6.0},{"damage":29.0,"enemies":"Gensokyo:3_Kodama","floor":16.0,"turns":5.0},{"damage":30.0,"enemies":"Gensokyo:Gryphon_and_Rabbit","floor":18.0,"turns":6.0},{"damage":29.0,"enemies":"Gensokyo:VengefulSpirit","floor":19.0,"turns":6.0},{"damage":123.0,"enemies":"Gensokyo:Kokoro","floor":23.0,"turns":14.0},{"damage":42,"enemies":"Gensokyo:Chomper","floor":25,"turns":5},{"damage":83,"enemies":"Gensokyo:3_Dogs","floor":27,"turns":7},{"damage":56,"enemies":"Gensokyo:Koishi","floor":30,"turns":5},{"damage":58,"enemies":"Gensokyo:3_Gloops","floor":33,"turns":5},{"damage":30,"enemies":"Gensokyo:Reisen","floor":35,"turns":5},{"damage":15,"enemies":"Gensokyo:Mirror_and_Dog","floor":40,"turns":1},{"damage":44,"enemies":"Gensokyo:Chomper_and_Gloop","floor":41,"turns":3},{"damage":15,"enemies":"Gensokyo:Wraith","floor":44,"turns":2},{"damage":204,"enemies":"Gensokyo:Kaguya","floor":47,"turns":14},{"damage":15,"enemies":"Gensokyo:3_Bats","floor":49,"turns":1},{"damage":15,"enemies":"Gensokyo:3_Boulders","floor":51,"turns":1},{"damage":45,"enemies":"Gensokyo:Doremy","floor":55,"turns":6},{"damage":138,"enemies":"Gensokyo:Kasen","floor":56,"turns":7},{"damage":70,"enemies":"Gensokyo:Rafflesia","floor":60,"turns":7},{"damage":15,"enemies":"Gensokyo:SeedOfUnknown","floor":63,"turns":3},{"damage":16,"enemies":"Gensokyo:Dusk_and_Dawn","floor":64,"turns":3},{"damage":49,"enemies":"Gensokyo:Marisa","floor":65,"turns":7},{"damage":12,"enemies":"Gensokyo:3_Boulders","floor":66,"turns":1},{"damage":53,"enemies":"Gensokyo:Kasen","floor":67,"turns":5},{"damage":25,"enemies":"Gensokyo:Kasen","floor":68,"turns":6},{"damage":14,"enemies":"Gensokyo:Yuyuko","floor":72,"turns":4},{"damage":12,"enemies":"Shield and Spear","floor":76,"turns":2},{"damage":33,"enemies":"The Heart","floor":77,"turns":9}],"seed_played":"4046789097443139639","potions_obtained":[{"floor":4.0,"key":"DistilledChaos"},{"floor":5.0,"key":"FearPotion"},{"floor":10.0,"key":"SkillPotion"},{"floor":30,"key":"Fruit Juice"},{"floor":33,"key":"Strength Potion"},{"floor":35,"key":"FearPotion"},{"floor":41,"key":"Swift Potion"},{"floor":56,"key":"Explosive Potion"},{"floor":60,"key":"LiquidMemories"}],"is_trial":false,"path_per_floor":["M","?","M","M","M","?","COS","?","R","E","M","T","$","M","R","M","?","M","M","$","R","R","B",null,"M","T","M","$","?","E","R","COS","M","$","E","T","T","T","$","M","M","R","?","M","R","R","B",null,"M","?","M","COS","?","T","E","E","$","?","R","M","T","T","M","M","E","M","E","?","T","R","R","B",null,"R","$","E","B",null],"character_chosen":"DOCTOR_CLASS","items_purchased":["ats:Serious Mode","PreservedInsect","Orrery","Fruit Juice","ats:Composite Medical Shells","HornCleat","ats:Top Emergency Sanity Potion","Akabeko","ats:Assault"],"campfire_rested":0,"item_purchase_floors":[20,20,28,57,75,75,75,75,75],"current_hp_per_floor":[62,62,65,72,63,63,63,70,70,62,71,71,71,79,79,79,79,79,72,72,72,72,72,79,74,74,79,79,72,65,65,65,39,39,84,84,84,84,84,84,72,72,72,84,84,84,84,84,69,69,54,54,54,54,73,76,81,81,81,89,89,89,89,88,89,77,89,89,89,89,89,89,89,89,89,89,89],"gold":383,"neow_bonus":"BOSS_RELIC","is_daily":false,"chose_seed":false,"campfire_upgraded":6,"win_rate":0.0,"timestamp":1611548553,"path_taken":["M","?","M","?","M","?","COS","?","R","E","?","T","?","M","R","M","?","?","M","$","R","R","BOSS","M","?","M","$","?","E","R","COS","?","?","E","T","T","?","$","M","M","R","?","M","R","R","BOSS","M","?","M","COS","?","?","E","E","$","?","R","M","T","T","?","M","E","M","E","?","?","R","R","BOSS","R","$","E","BOSS"],"items_purchased_type":["Card","Relic","Relic","Potion","Card","Relic","Potion","Relic","Relic"],"build_version":"2020-12-22","purchased_purges":6,"victory":true,"max_hp_per_floor":[72,72,72,72,72,72,72,79,79,79,79,79,79,79,79,79,79,79,79,79,79,79,79,79,79,79,79,79,72,77,77,77,77,77,84,84,84,84,84,84,84,84,84,84,84,84,84,84,84,84,84,84,84,84,84,84,89,89,89,89,89,89,89,89,89,89,89,89,89,89,89,89,89,89,89,89,89],"card_choices":[{"not_picked":["ats:Apocalypse","ats:Mental Burst"],"picked":"ats:Sashimi Platter","floor":1.0},{"not_picked":["ats:Consecutive Shot Auto","ats:Leaping Hammer","ats:Hammer On"],"picked":"SKIP","floor":3.0},{"not_picked":["ats:Rapid Magazine","ats:Closed Bolt Burst Fire"],"picked":"ats:Apocalypse","floor":4.0},{"not_picked":["ats:Revitalization","ats:Phantom"],"picked":"ats:Dogmatic Field","floor":5.0},{"not_picked":["ats:Consecutive Shot Auto+1","ats:Apocalypse+1"],"picked":"ats:Shell Defense+1","floor":10.0},{"not_picked":["ats:Revitalization","ats:Poison Spread","ats:Thermite Blade"],"picked":"SKIP","floor":10.0},{"not_picked":["ats:Blood Oath","ats:Flame Of Heaven","ats:Burning Ground"],"picked":"SKIP","floor":11.0},{"not_picked":["ats:Demon Strength","ats:Absolute Focus"],"picked":"ats:Durian","floor":14.0},{"not_picked":["ats:Burning Ground","ats:Powerful Strike"],"picked":"ats:Part Time Job","floor":16.0},{"not_picked":["ats:Revitalization","ats:Shell Defense","ats:Absolute Focus"],"picked":"SKIP","floor":18.0},{"not_picked":["ats:Ignite","ats:Guard Mode","ats:Apocalypse"],"picked":"SKIP","floor":19.0},{"not_picked":["ats:Echo Reverb","ats:Volcano"],"picked":"ats:Durian","floor":23.0},{"not_picked":["ats:Guard Mode+1","ats:Absolute Focus","ats:Leaping Hammer"],"picked":"SKIP","floor":25},{"not_picked":["ats:Collapsing Strike","ats:Explosion Area Strengthen","ats:Closed Bolt Burst Fire"],"picked":"SKIP","floor":27},{"not_picked":["ats:Guard Mode","ats:Cat Scratch"],"picked":"ats:Hook Shot","floor":28},{"not_picked":["ats:Fractured Body","ats:Shell Defense"],"picked":"ats:True Silver Slash","floor":28},{"not_picked":["Gensokyo:TekeTeke","Gensokyo:RedCapeBlueCape"],"picked":"Gensokyo:SevenSchoolMysteries","floor":29},{"not_picked":["ats:Soul Absorption","ats:Apocalypse"],"picked":"ats:Literary Storm+1","floor":30},{"not_picked":["ats:Wolf Pack","ats:Apocalypse"],"picked":"ats:Spore Proliferation","floor":33},{"not_picked":["ats:Consecutive Shot Auto","ats:LN2 Cannon","ats:Guard Mode"],"picked":"SKIP","floor":35},{"not_picked":["ats:Consecutive Shot Auto","ats:LN2 Cannon","ats:Guard Mode"],"picked":"SKIP","floor":35},{"not_picked":["ats:Shadow Raid","ats:Cat Scratch","ats:Explosion Area Strengthen"],"picked":"SKIP","floor":40},{"not_picked":["ats:Assault Order","ats:Flexible Camouflage","ats:Hammer On"],"picked":"SKIP","floor":41},{"not_picked":["ats:Explosion Area Strengthen","ats:Soul Rend"],"picked":"ats:Literary Storm","floor":44},{"not_picked":["ats:Echo Reverb","ats:Disruption Kick"],"picked":"ats:Rat Pack","floor":47},{"not_picked":["ats:Flexible Camouflage","ats:Shell Defense+1","ats:Guard Mode"],"picked":"SKIP","floor":49},{"not_picked":["ats:Guard Mode","ats:Hammer On","ats:Consecutive Shot Auto+1"],"picked":"SKIP","floor":51},{"not_picked":["ats:Poison Spread","ats:Blood Oath","ats:Leaping Hammer+1"],"picked":"SKIP","floor":55},{"not_picked":["ats:Wolf Pack","ats:Volcano"],"picked":"ats:Calcification","floor":56},{"not_picked":["ats:Powerful Strike","ats:Curse Doll+1","ats:Phantom+1"],"picked":"SKIP","floor":56},{"not_picked":["ats:Absolute Focus","ats:Very Hot Blade","ats:Cat Scratch+1"],"picked":"SKIP","floor":60},{"not_picked":["ats:Nebulous Foxfire","ats:Explosion Area Strengthen+1","ats:Neurotoxin"],"picked":"SKIP","floor":63},{"not_picked":["ats:Curse Doll","ats:Flexible Camouflage+1","ats:Cat Scratch+1"],"picked":"SKIP","floor":64},{"not_picked":["ats:Roar Of Ursus","ats:Revitalization","ats:Healing Drone+1"],"picked":"SKIP","floor":65},{"not_picked":["ats:Closed Bolt Burst Fire+1","ats:Shadow Raid","ats:Healing Drone"],"picked":"SKIP","floor":66},{"not_picked":["ats:Automatic Cover","ats:Charging Defense","ats:Roar Of Ursus"],"picked":"SKIP","floor":67},{"not_picked":["Gensokyo:RisingWorld","Gensokyo:UnlikelyAid"],"picked":"Gensokyo:Dawn","floor":68},{"not_picked":["ats:Cat Scratch","ats:Healing Drone+1","ats:Support Order"],"picked":"SKIP","floor":76}],"player_experience":968789,"relics_obtained":[{"floor":0.0,"key":"Art of War"},{"floor":0.0,"key":"Letter Opener"},{"floor":0.0,"key":"WingedGreaves"},{"floor":10.0,"key":"ats:Originium"},{"floor":10.0,"key":"Thread and Needle"},{"floor":26,"key":"StrikeDummy"},{"floor":30,"key":"ats:Originium"},{"floor":30,"key":"ats:Ability Aura"},{"floor":35,"key":"Strawberry"},{"floor":35,"key":"ats:Originium"},{"floor":36,"key":"Regal Pillow"},{"floor":37,"key":"Peace Pipe"},{"floor":38,"key":"Gambling Chip"},{"floor":54,"key":"Shuriken"},{"floor":55,"key":"ats:Originium"},{"floor":55,"key":"Bottled Lightning"},{"floor":56,"key":"Bronze Scales"},{"floor":61,"key":"Anchor"},{"floor":62,"key":"War Paint"},{"floor":65,"key":"Lantern"},{"floor":67,"key":"ats:Spiritual Recovery"},{"floor":69,"key":"Gremlin Horn"},{"floor":76,"key":"CaptainsWheel"}],"event_choices":[],"is_beta":false,"boss_relics":[{"not_picked":["Astrolabe","SacredBark"],"picked":"Coffee Dripper"},{"not_picked":["Sozu","Velvet Choker"],"picked":"Philosopher\u0027s Stone"}],"items_purged_floors":[13,20,28,39,57,75],"is_endless":false,"potions_floor_spawned":[4,5,10,11,30,33,35,41,56,60,66,67],"ascension_level":0}}