{"host":"313mh4uoe5sucao3","time":1611595102,"event":{"mods":["Arknights The Spire","BaseMod","Dota2Spire","Downfall","Good Game Mod","Hero for Fun","Minty Spire (QoL Compilation)","Quick Restart","Shop Mod","StSLib","Td1madao Mod","The Bladedancer","UnlockEverythingMod","[IsaacMod]ÒÔÈö¼âËþ"],"gold_per_floor":[134,309,122,139,2,27,27,72,118,173,246,246,307,65,65,198,198,238,238,238,252,313,313,357,399,501,565,321,321,333,333,333,460,460,520,538,130,130,130,208,249,291,314,362,362,166,210,210,210,240,240,240,1,94,124],"floor_reached":56,"language":"ZHS","playtime":7218,"items_purged":["Strike_C","Strike_C","Defend_C","Strike_C","Strike_C"],"score":1269,"play_id":"cfbb9796-b835-4bed-aa0c-8d92fbdd6e01","local_time":"20210126011822","is_ascension_mode":false,"campfire_choices":[{"data":"Memory Alloy","floor":7.0,"key":"SMITH"},{"floor":12.0,"key":"RECALL"},{"data":"Apotheosis","floor":15.0,"key":"SMITH"},{"floor":23.0,"key":"REST"},{"floor":29.0,"key":"REST"},{"floor":32.0,"key":"REST"},{"floor":45.0,"key":"REST"},{"floor":49.0,"key":"REST"},{"data":"Memory Alloy","floor":52.0,"key":"SMITH"}],"circlet_count":0,"master_deck":["Defend_C","Defend_C","Knight Kick","Chip","BettingIsNotGood","DeusExMachina","Here Defend Chip","Here Defend Chip","Jack Of All Trades","Here Defend Chip","Memory Alloy+1","Fire Blade","Black Shadow","Fire Blade","Here Defend Chip","Apotheosis+1","Fire Up","Fire Blade","Light Attack+1","Twin Teeth","Fire Up","E MP","Fire Up+1","Here Defend Chip+1","Memory Alloy+1","Fire Up","Memory Alloy","Fire Up","Madness","Madness","CurseOfTheBell","CurseOfTheBell"],"relics":["REME:ComplimentaryCards","HushsDoor","DeadEye","Ancient Tea Set","D6","Dota2Spire:HandOfMidas","Enchiridion","Dota2Spire:MantaStyle","MerchantsRug","bronze:MakeshiftBattery","PrismaticShard","Dota2Spire:MonkeyKingBar","Happy Flower","Membership Card","downfall:ExtraCursedBell","Omamori","Dota2Spire:Dagon","Dota2Spire:HeartOfTarrasque","Dota2Spire:Vanguard","Art of War"],"acts_visited":["Exordium","TheCity","TheBeyond","TheEnding"],"potions_floor_usage":[],"damage_taken":[{"damage":0.0,"enemies":"Jaw Worm","floor":1.0,"turns":5.0},{"damage":0.0,"enemies":"2 Louse","floor":4.0,"turns":1.0},{"damage":0.0,"enemies":"Gremlin Nob","floor":6.0,"turns":5.0},{"damage":0.0,"enemies":"Lagavulin","floor":8.0,"turns":19.0},{"damage":0.0,"enemies":"Small Slimes","floor":10.0,"turns":6.0},{"damage":4.0,"enemies":"Gremlin Nob","floor":11.0,"turns":7.0},{"damage":0.0,"enemies":"Exordium Wildlife","floor":13.0,"turns":6.0},{"damage":9.0,"enemies":"The Guardian","floor":16.0,"turns":6.0},{"damage":14.0,"enemies":"Chosen","floor":18.0,"turns":5.0},{"damage":10.0,"enemies":"2 Thieves","floor":21.0,"turns":2.0},{"damage":1.0,"enemies":"Sentry and Sphere","floor":22.0,"turns":7.0},{"damage":11.0,"enemies":"Centurion and Healer","floor":24.0,"turns":7.0},{"damage":4.0,"enemies":"Cultist and Chosen","floor":25.0,"turns":5.0},{"damage":42.0,"enemies":"Gremlin Leader","floor":27.0,"turns":6.0},{"damage":6.0,"enemies":"Snecko","floor":30.0,"turns":4.0},{"damage":0.0,"enemies":"Snake Plant","floor":31.0,"turns":1.0},{"damage":3.0,"enemies":"Champ","floor":33.0,"turns":9.0},{"damage":3.0,"enemies":"3 Shapes","floor":35.0,"turns":5.0},{"damage":15.0,"enemies":"Orb Walker","floor":36.0,"turns":4.0},{"damage":44.0,"enemies":"Reptomancer","floor":40.0,"turns":6.0},{"damage":0.0,"enemies":"Jaw Worm Horde","floor":41.0,"turns":5.0},{"damage":0.0,"enemies":"Sphere and 2 Shapes","floor":42.0,"turns":7.0},{"damage":5.0,"enemies":"Writhing Mass","floor":44.0,"turns":4.0},{"damage":2.0,"enemies":"Transient","floor":47.0,"turns":5.0},{"damage":14.0,"enemies":"Time Eater","floor":50.0,"turns":14.0},{"damage":55,"enemies":"Shield and Spear","floor":54,"turns":21},{"damage":50,"enemies":"The Heart","floor":55,"turns":11}],"seed_played":"1215937093778308902","potions_obtained":[{"floor":1.0,"key":"ColorlessPotion"},{"floor":6.0,"key":"Strength Potion"},{"floor":10.0,"key":"Block Potion"},{"floor":16.0,"key":"Fire Potion"},{"floor":24.0,"key":"SmokeBomb"},{"floor":27.0,"key":"AttackPotion"},{"floor":33.0,"key":"Strength Potion"},{"floor":40.0,"key":"LiquidMemories"},{"floor":42.0,"key":"LiquidMemories"},{"floor":44.0,"key":"SmokeBomb"},{"floor":54,"key":"SteroidPotion"}],"is_trial":false,"path_per_floor":["M","?","$","M","$","E","R","E","T","M","E","R","M","$","R","B",null,"M","?","?","M","M","R","M","M","T","E","$","R","M","M","R","B",null,"M","M","$","?","?","E","M","M","T","M","R","$","M","?","R","B",null,"R","$","E","B",null],"character_chosen":"TD1MADAO_CLASS","items_purchased":["Here Defend Chip","Jack Of All Trades","Ruin Defend","Apotheosis","Fire Up","MerchantsRug","Memory Alloy","Fire Up","PrismaticShard","Membership Card","Block Potion","Dota2Spire:Vanguard"],"campfire_rested":5,"item_purchase_floors":[3,3,5,14,14,28,37,37,37,46,46,53],"current_hp_per_floor":[70,70,70,70,70,70,70,70,70,70,66,66,66,66,66,57,70,56,40,40,30,29,50,51,47,47,5,5,26,25,25,46,53,70,67,62,62,53,53,9,9,9,9,4,25,25,24,32,55,77,78,78,78,78,28],"gold":124,"neow_bonus":"REMOVE_CARD","is_daily":false,"chose_seed":false,"campfire_upgraded":3,"win_rate":0.0,"timestamp":1611595102,"path_taken":["M","?","$","M","$","E","R","E","T","M","E","R","M","$","R","BOSS","M","?","?","M","?","R","?","?","T","E","$","R","M","M","R","BOSS","M","M","$","?","?","E","?","M","T","M","R","$","M","?","R","BOSS","R","$","E","BOSS"],"items_purchased_type":["Card","Card","Card","Card","Card","Relic","Card","Card","Relic","Relic","Potion","Relic"],"build_version":"2020-12-22","purchased_purges":5,"victory":true,"max_hp_per_floor":[70,70,70,70,70,70,70,70,70,70,70,70,70,70,70,70,70,70,70,70,70,70,70,70,70,70,70,70,70,70,70,70,70,70,70,70,70,70,70,70,70,70,70,70,70,70,70,78,78,78,78,78,78,78,78],"card_choices":[{"not_picked":[],"picked":"BettingIsNotGood","floor":0.0},{"not_picked":["Machining","Three Hit"],"picked":"Here Defend Chip","floor":1.0},{"not_picked":["Three Hit","Lore"],"picked":"Here Defend Chip","floor":4.0},{"not_picked":["Fire Blade","Floating Even"],"picked":"Memory Alloy","floor":6.0},{"not_picked":["Twin Teeth","Rupture"],"picked":"Fire Blade","floor":8.0},{"not_picked":["Afterwards","E MP"],"picked":"Black Shadow","floor":10.0},{"not_picked":["Furious","Provocative"],"picked":"Fire Blade","floor":11.0},{"not_picked":["Rupture","Machining"],"picked":"Here Defend Chip","floor":13.0},{"not_picked":["Floating Swing Kick","Lunge"],"picked":"Fire Blade","floor":18.0},{"not_picked":["Oblique Hack","Floating Swing Kick"],"picked":"Light Attack+1","floor":21.0},{"not_picked":["Three Hit+1","Black Execution"],"picked":"Twin Teeth","floor":22.0},{"not_picked":["Defend System","Afterwards"],"picked":"Fire Up","floor":24.0},{"not_picked":["Black Shadow","Cursed Blade+1"],"picked":"E MP","floor":25.0},{"not_picked":["Money Cant Rescue+1","Machining"],"picked":"Fire Up+1","floor":27.0},{"not_picked":["Afterwards","Moon Tear"],"picked":"Here Defend Chip+1","floor":30.0},{"not_picked":["Optimization","Furious"],"picked":"Memory Alloy","floor":33.0},{"not_picked":["Paralysis","Transfer Energy+1","Oblique Hack+1"],"picked":"SKIP","floor":35.0},{"not_picked":["Here Defend Chip","Three Hit+1"],"picked":"Fire Up","floor":36.0},{"not_picked":["Anger+1","hexamod:AdvancingGuard","ats:Curse Doll"],"picked":"SKIP","floor":40.0},{"not_picked":["Rupture+1","Nirvana","Go for the Eyes"],"picked":"SKIP","floor":41.0},{"not_picked":["Sudden Beat","Glacier","champ:GutPunch"],"picked":"SKIP","floor":42.0},{"not_picked":["Guardian:ShieldCharger+1","EmptyMind+1","bronze:DelayedGuard+1"],"picked":"SKIP","floor":44.0},{"not_picked":["champ:EnGarde+1","sneckomod:UnknownX","bronze:ClassDefault"],"picked":"SKIP","floor":47.0},{"not_picked":["E MP","Tempest+1","Violence"],"picked":"SKIP","floor":54}],"player_experience":27093,"relics_obtained":[{"floor":6.0,"key":"Ancient Tea Set"},{"floor":8.0,"key":"D6"},{"floor":9.0,"key":"Dota2Spire:HandOfMidas"},{"floor":11.0,"key":"Cut Hand"},{"floor":19.0,"key":"Enchiridion"},{"floor":27.0,"key":"Dota2Spire:MantaStyle"},{"floor":40.0,"key":"Dota2Spire:MonkeyKingBar"},{"floor":43.0,"key":"Happy Flower"},{"floor":48.0,"key":"Omamori"},{"floor":48.0,"key":"Dota2Spire:Dagon"},{"floor":48.0,"key":"Dota2Spire:HeartOfTarrasque"},{"floor":54,"key":"Art of War"}],"event_choices":[{"damage_healed":0.0,"max_hp_gain":0.0,"max_hp_loss":0.0,"gold_gain":175.0,"event_name":"Liars Game","player_choice":"AGREE","floor":2.0,"gold_loss":0.0,"damage_taken":0.0,"cards_obtained":["Doubt"]},{"damage_healed":0.0,"max_hp_gain":0.0,"max_hp_loss":0.0,"gold_gain":0.0,"event_name":"Cursed Tome","player_choice":"Obtained Book","floor":19.0,"gold_loss":0.0,"damage_taken":16.0},{"damage_healed":0.0,"max_hp_gain":0.0,"max_hp_loss":0.0,"gold_gain":0.0,"event_name":"Vampires","player_choice":"Ignored","floor":20.0,"gold_loss":0.0,"damage_taken":0.0},{"damage_healed":0.0,"max_hp_gain":0.0,"max_hp_loss":0.0,"gold_gain":0.0,"event_name":"Winding Halls","player_choice":"Embrace Madness","floor":38.0,"gold_loss":0.0,"damage_taken":9.0,"cards_obtained":["Madness","Madness"]}],"is_beta":false,"boss_relics":[{"not_picked":["Runic Pyramid","SlaversCollar"],"picked":"Empty Cage"},{"not_picked":[]},{"not_picked":["Philosopher\u0027s Stone","Runic Dome"],"picked":"bronze:MakeshiftBattery"},{"not_picked":[]}],"items_purged_floors":[3,5,28,37,46],"is_endless":false,"potions_floor_spawned":[1,6,10,16,24,27,31,33,40,42,44,54],"ascension_level":0}}