{"host":"opyh6vr790e42ffe","time":1611613095,"event":{"mods":["BaseMod","Bestiary","Colored Map","Highlight Path","Minty Spire (QoL Compilation)","Relic Stats","StSLib"],"gold_per_floor":[110,285,305,10,29,59,59,91,172,188,199,199,218,243,243,345,345,362,382,401,401,434,434,58,87,87,119,150,192,220,250,262,374,386,412,424,9,22,22,22,55,55,103,135,135,135,357,370,370,370,370,370,10,42,42],"floor_reached":56,"language":"ENG","playtime":4004,"items_purged":["Doubt","Strike_P","Strike_P","Strike_P"],"score":1529,"play_id":"03174e15-6767-499c-8406-58c34b5d4002","local_time":"20210125141815","is_ascension_mode":true,"campfire_choices":[{"data":"Eruption","floor":7.0,"key":"SMITH"},{"data":"Meditate","floor":12.0,"key":"SMITH"},{"data":"Meditate","floor":15.0,"key":"SMITH"},{"data":"MasterReality","floor":23.0,"key":"SMITH"},{"data":"WaveOfTheHand","floor":32,"key":"SMITH"},{"floor":40,"key":"RECALL"},{"data":"Madness","floor":42,"key":"SMITH"},{"data":"Madness","floor":46,"key":"SMITH"},{"data":"SpiritShield","floor":49,"key":"SMITH"},{"data":"Devotion","floor":52,"key":"SMITH"}],"circlet_count":0,"master_deck":["Strike_P","Defend_P","Defend_P+1","Defend_P+1","Defend_P+1","Eruption+1","Vigilance+1","Vault+1","Meditate+1","EmptyFist+1","Flash of Steel","SashWhip","Meditate+1","Prostrate","Wallop+1","WheelKick","Halt","Evaluate","Protect+1","MasterReality+1","LessonLearned+1","FlurryOfBlows","Wallop+1","Ragnarok+1","Pray+1","Devotion+1","EmptyMind","ThirdEye","WaveOfTheHand+1","SpiritShield+1","Swivel+1","Brilliance","Nirvana+1","ThirdEye","Evaluate+1","Madness+1","Madness+1","Evaluate+1","TalkToTheHand+1","Tantrum+1","MentalFortress","Apotheosis","Flash of Steel+1","Halt+1"],"relics":["PureWater","Membership Card","CaptainsWheel","Akabeko","Matryoshka","Dead Branch","Coffee Dripper","Red Mask","Medical Kit","Ornamental Fan","Nunchaku","MawBank","Eternal Feather","Ginger","Philosopher\u0027s Stone","Calipers","Chemical X","Gambling Chip","Toy Ornithopter","Sundial","Shuriken","ClockworkSouvenir","Pocketwatch"],"acts_visited":["Exordium","TheCity","TheBeyond","TheEnding"],"potions_floor_usage":[33,41,44,50,55,55,55],"damage_taken":[{"damage":0.0,"enemies":"Small Slimes","floor":1.0,"turns":3.0},{"damage":10.0,"enemies":"Jaw Worm","floor":3.0,"turns":7.0},{"damage":0.0,"enemies":"2 Louse","floor":5.0,"turns":2.0},{"damage":9.0,"enemies":"Lagavulin","floor":6.0,"turns":8.0},{"damage":6.0,"enemies":"3 Sentries","floor":8.0,"turns":7.0},{"damage":0.0,"enemies":"Blue Slaver","floor":10.0,"turns":3.0},{"damage":0.0,"enemies":"2 Fungi Beasts","floor":11.0,"turns":2.0},{"damage":2.0,"enemies":"Gremlin Gang","floor":13.0,"turns":6.0},{"damage":0.0,"enemies":"Lagavulin","floor":14.0,"turns":4.0},{"damage":7.0,"enemies":"Slime Boss","floor":16.0,"turns":8.0},{"damage":3.0,"enemies":"2 Thieves","floor":18.0,"turns":6.0},{"damage":20.0,"enemies":"3 Byrds","floor":19.0,"turns":5.0},{"damage":7.0,"enemies":"Centurion and Healer","floor":20.0,"turns":5.0},{"damage":3.0,"enemies":"Masked Bandits","floor":22.0,"turns":3.0},{"damage":0.0,"enemies":"Book of Stabbing","floor":25.0,"turns":6.0},{"damage":0.0,"enemies":"Sentry and Sphere","floor":27.0,"turns":3.0},{"damage":0.0,"enemies":"Shelled Parasite and Fungi","floor":28.0,"turns":1.0},{"damage":0.0,"enemies":"Gremlin Leader","floor":29.0,"turns":6.0},{"damage":0.0,"enemies":"Snecko","floor":30.0,"turns":4.0},{"damage":0,"enemies":"Centurion and Healer","floor":31,"turns":5},{"damage":15,"enemies":"Champ","floor":33,"turns":8},{"damage":2,"enemies":"3 Shapes","floor":35,"turns":8},{"damage":2,"enemies":"3 Darklings","floor":38,"turns":9},{"damage":0,"enemies":"Giant Head","floor":41,"turns":5},{"damage":0,"enemies":"Nemesis","floor":44,"turns":10},{"damage":0,"enemies":"4 Shapes","floor":48,"turns":5},{"damage":1,"enemies":"Donu and Deca","floor":50,"turns":7},{"damage":0,"enemies":"Shield and Spear","floor":54,"turns":5},{"damage":8,"enemies":"The Heart","floor":55,"turns":11}],"seed_played":"5155003522067654850","potions_obtained":[{"floor":8.0,"key":"LiquidMemories"},{"floor":10.0,"key":"EntropicBrew"},{"floor":14.0,"key":"ColorlessPotion"},{"floor":18.0,"key":"ColorlessPotion"},{"floor":22.0,"key":"BlessingOfTheForge"},{"floor":25.0,"key":"Regen Potion"},{"floor":30,"key":"Energy Potion"},{"floor":33,"key":"Swift Potion"},{"floor":35,"key":"CultistPotion"},{"floor":44,"key":"CultistPotion"}],"is_trial":false,"path_per_floor":["M","?","M","$","M","E","R","E","T","M","M","R","M","E","R","B",null,"M","M","M","?","?","R","$","E","T","M","M","E","M","M","R","B",null,"M","?","$","M","?","R","E","R","T","E","T","R","?","M","R","B",null,"R","$","E","B",null],"character_chosen":"WATCHER","items_purchased":["Membership Card","Flash of Steel","SashWhip","Meditate","Medical Kit","Ragnarok","Ornamental Fan","Pray","FlurryOfBlows","Calipers","Brilliance","Chemical X","Nirvana","ThirdEye","ClockworkSouvenir","MentalFortress","Apotheosis","Flash of Steel","LiquidMemories"],"campfire_rested":0,"item_purchase_floors":[4,4,4,4,24,24,24,24,24,37,37,37,37,37,53,53,53,53,53],"current_hp_per_floor":[72,72,62,62,62,53,53,47,47,47,47,47,45,45,45,38,72,69,49,42,42,39,39,39,39,39,48,48,48,48,48,66,51,72,70,70,70,68,59,72,72,72,72,72,72,72,72,72,72,71,72,72,72,72,64],"gold":42,"neow_bonus":"ONE_RANDOM_RARE_CARD","is_daily":false,"chose_seed":false,"campfire_upgraded":9,"win_rate":0.0,"timestamp":1611613095,"path_taken":["M","?","M","$","M","E","R","E","T","M","M","R","M","E","R","BOSS","M","M","M","?","?","R","$","E","T","M","M","E","M","M","R","BOSS","M","?","$","M","?","R","E","R","T","E","?","R","?","M","R","BOSS","R","$","E","BOSS"],"items_purchased_type":["Relic","Card","Card","Card","Relic","Card","Relic","Card","Card","Relic","Card","Relic","Card","Card","Relic","Card","Card","Card","Potion"],"build_version":"2020-12-22","purchased_purges":4,"victory":true,"max_hp_per_floor":[72,72,72,72,72,72,72,72,72,72,72,72,72,72,72,72,72,72,72,72,72,72,72,72,72,72,72,72,72,72,72,72,72,72,72,72,72,72,72,72,72,72,72,72,72,72,72,72,72,72,72,72,72,72,72],"relic_stats":{"counters":[29,162],"Dead Branch":[115],"Eternal Feather":31,"Ginger":[5],"Medical Kit":[12],"MawBank":132,"Nunchaku":[23],"Ornamental Fan":[216],"Sundial":[0],"Shuriken":[18],"Gambling Chip":[7],"Chemical X":[3],"obtain_stats":[{"Calipers":37,"Dead Branch":14,"Eternal Feather":26,"Ginger":29,"Medical Kit":24,"MawBank":26,"Akabeko":8,"ClockworkSouvenir":53,"CaptainsWheel":6,"Nunchaku":25,"Matryoshka":9,"Ornamental Fan":24,"Sundial":44,"Shuriken":45,"Gambling Chip":41,"Philosopher\u0027s Stone":34,"Coffee Dripper":17,"Red Mask":22,"Membership Card":4,"Chemical X":37,"PureWater":0,"Toy Ornithopter":43,"Pocketwatch":54},{"Calipers":22,"Dead Branch":9,"Eternal Feather":15,"Ginger":18,"Medical Kit":14,"MawBank":15,"Akabeko":5,"ClockworkSouvenir":27,"CaptainsWheel":4,"Nunchaku":15,"Matryoshka":5,"Ornamental Fan":14,"Sundial":25,"Shuriken":25,"Gambling Chip":24,"Philosopher\u0027s Stone":21,"Coffee Dripper":10,"Red Mask":14,"Membership Card":2,"Chemical X":22,"PureWater":0,"Toy Ornithopter":24,"Pocketwatch":28},{"Calipers":110,"Dead Branch":42,"Eternal Feather":75,"Ginger":85,"Medical Kit":69,"MawBank":75,"Akabeko":27,"ClockworkSouvenir":146,"CaptainsWheel":20,"Nunchaku":75,"Matryoshka":27,"Ornamental Fan":69,"Sundial":134,"Shuriken":134,"Gambling Chip":124,"Philosopher\u0027s Stone":102,"Coffee Dripper":50,"Red Mask":69,"Membership Card":10,"Chemical X":110,"PureWater":0,"Toy Ornithopter":124,"Pocketwatch":151}],"Toy Ornithopter":0,"Pocketwatch":[4]},"card_choices":[{"not_picked":["Prostrate","ThirdEye"],"picked":"Meditate","floor":1.0},{"not_picked":["Wireheading","EmptyBody"],"picked":"EmptyFist","floor":3.0},{"not_picked":["Halt","Evaluate"],"picked":"Prostrate","floor":5.0},{"not_picked":["Crescendo","Judgement"],"picked":"Wallop","floor":6.0},{"not_picked":["BowlingBash","SignatureMove"],"picked":"WheelKick","floor":8.0},{"not_picked":["JustLucky","Sanctity"],"picked":"Halt","floor":10.0},{"not_picked":["Blasphemy","Meditate"],"picked":"Evaluate","floor":11.0},{"not_picked":["Evaluate","CutThroughFate"],"picked":"Protect","floor":13.0},{"not_picked":["Vengeance","BowlingBash"],"picked":"MasterReality","floor":14.0},{"not_picked":["DeusExMachina","Judgement"],"picked":"LessonLearned","floor":16.0},{"not_picked":["FollowUp","CrushJoints"],"picked":"FlurryOfBlows","floor":18.0},{"not_picked":["EmptyBody","EmptyFist","Indignation"],"picked":"SKIP","floor":19.0},{"not_picked":["Prostrate","SignatureMove","WheelKick"],"picked":"SKIP","floor":20.0},{"not_picked":["Weave+1","CrushJoints+1"],"picked":"Wallop+1","floor":22.0},{"not_picked":["CutThroughFate","WreathOfFlame","Halt"],"picked":"SKIP","floor":25.0},{"not_picked":["FollowUp","Pray"],"picked":"Devotion","floor":27.0},{"not_picked":["WaveOfTheHand","JustLucky"],"picked":"EmptyMind","floor":28.0},{"not_picked":["Consecrate+1","CutThroughFate+1"],"picked":"ThirdEye","floor":29.0},{"not_picked":["PathToVictory","Consecrate","Crescendo+1"],"picked":"SKIP","floor":30},{"not_picked":["FlyingSleeves","BowlingBash+1"],"picked":"WaveOfTheHand","floor":31},{"not_picked":["Blasphemy","MasterReality"],"picked":"SpiritShield","floor":33},{"not_picked":["WheelKick+1","ClearTheMind+1"],"picked":"Swivel","floor":35},{"not_picked":["Prostrate+1","FlurryOfBlows+1"],"picked":"Evaluate+1","floor":38},{"not_picked":["Prostrate","BowlingBash+1"],"picked":"Evaluate+1","floor":41},{"not_picked":["FlurryOfBlows+1","Adaptation"],"picked":"TalkToTheHand+1","floor":44},{"not_picked":["TalkToTheHand+1","Wallop"],"picked":"Tantrum+1","floor":48},{"not_picked":["SashWhip+1","Prostrate"],"picked":"Halt+1","floor":54}],"player_experience":2482812,"relics_obtained":[{"floor":6.0,"key":"CaptainsWheel"},{"floor":8.0,"key":"Akabeko"},{"floor":9.0,"key":"Matryoshka"},{"floor":14.0,"key":"Dead Branch"},{"floor":22.0,"key":"Red Mask"},{"floor":25.0,"key":"Nunchaku"},{"floor":26.0,"key":"MawBank"},{"floor":26.0,"key":"Eternal Feather"},{"floor":29.0,"key":"Ginger"},{"floor":41,"key":"Gambling Chip"},{"floor":43,"key":"Toy Ornithopter"},{"floor":44,"key":"Sundial"},{"floor":45,"key":"Shuriken"},{"floor":54,"key":"Pocketwatch"}],"event_choices":[{"damage_healed":0.0,"max_hp_gain":0.0,"max_hp_loss":0.0,"gold_gain":175.0,"event_name":"Liars Game","player_choice":"AGREE","floor":2.0,"gold_loss":0.0,"damage_taken":0.0,"cards_obtained":["Doubt"]},{"damage_healed":0.0,"max_hp_gain":0.0,"max_hp_loss":0.0,"gold_gain":0.0,"event_name":"The Mausoleum","player_choice":"Ignored","floor":21.0,"gold_loss":0.0,"damage_taken":0.0},{"damage_healed":0.0,"max_hp_gain":0.0,"max_hp_loss":0.0,"gold_gain":0.0,"event_name":"Masked Bandits","player_choice":"Fought Bandits","floor":22.0,"gold_loss":0.0,"damage_taken":0.0},{"cards_removed":["FlurryOfBlows"],"damage_healed":0,"gold_gain":0,"player_choice":"Removed Attack","damage_taken":0,"max_hp_gain":0,"max_hp_loss":0,"event_name":"Falling","floor":36,"gold_loss":0},{"damage_healed":0,"gold_gain":0,"player_choice":"Embrace Madness","damage_taken":9,"max_hp_gain":0,"max_hp_loss":0,"event_name":"Winding Halls","floor":39,"gold_loss":0,"cards_obtained":["Madness","Madness"]},{"damage_healed":0,"gold_gain":222,"player_choice":"Wore Mask","damage_taken":0,"max_hp_gain":0,"max_hp_loss":0,"event_name":"Tomb of Lord Red Mask","floor":47,"gold_loss":0}],"is_beta":false,"boss_relics":[{"not_picked":["Velvet Choker","Runic Pyramid"],"picked":"Coffee Dripper"},{"not_picked":["Tiny House","Snecko Eye"],"picked":"Philosopher\u0027s Stone"}],"items_purged_floors":[4,24,37,53],"is_endless":false,"potions_floor_spawned":[8,10,14,18,22,25,30,33,35,44],"ascension_level":2}}