{"host":"dnd25fcf5l5puhl9","time":1611607608,"event":{"mods":["AchievementEnabler","Act Like it!","Aspiration","BaseMod","BetterRewards","Colored Map","Colored Powertips","Conspire","Dark Map","Downfall","Hermit","Hubris","Infinite Spire","Jorbs\u0027s Wanderer Trilogy","Koishi","KomeijiMod","Lobotomy","Marisa????????","Minty Spire (QoL Compilation)","Quick Restart","Replay The Spire","Shop Mod","StSLib","SuperFastMode","The Administrix","The Runesmith","The Senshi","Youmu??????","??????REMEMod"],"gold_per_floor":[99,126,126,126,156,141,168,168,235,268,268,300,330,330,382,653,653,653,691,691,694,694],"floor_reached":21,"language":"PTB","playtime":1038,"items_purged":[],"score":204,"play_id":"3162bf14-fe4e-4e43-91a5-12e79e25e110","local_time":"20210125184648","is_ascension_mode":false,"campfire_choices":[{"data":"hermit:DeadOrAlive","floor":1,"key":"SMITH"},{"data":"theSenshi:MoonPrismPowerMakeUp","floor":8,"key":"SMITH"},{"data":"theSenshi:RoseThrow","floor":11,"key":"SMITH"}],"circlet_count":0,"master_deck":["theSenshi:SailorKick","theSenshi:SailorKick","theSenshi:SailorKick","theSenshi:SailorKick","theSenshi:SailorBlock","theSenshi:SailorBlock","theSenshi:SailorBlock","theSenshi:SailorBlock","theSenshi:RoseThrow+1","theSenshi:MoonPrismPowerMakeUp+1","hermit:DeadOrAlive+1","theSenshi:MoonCosmicPowerMakeUp","theSenshi:MoonGorgeousMeditation","theSenshi:FatedKiss","Ghostly","Ghostly","Ghostly","Ghostly","Ghostly","downfall:Bewildered"],"relics":["theSenshi:TransformationBroochRelic","REME_ComplimentaryCards","downfall:ShatteredFragment","hubris:Icosahedron","MealTicket","Simple Rune","REME_ArchaeologicalTools","Philosopher\u0027s Stone","sneckomod:BabySnecko"],"acts_visited":["Exordium","TheCity"],"potions_floor_usage":[9,16,16,21,21],"damage_taken":[{"damage":4,"enemies":"2 Louse","floor":2,"turns":3},{"damage":0,"enemies":"Jaw Worm","floor":5,"turns":2},{"damage":5,"enemies":"downfall:FleeingMerchant","floor":6,"turns":4},{"damage":8,"enemies":"Lagavulin","floor":9,"turns":5},{"damage":2,"enemies":"Small Slimes","floor":10,"turns":3},{"damage":9,"enemies":"2 Fungi Beasts","floor":12,"turns":3},{"damage":0,"enemies":"Large Slime","floor":13,"turns":2},{"damage":14,"enemies":"Lots of Slimes","floor":15,"turns":3},{"damage":27,"enemies":"SI_SHIV_ARCHETYPE","floor":16,"turns":8},{"damage":11,"enemies":"Shell Parasite","floor":19,"turns":7},{"damage":30,"enemies":"3 Byrds","floor":21,"turns":4}],"seed_played":"3510432590612083713","potions_obtained":[{"floor":2,"key":"champ:CounterPotion"},{"floor":10,"key":"Fire Potion"},{"floor":12,"key":"Strength Potion"},{"floor":15,"key":"PowerPotion"},{"floor":16,"key":"EssenceOfSteel"}],"is_trial":false,"path_per_floor":["R","M","?","?","M","$","T","R","E","M","R","M","M","?","M","B",null,"R_BF","M","?","M"],"character_chosen":"THE_SENSHI","items_purchased":[],"campfire_rested":0,"item_purchase_floors":[],"current_hp_per_floor":[82,78,78,78,78,73,73,73,65,63,63,54,54,42,28,1,82,41,30,30,0,0],"gold":694,"neow_bonus":"TEN_PERCENT_HP_BONUS","is_daily":false,"chose_seed":false,"campfire_upgraded":3,"win_rate":0.0,"timestamp":1611607608,"path_taken":["R","M","?","?","M","$","T","R","E","M","R","M","M","?","M","BOSS","R_BF","M","?","M"],"items_purchased_type":[],"build_version":"2020-12-22","purchased_purges":0,"victory":false,"max_hp_per_floor":[82,82,82,82,82,82,82,82,82,82,82,82,82,82,82,82,82,41,41,41,41,41],"card_choices":[{"not_picked":["theSenshi:MoonSpiralHeartAttack","theSenshi:OdangoHead","theSenshi:MoonsReflection"],"picked":"SKIP","floor":2},{"not_picked":["theSenshi:MercurysCunning","theSenshi:MoonPrincessHalation","theSenshi:TallSilhouette"],"picked":"SKIP","floor":5},{"not_picked":["theSenshi:TuxedoSmokingBomber","theSenshi:SailorPlanetAttack","theSenshi:LunaSensingAllies"],"picked":"SKIP","floor":6},{"not_picked":["theSenshi:SailorPlanetPower","theSenshi:SailorMarsAssists"],"picked":"theSenshi:MoonCosmicPowerMakeUp","floor":9},{"not_picked":["theSenshi:MoonTiaraMagic","theSenshi:MoonsReflection","theSenshi:MoonKick"],"picked":"SKIP","floor":10},{"not_picked":["theSenshi:SailorChibiMoonAssists","theSenshi:LateForSchool"],"picked":"theSenshi:MoonGorgeousMeditation","floor":12},{"not_picked":["theSenshi:SailorMarsAssists","theSenshi:GatheringStrength","theSenshi:MoonPrincessHalation"],"picked":"SKIP","floor":13},{"not_picked":["theSenshi:MoonCrystalPowerMakeUp","theSenshi:SchoolBag","theSenshi:TuxedoMaskAssists"],"picked":"SKIP","floor":15},{"not_picked":["theSenshi:SilverMoonCrystalPowerKiss","theSenshi:InTheNameOfTheMoon"],"picked":"theSenshi:FatedKiss","floor":16},{"not_picked":["theSenshi:MoonPrincessHalation","theSenshi:LunasBite","theSenshi:SupersonicWaves"],"picked":"SKIP","floor":19}],"player_experience":617196,"relics_obtained":[{"floor":7,"key":"MealTicket"},{"floor":9,"key":"Simple Rune"}],"event_choices":[{"damage_healed":0,"gold_gain":0,"player_choice":"Success","damage_taken":12,"relics_obtained":["REME_ArchaeologicalTools"],"max_hp_gain":0,"max_hp_loss":0,"event_name":"Scrap Ooze","floor":14,"gold_loss":0},{"damage_healed":0,"gold_gain":0,"player_choice":"Became a Ghost","damage_taken":0,"max_hp_gain":0,"max_hp_loss":41,"event_name":"Ghosts","floor":18,"gold_loss":0,"cards_obtained":["Ghostly","Ghostly","Ghostly","Ghostly","Ghostly"]}],"is_beta":false,"boss_relics":[{"not_picked":["Runic Dome","hubris:GrandSneckoEye"],"picked":"Philosopher\u0027s Stone"}],"items_purged_floors":[],"is_endless":false,"potions_floor_spawned":[2,10,12,15,16],"killed_by":"3 Byrds","ascension_level":0}}