{"host":"avjwtc49fhlk6kym","time":1611618598,"event":{"mods":["AchievementEnabler","BaseMod","Better Match","Better Note","Better Third Choice","Colored Map","Colored Powertips","Displayed Cursed Tome","Highlight Path","Minty Spire (QoL Compilation)","Permanent Neow","Quick Restart","StSLib"],"gold_per_floor":[118,118,133,133,184,184,220,220,220,251,269,285,285,310,310,431,431,449,449,474,474,493,508,508,508,508,533,533,551,17,37,37,156,156,177,102,115,115,15,15,54,54,105,125,149,149,163,163,163,163,163],"floor_reached":50,"language":"ENG","playtime":2323,"items_purged":["MentalFortress","MentalFortress"],"score":534,"play_id":"8ea5bb17-0ef5-4fb4-bbf0-3029816b56d9","local_time":"20210125184958","is_ascension_mode":false,"campfire_choices":[{"data":"CrushJoints","floor":6.0,"key":"SMITH"},{"floor":8.0,"key":"REST"},{"floor":15.0,"key":"REST"},{"floor":28.0,"key":"REST"},{"data":"BattleHymn","floor":32.0,"key":"SMITH"},{"data":"Discovery","floor":40,"key":"SMITH"},{"data":"Establishment","floor":42,"key":"SMITH"},{"floor":46,"key":"REST"},{"data":"MasterReality","floor":49,"key":"SMITH"}],"circlet_count":0,"master_deck":["Eruption+1","Vigilance","CrushJoints+1","ClearTheMind","Consecrate","Devotion+1","Protect","MasterReality+1","Study+1","FearNoEvil+1","Wireheading+1","ForeignInfluence+1","PathToVictory","Bite","Bite","Bite","Bite","Bite+1","Halt+1","Crescendo","WheelKick","PathToVictory+1","BattleHymn+1","Evaluate","LessonLearned","FearNoEvil","CutThroughFate+1","Wallop+1","Discovery+1","Establishment+1","Evaluate+1","CrushJoints+1","Halt","Doubt"],"relics":["Sozu","Golden Idol","Anchor","Mummified Hand","Whetstone","MealTicket","Astrolabe","Letter Opener","Pantograph","Sling","TungstenRod","Pandora\u0027s Box","Darkstone Periapt"],"acts_visited":["Exordium","TheCity","TheBeyond"],"potions_floor_usage":[],"damage_taken":[{"damage":0.0,"enemies":"Small Slimes","floor":1.0,"turns":2.0},{"damage":0.0,"enemies":"Jaw Worm","floor":3.0,"turns":3.0},{"damage":22.0,"enemies":"Lagavulin","floor":7.0,"turns":5.0},{"damage":27.0,"enemies":"3 Sentries","floor":10.0,"turns":9.0},{"damage":0.0,"enemies":"2 Louse","floor":11.0,"turns":3.0},{"damage":8.0,"enemies":"Red Slaver","floor":12.0,"turns":3.0},{"damage":0.0,"enemies":"2 Fungi Beasts","floor":14.0,"turns":3.0},{"damage":45.0,"enemies":"Hexaghost","floor":16.0,"turns":10.0},{"damage":17.0,"enemies":"2 Thieves","floor":18.0,"turns":3.0},{"damage":22.0,"enemies":"3 Byrds","floor":20.0,"turns":6.0},{"damage":27.0,"enemies":"Snecko","floor":22.0,"turns":6.0},{"damage":22.0,"enemies":"3 Cultists","floor":23.0,"turns":6.0},{"damage":6.0,"enemies":"Snake Plant","floor":27.0,"turns":3.0},{"damage":16.0,"enemies":"Centurion and Healer","floor":29.0,"turns":7.0},{"damage":0.0,"enemies":"Cultist and Chosen","floor":31.0,"turns":4.0},{"damage":56.0,"enemies":"Collector","floor":33.0,"turns":8.0},{"damage":0.0,"enemies":"3 Shapes","floor":35.0,"turns":5.0},{"damage":8,"enemies":"Orb Walker","floor":37,"turns":3},{"damage":0,"enemies":"Giant Head","floor":41,"turns":5},{"damage":24,"enemies":"3 Darklings","floor":44,"turns":4},{"damage":29,"enemies":"Spire Growth","floor":45,"turns":5},{"damage":28,"enemies":"Jaw Worm Horde","floor":47,"turns":5},{"damage":73,"enemies":"Awakened One","floor":50,"turns":5}],"seed_played":"2913353063370819445","potions_obtained":[],"is_trial":false,"path_per_floor":["M","?","M","?","T","R","E","R","T","E","M","M","?","M","R","B",null,"M","?","M","?","M","M","?","T","T","M","R","M","$","M","R","B",null,"M","$","M","?","$","R","E","R","T","M","M","R","M","?","R","B"],"character_chosen":"WATCHER","items_purchased":["Sling","TungstenRod","BattleHymn"],"campfire_rested":4,"item_purchase_floors":[30,30,30],"current_hp_per_floor":[72,77,77,58,58,58,36,59,59,32,32,24,24,24,47,2,77,60,60,38,38,23,19,19,19,19,17,32,28,43,47,47,1,53,53,53,45,45,53,53,53,53,53,35,12,27,7,59,59,0,0],"gold":163,"neow_bonus":"BOSS_RELIC","is_daily":false,"chose_seed":false,"campfire_upgraded":5,"win_rate":0.0,"timestamp":1611618598,"path_taken":["M","?","M","?","?","R","E","R","T","E","M","M","?","M","R","BOSS","M","?","M","?","M","M","?","?","T","M","R","M","?","M","R","BOSS","M","$","M","?","$","R","E","R","T","M","M","R","M","?","R","BOSS"],"items_purchased_type":["Relic","Relic","Card"],"build_version":"2020-12-22","purchased_purges":2,"victory":false,"max_hp_per_floor":[72,77,77,77,77,77,77,77,77,77,77,77,77,77,77,77,77,77,77,77,53,53,53,53,53,53,53,53,53,53,53,53,53,53,53,53,53,53,53,53,53,53,53,53,53,53,53,59,59,59,59],"card_choices":[{"not_picked":["FlyingSleeves","ClearTheMind"],"picked":"CrushJoints","floor":1.0},{"not_picked":["SignatureMove","Evaluate"],"picked":"ClearTheMind","floor":3.0},{"not_picked":["JustLucky","ClearTheMind","EmptyMind"],"picked":"SKIP","floor":7.0},{"not_picked":["Evaluate","ForeignInfluence"],"picked":"Wireheading","floor":10.0},{"not_picked":["Weave","CrushJoints"],"picked":"Consecrate","floor":11.0},{"not_picked":["InnerPeace","CutThroughFate"],"picked":"Devotion","floor":12.0},{"not_picked":["EmptyMind","WreathOfFlame"],"picked":"Protect","floor":14.0},{"not_picked":["Blasphemy","ConjureBlade"],"picked":"MasterReality","floor":16.0},{"not_picked":["EmptyFist","BowlingBash"],"picked":"ForeignInfluence+1","floor":18.0},{"not_picked":["Evaluate","SashWhip"],"picked":"PathToVictory","floor":20.0},{"not_picked":["Indignation","ClearTheMind"],"picked":"Halt+1","floor":22.0},{"not_picked":["WaveOfTheHand","Consecrate"],"picked":"Crescendo","floor":23.0},{"not_picked":["BowlingBash","Study"],"picked":"WheelKick","floor":27.0},{"not_picked":["Prostrate","InnerPeace"],"picked":"PathToVictory+1","floor":29.0},{"not_picked":["EmptyBody","Indignation"],"picked":"Evaluate","floor":31.0},{"not_picked":["Vault","Blasphemy"],"picked":"LessonLearned","floor":33.0},{"not_picked":["Study+1","Crescendo"],"picked":"CutThroughFate","floor":35.0},{"not_picked":["Prostrate+1","FlurryOfBlows+1"],"picked":"Wallop+1","floor":37},{"not_picked":["Flash of Steel","Dark Shackles"],"picked":"Discovery","floor":38},{"not_picked":["PathToVictory","CarveReality+1"],"picked":"Establishment","floor":41},{"not_picked":["Fasting2","EmptyMind"],"picked":"Evaluate+1","floor":44},{"not_picked":["Wireheading","Adaptation+1"],"picked":"CrushJoints+1","floor":45},{"not_picked":["SashWhip+1","ClearTheMind"],"picked":"Halt","floor":47}],"player_experience":408532,"relics_obtained":[{"floor":5.0,"key":"Anchor"},{"floor":7.0,"key":"Mummified Hand"},{"floor":9.0,"key":"Whetstone"},{"floor":10.0,"key":"MealTicket"},{"floor":25.0,"key":"Letter Opener"},{"floor":26.0,"key":"Pantograph"},{"floor":41,"key":"Darkstone Periapt"}],"event_choices":[{"damage_healed":0.0,"max_hp_gain":5.0,"max_hp_loss":0.0,"gold_gain":0.0,"event_name":"Big Fish","player_choice":"Donut","floor":2.0,"gold_loss":0.0,"damage_taken":0.0},{"damage_healed":0.0,"max_hp_gain":0.0,"max_hp_loss":0.0,"gold_gain":0.0,"event_name":"Golden Idol","player_choice":"Take Damage","floor":4.0,"gold_loss":0.0,"damage_taken":19.0,"relics_obtained":["Golden Idol"]},{"damage_healed":0.0,"max_hp_gain":0.0,"max_hp_loss":0.0,"gold_gain":0.0,"event_name":"Living Wall","player_choice":"Grow","floor":13.0,"gold_loss":0.0,"damage_taken":0.0,"cards_upgraded":["Devotion"]},{"cards_removed":["Wireheading"],"damage_healed":0.0,"max_hp_gain":0.0,"max_hp_loss":0.0,"gold_gain":0.0,"event_name":"betterNote:BetterNote","player_choice":"Give","floor":19.0,"gold_loss":0.0,"damage_taken":0.0,"cards_obtained":["Defend_P"]},{"damage_healed":0.0,"max_hp_gain":0.0,"max_hp_loss":24.0,"gold_gain":0.0,"event_name":"Vampires","player_choice":"Became a vampire","floor":21.0,"gold_loss":0.0,"damage_taken":0.0,"cards_obtained":["Bite","Bite","Bite","Bite","Bite"]},{"damage_healed":0.0,"max_hp_gain":0.0,"max_hp_loss":0.0,"gold_gain":0.0,"cards_transformed":["Wireheading","Defend_P"],"event_name":"Drug Dealer","player_choice":"Became Test Subject","floor":24.0,"gold_loss":0.0,"damage_taken":0.0,"cards_obtained":["MentalFortress","MentalFortress"]},{"damage_healed":0,"gold_gain":0,"player_choice":"Memory 1","damage_taken":0,"max_hp_gain":0,"max_hp_loss":0,"event_name":"SensoryStone","floor":38,"gold_loss":0},{"damage_healed":46,"gold_gain":0,"player_choice":"Heal","damage_taken":0,"max_hp_gain":0,"max_hp_loss":0,"event_name":"MindBloom","floor":48,"gold_loss":0,"cards_obtained":["Doubt"]}],"is_beta":false,"boss_relics":[{"not_picked":["Empty Cage","Black Star"],"picked":"Astrolabe"},{"not_picked":["Philosopher\u0027s Stone","Coffee Dripper"],"picked":"Pandora\u0027s Box"}],"items_purged_floors":[36,39],"is_endless":false,"potions_floor_spawned":[10,14,16,20,27,29,31,44,45,47],"killed_by":"Awakened One","ascension_level":0}}