{"host":"kvh5342rl0c7vxi5","time":1611608835,"event":{"mods":["BaseMod","Downfall","Hermit","Jorbs\u0027s Wanderer Trilogy","Minty Spire (QoL Compilation)","Quick Restart","StSLib","SuperFastMode","The Poker Player"],"gold_per_floor":[99,115,126,183,183,183,207,227,227,262,262,12,29,14,30,129,129,129],"floor_reached":16,"language":"ENG","playtime":789,"items_purged":["bronze:Strike"],"score":150,"play_id":"663accae-6b56-4ab7-bf6d-82b96e583e36","local_time":"20210125160715","is_ascension_mode":false,"campfire_choices":[{"data":"bronze:Replicate","floor":1.0,"key":"SMITH"},{"data":"bronze:DarkDash","floor":6.0,"key":"SMITH"},{"data":"bronze:Goto","floor":9.0,"key":"SMITH"},{"floor":11.0,"key":"REST"}],"circlet_count":0,"master_deck":["bronze:Strike","bronze:Strike","bronze:Strike","bronze:Defend","bronze:Defend","bronze:Defend","bronze:Defend","bronze:Replicate+1","bronze:Goto+1","bronze:Branch","bronze:DarkDash+1","bronze:WhirlingStrike","bronze:Optimize","bronze:ClassDefault","bronze:CloningBeam","bronze:Boost"],"relics":["bronze:BronzeCore","Shuriken","Toy Ornithopter","TungstenRod"],"acts_visited":["Exordium"],"potions_floor_usage":[],"damage_taken":[{"damage":1.0,"enemies":"Jaw Worm","floor":2.0,"turns":3.0},{"damage":0.0,"enemies":"Small Slimes","floor":3.0,"turns":3.0},{"damage":32.0,"enemies":"Lagavulin Event","floor":4.0,"turns":7.0},{"damage":0.0,"enemies":"Cultist","floor":8.0,"turns":2.0},{"damage":23.0,"enemies":"3 Sentries","floor":10.0,"turns":9.0},{"damage":0.0,"enemies":"downfall:FleeingMerchant","floor":12.0,"turns":4.0},{"damage":8.0,"enemies":"2 Fungi Beasts","floor":13.0,"turns":3.0},{"damage":1.0,"enemies":"downfall:FleeingMerchant","floor":14.0,"turns":4.0},{"damage":0.0,"enemies":"Large Slime","floor":15.0,"turns":5.0},{"damage":40.0,"enemies":"IC_STATUS_ARCHETYPE","floor":16.0,"turns":10.0}],"seed_played":"-1384805803271581653","potions_obtained":[{"floor":4.0,"key":"hexamod:SoulburnPotion"},{"floor":13.0,"key":"Swift Potion"}],"is_trial":false,"path_per_floor":["R","M","M","?","?","R","T","M","R","E","R","$","M","$","M","B"],"character_chosen":"THE_AUTOMATON","items_purchased":["bronze:ClassDefault","bronze:CloningBeam","PowerPotion"],"campfire_rested":1,"item_purchase_floors":[12,12,12],"current_hp_per_floor":[77,76,76,44,44,44,44,44,44,21,44,44,36,35,35,5,5,5],"gold":129,"neow_bonus":"TEN_PERCENT_HP_BONUS","is_daily":false,"chose_seed":false,"campfire_upgraded":3,"win_rate":0.0,"timestamp":1611608835,"path_taken":["R","M","M","?","?","R","T","M","R","E","R","?","M","$","M","BOSS","BOSS"],"items_purchased_type":["Card","Card","Potion"],"build_version":"2020-12-22","purchased_purges":1,"victory":false,"max_hp_per_floor":[77,77,77,77,77,77,77,77,77,77,77,77,77,77,77,77,77,77],"card_choices":[{"not_picked":["bronze:BugBarrage","bronze:ForceShield"],"picked":"bronze:Branch","floor":2.0},{"not_picked":["bronze:Frontload","bronze:FineTuning"],"picked":"bronze:DarkDash","floor":3.0},{"not_picked":["bronze:DelayedGuard","bronze:Shield","bronze:Turbo"],"picked":"SKIP","floor":8.0},{"not_picked":["bronze:BuggyMess","bronze:AlphaBuild"],"picked":"bronze:WhirlingStrike","floor":10.0},{"not_picked":["bronze:MaxOutput","bronze:BitShift"],"picked":"bronze:Optimize","floor":12.0},{"not_picked":["bronze:Repair","bronze:Invalidate"],"picked":"bronze:Boost","floor":13.0},{"not_picked":["bronze:AlphaBuild","bronze:Deprecate","bronze:Break"],"picked":"SKIP","floor":14.0},{"not_picked":["bronze:BugBarrage","bronze:Deprecate","bronze:Frontload"],"picked":"SKIP","floor":15.0}],"player_experience":562496,"relics_obtained":[{"floor":4.0,"key":"Shuriken"},{"floor":7.0,"key":"Toy Ornithopter"},{"floor":10.0,"key":"TungstenRod"}],"event_choices":[],"is_beta":false,"boss_relics":[],"items_purged_floors":[12],"is_endless":false,"potions_floor_spawned":[4,13,15],"killed_by":"IC_STATUS_ARCHETYPE","ascension_level":0}}