{"host":"ELF","time":1611614585,"event":{"mods":["BaseMod","Bestiary","Minty Spire (QoL Compilation)","Relic Stats","Slay the Relics Exporter"],"gold_per_floor":[114,175,175,4,19,47,47,47,47,74,74,108,126,151,151,151,151],"floor_reached":16,"language":"ENG","playtime":520,"items_purged":[],"score":294,"play_id":"11c7bf46-373b-4893-8f95-49f5a1891c5c","local_time":"20210125164305","is_ascension_mode":true,"campfire_choices":[{"data":"Berserk","floor":7,"key":"SMITH"},{"data":"Dark Embrace","floor":11,"key":"SMITH"},{"data":"Feel No Pain","floor":15,"key":"SMITH"}],"circlet_count":0,"master_deck":["AscendersBane","Strike_R","Strike_R","Strike_R","Strike_R","Strike_R","Defend_R","Defend_R","Defend_R","Defend_R","Bash","Hemokinesis","Feel No Pain+1","Berserk+1","Dark Embrace+1","Second Wind","Shrug It Off","Anger"],"relics":["Burning Blood","NeowsBlessing","PreservedInsect","Lee\u0027s Waffle","Akabeko","Sundial","Question Card","Champion Belt","Mummified Hand"],"acts_visited":["Exordium"],"potions_floor_usage":[10,16,16],"damage_taken":[{"damage":0,"enemies":"Small Slimes","floor":1,"turns":1},{"damage":0,"enemies":"2 Louse","floor":5,"turns":2},{"damage":0,"enemies":"Gremlin Nob","floor":6,"turns":1},{"damage":9,"enemies":"3 Sentries","floor":10,"turns":8},{"damage":37,"enemies":"Gremlin Nob","floor":12,"turns":4},{"damage":2,"enemies":"Jaw Worm","floor":13,"turns":6},{"damage":14,"enemies":"Lagavulin","floor":14,"turns":5},{"damage":48,"enemies":"Slime Boss","floor":16,"turns":10}],"seed_played":"6116217283573840249","potions_obtained":[{"floor":1,"key":"Block Potion"},{"floor":12,"key":"Weak Potion"},{"floor":13,"key":"SpeedPotion"}],"is_trial":false,"path_per_floor":["M","?","?","$","M","E","R","$","T","E","R","E","M","E","R","B"],"character_chosen":"IRONCLAD","items_purchased":["Lee\u0027s Waffle"],"campfire_rested":0,"item_purchase_floors":[4],"current_hp_per_floor":[74,74,56,82,82,82,82,82,82,79,79,48,52,44,44,0,0],"gold":151,"neow_bonus":"THREE_ENEMY_KILL","is_daily":false,"chose_seed":false,"campfire_upgraded":3,"win_rate":0.0,"timestamp":1611614585,"path_taken":["M","?","?","$","M","E","R","$","T","E","R","E","M","E","R","BOSS"],"items_purchased_type":["Relic"],"build_version":"2020-12-18","purchased_purges":0,"victory":false,"max_hp_per_floor":[75,75,75,82,82,82,82,82,82,82,82,82,82,82,82,82,82],"relic_stats":{"Lee\u0027s Waffle":26,"counters":[8,37],"Sundial":[6],"Mummified Hand":[3],"PreservedInsect":83,"Champion Belt":[4],"Question Card":3,"obtain_stats":[{"Lee\u0027s Waffle":4,"NeowsBlessing":0,"Sundial":9,"Mummified Hand":14,"PreservedInsect":3,"Champion Belt":12,"Question Card":10,"Burning Blood":0,"Akabeko":6},{"Lee\u0027s Waffle":1,"NeowsBlessing":0,"Sundial":3,"Mummified Hand":7,"PreservedInsect":1,"Champion Belt":5,"Question Card":4,"Burning Blood":0,"Akabeko":3},{"Lee\u0027s Waffle":1,"NeowsBlessing":0,"Sundial":4,"Mummified Hand":27,"PreservedInsect":1,"Champion Belt":16,"Question Card":12,"Burning Blood":0,"Akabeko":4}],"Burning Blood":30},"card_choices":[{"not_picked":["True Grit","Iron Wave"],"picked":"Hemokinesis","floor":1},{"not_picked":["Thunderclap","Anger"],"picked":"Feel No Pain","floor":5},{"not_picked":["Body Slam","Reaper"],"picked":"Berserk","floor":6},{"not_picked":["Cleave","True Grit"],"picked":"Dark Embrace","floor":10},{"not_picked":["Iron Wave","Infernal Blade","Whirlwind"],"picked":"Second Wind","floor":12},{"not_picked":["Clash","Cleave","Infernal Blade"],"picked":"Shrug It Off","floor":13},{"not_picked":["Limit Break","Body Slam","Whirlwind"],"picked":"Anger","floor":14}],"player_experience":3280834,"relics_obtained":[{"floor":6,"key":"Akabeko"},{"floor":9,"key":"Sundial"},{"floor":10,"key":"Question Card"},{"floor":12,"key":"Champion Belt"},{"floor":14,"key":"Mummified Hand"}],"event_choices":[{"damage_healed":0,"gold_gain":61,"player_choice":"Gained Gold","damage_taken":0,"max_hp_gain":0,"max_hp_loss":0,"event_name":"Golden Wing","floor":2,"gold_loss":0},{"damage_healed":0,"gold_gain":0,"player_choice":"Success","damage_taken":18,"relics_obtained":["PreservedInsect"],"max_hp_gain":0,"max_hp_loss":0,"event_name":"Scrap Ooze","floor":3,"gold_loss":0}],"is_beta":true,"boss_relics":[],"items_purged_floors":[],"is_endless":false,"potions_floor_spawned":[1,12,13],"killed_by":"Slime Boss","ascension_level":19}}