{"host":"va904f3s24glxxej","time":1611613593,"event":{"mods":["AchievementEnabler","BaseMod","Colored Powertips","Downfall","Hubris","Minty Spire (QoL Compilation)","Replay The Spire","StSLib","The Necromancer"],"gold_per_floor":[99,61,61,79,529,529,529,549,559,734,734,748,748,767,786,786,786,786],"floor_reached":16,"language":"ENG","playtime":1099,"items_purged":[],"score":92,"play_id":"e4c5ecee-bdbf-4acd-a32a-03183a073a46","local_time":"20210125222633","is_ascension_mode":false,"campfire_choices":[{"data":"bronze:Replicate","floor":1,"key":"SMITH"},{"data":"bronze:WhirlingStrike","floor":6,"key":"SMITH"},{"data":"bronze:Goto","floor":11,"key":"SMITH"},{"data":"bronze:Repulsor","floor":13,"key":"SMITH"}],"circlet_count":0,"master_deck":["bronze:Strike","bronze:Strike","bronze:Strike","bronze:Defend","bronze:Defend","bronze:Defend","bronze:Defend","bronze:Replicate+1","bronze:Goto+1","bronze:FineTuning","bronze:WhirlingStrike+1","bronze:Deprecate","downfall:Icky","downfall:Icky","downfall:Icky","bronze:Repulsor+1","bronze:GetLatest","Doubt","bronze:Turbo","bronze:ItsAFeature"],"relics":["bronze:BronzeCore","Eternal Feather"],"acts_visited":["Exordium"],"potions_floor_usage":[15,15],"damage_taken":[{"damage":0,"enemies":"downfall:FleeingMerchant","floor":2,"turns":4},{"damage":0,"enemies":"Small Slimes","floor":4,"turns":3},{"damage":14,"enemies":"2 Louse","floor":8,"turns":2},{"damage":9,"enemies":"Jaw Worm","floor":9,"turns":4},{"damage":7,"enemies":"3 Louse","floor":12,"turns":2},{"damage":13,"enemies":"2 Fungi Beasts","floor":14,"turns":4},{"damage":19,"enemies":"Exordium Wildlife","floor":15,"turns":6},{"damage":39,"enemies":"IC_STATUS_ARCHETYPE","floor":16,"turns":8}],"seed_played":"182483051590584559","potions_obtained":[{"floor":9,"key":"Guardian:BlockOnCardUsePotion"},{"floor":14,"key":"GamblersBrew"}],"is_trial":false,"path_per_floor":["R","$","?","M","?","R","T","M","M","?","R","M","R","M","M","B"],"character_chosen":"THE_AUTOMATON","items_purchased":["bronze:WhirlingStrike"],"campfire_rested":0,"item_purchase_floors":[2],"current_hp_per_floor":[77,77,77,77,77,77,77,63,54,54,63,56,65,52,33,0,0,0],"gold":786,"neow_bonus":"TEN_PERCENT_HP_BONUS","is_daily":false,"chose_seed":false,"campfire_upgraded":4,"win_rate":0.0,"timestamp":1611613593,"path_taken":["R","$","?","M","?","R","T","M","M","?","R","M","R","M","M","BOSS"],"items_purchased_type":["Card"],"build_version":"2020-12-22","purchased_purges":0,"victory":false,"max_hp_per_floor":[77,77,77,77,77,77,77,77,77,77,77,77,77,77,77,77,77,77],"card_choices":[{"not_picked":["bronze:DelayedGuard","bronze:NullPointer"],"picked":"bronze:FineTuning","floor":2},{"not_picked":["bronze:BronzeArmor","bronze:BugBarrage"],"picked":"bronze:Deprecate","floor":4},{"not_picked":["bronze:DigitalCarnage","bronze:GetLatest"],"picked":"bronze:Repulsor","floor":8},{"not_picked":["bronze:ItsAFeature","bronze:Allocate"],"picked":"bronze:GetLatest","floor":9},{"not_picked":["bronze:BuggyMess","bronze:Invalidate"],"picked":"bronze:Turbo","floor":12},{"not_picked":["bronze:Shield","bronze:Shell"],"picked":"bronze:ItsAFeature","floor":14},{"not_picked":["bronze:BugBarrage","bronze:CutThrough","bronze:Frontload"],"picked":"SKIP","floor":15}],"player_experience":759269,"relics_obtained":[{"floor":7,"key":"Eternal Feather"}],"event_choices":[],"is_beta":false,"boss_relics":[],"items_purged_floors":[],"is_endless":false,"potions_floor_spawned":[9,14],"killed_by":"IC_STATUS_ARCHETYPE","ascension_level":0}}