{"host":"am9dcwhv7hq2nlsk","time":1611574820,"event":{"mods":["ATMod(°¢èªMod)","AchievementEnabler","Act Like it!","Ascension Reborn","Aspiration","BaseMod","BetterRewards","Conspire","Custom Start","Dota2Spire","Marisa£¨ìFÓê¡¡Ä§ÀíÉ³£©","Minty Spire (QoL Compilation)","Reimu£¨²©ÀöÁéÃÎ£©","Remilia£¨ÀÙÃ×ÀòÑÇ£©","Replay The Spire","RumiaBox-Â¶Ã×æ«µÄÉñÃØºÐ×Ó","Shop Mod","Spicy Shops","StSLib","TestMod","The Cursed","The Hierophant","UnlockEverythingMod","[IsaacMod]ÒÔÈö¼âËþ","noobMod","¡¾ÒÅÎï¿¨ÅÆ¡¿REMEMod","óô»ðÖ¸ÄÏ"],"gold_per_floor":[128,53,67,135,163,163,191,191,191,235,259,240,240,240,240,356,356,698,716,747,802,216,250,266,340,340,340,365,365,180,195,195,268,268,352,1798,1835,1205,1246,1298,1386,43,124,176,176,276,282,332,332,452,476,476,476,779,852,779],"floor_reached":57,"language":"ZHS","playtime":2572,"items_purged":["Strike_R","Defend_R","Strike_R","Strike_R"],"score":4403,"play_id":"0622f79e-cb8b-4eef-8da5-f3fa6ffc6eb3","local_time":"20210125194020","is_ascension_mode":true,"campfire_choices":[{"data":"Limit Break","floor":6,"key":"SMITH"},{"data":"Double Tap","floor":8,"key":"SMITH"},{"floor":13,"key":"RECALL"},{"data":"Flex","floor":15,"key":"SMITH"},{"data":"REME_ACTH","floor":29,"key":"SMITH"},{"data":"AT_BodySlamDance","floor":32,"key":"SMITH"},{"data":"Heavy Blade+1","floor":45,"key":"SMITH"},{"data":"Limit Break","floor":49,"key":"SMITH"},{"data":"Heavy Blade+2","floor":53,"key":"SMITH"}],"circlet_count":0,"master_deck":["AscendersBane","Strike_R","Defend_R+1","Defend_R","Defend_R+1","Bash","Limit Break+1","AT_BodySlamDance+1","Flex+1","AT_IchimonjiDouble","Double Tap+1","REME_ACTH+1","Heavy Blade+3","Limit Break+1","AT_ManFootWork","Armaments+1","Madness","Madness","Whirlwind","Heavy Blade","ReplayTheSpireMod:Stacked","Whirlwind"],"relics":["Burning Blood","testmod-TestBox","HushsDoor","REME_ComplimentaryCards","AT_ATBox","ice","testmod-TheFather","Replay:Rubber Ducky","SalivaCoin","testmod-BouquetWithThorns","Chaos","REME_OnlineShoppingPlatform","Happy Flower","Sling","Dota2Spire:Dagon","conspire:TreasureMap","GodSword4","SharpPlug","Gremlin Horn","MagicDraw1","AT_LudenTempest","testmod-Charity","GuppysTail","Red Mask","Replay:Ringing Soul","RedLine:ReiMu","Dota2Spire:AssaultCuirass","Diplopia","REME_IWantAll","testmod-CasingShield","conspire:Flyswatter","aspiration:AnachronicSnailShell","Dota2Spire:EyeOfSkadi","MerchantsRug","Cracked Core","Mummified Hand","SatanicBible","DeathBook","BloodBag","AT_MibuBalloonWealth","SSSystem","conspire:InfiniteJournal","conspire:BottledYoYo","UnicornStump","SoulBox","testmod-Fortitude","Simple Rune","RottenBaby","Quantum Egg","StoneCalendar","AT_TheCollector"],"acts_visited":["Exordium","TheCity","TheBeyond","TheEnding"],"potions_floor_usage":[12,12,36,54,56,56,56,56,56,56,56,56,56,56,56],"damage_taken":[{"damage":3,"enemies":"2 Louse","floor":1,"turns":2},{"damage":0,"enemies":"conspire:RoseBush","floor":3,"turns":1},{"damage":12,"enemies":"Jaw Worm","floor":5,"turns":2},{"damage":0,"enemies":"Lagavulin","floor":7,"turns":3},{"damage":8,"enemies":"Replay:BlueRogue","floor":10,"turns":2},{"damage":3,"enemies":"Exordium Thugs","floor":11,"turns":2},{"damage":0,"enemies":"2 Fungi Beasts","floor":12,"turns":1},{"damage":25,"enemies":"The Guardian","floor":16,"turns":3},{"damage":0,"enemies":"2 Thieves","floor":18,"turns":1},{"damage":11,"enemies":"Shell Parasite","floor":19,"turns":2},{"damage":0,"enemies":"Masked Bandits","floor":20,"turns":1},{"damage":0,"enemies":"Hiden Room Battle","floor":21,"turns":1},{"damage":0,"enemies":"Book of Stabbing","floor":23,"turns":1},{"damage":0,"enemies":"Chosen and Byrds","floor":24,"turns":1},{"damage":0,"enemies":"Slavers","floor":28,"turns":1},{"damage":0,"enemies":"Snake Plant","floor":31,"turns":1},{"damage":0,"enemies":"Automaton","floor":33,"turns":2},{"damage":0,"enemies":"3 Shapes","floor":35,"turns":1},{"damage":0,"enemies":"Orb Walker","floor":39,"turns":1},{"damage":0,"enemies":"Giant Head","floor":40,"turns":1},{"damage":0,"enemies":"Jaw Worm Horde","floor":41,"turns":1},{"damage":0,"enemies":"R_Hoarder","floor":44,"turns":2},{"damage":0,"enemies":"Reptomancer","floor":46,"turns":1},{"damage":0,"enemies":"R_Hoarder","floor":48,"turns":1},{"damage":0,"enemies":"Awakened One","floor":50,"turns":2},{"damage":0,"enemies":"conspire:OrnateMirror","floor":51,"turns":1},{"damage":0,"enemies":"Shield and Spear","floor":55,"turns":1},{"damage":8,"enemies":"The Heart","floor":56,"turns":5}],"seed_played":"7950946533846858435","potions_obtained":[{"floor":28,"key":"AttackPotion"}],"is_trial":false,"path_per_floor":["M","?","M","T","M","R","E","R","T","E","M","M","R","?","R","B",null,"M","M","?","?","$","E","M","T","T","?","E","R","$","M","R","B",null,"M","$","?","$","M","E","M","$","T","E","R","E","?","E","R","B","B",null,"R","$","E","B",null],"character_chosen":"IRONCLAD","items_purchased":["Replay:Rubber Ducky","Chaos","REME_OnlineShoppingPlatform","Sling","Dota2Spire:Dagon","conspire:TreasureMap","Limit Break","GodSword4","BloodDonationMachine","Gremlin Horn","AT_BodySlamDance","GuppysTail","REME_ACTH","Dota2Spire:AssaultCuirass","Diplopia","conspire:GiftBox","MerchantsRug","Mummified Hand","SatanicBible","DeathBook","AT_ManFootWork","SSSystem","conspire:InfiniteJournal","conspire:BottledYoYo","SoulBox","testmod-Fortitude","StoneCalendar"],"campfire_rested":0,"item_purchase_floors":[0,0,0,0,0,0,0,0,0,0,0,17,17,22,22,30,30,34,34,34,36,38,38,38,42,42,54],"current_hp_per_floor":[14,14,20,20,14,14,20,20,20,18,21,27,27,52,52,33,54,93,90,101,105,105,112,123,124,124,124,144,144,146,153,153,168,147,171,255,256,256,259,264,273,286,287,290,290,294,245,257,257,274,285,311,311,336,350,369],"gold":779,"neow_bonus":"","is_daily":false,"chose_seed":false,"campfire_upgraded":8,"win_rate":0.0,"timestamp":1611574820,"path_taken":["M","?","M","?","?","R","E","R","T","E","M","M","R","?","R","BOSS","M","M","?","?","$","E","?","?","T","?","E","R","$","M","R","BOSS","M","$","?","$","?","E","M","$","T","E","R","E","?","E","R","BOSS","BOSS","R","$","E","BOSS"],"items_purchased_type":["Relic","Card","Relic","Relic","Relic","Relic","Card","Relic","Relic","Relic","Card","Relic","Card","Relic","Relic","Relic","Relic","Relic","Relic","Relic","Card","Relic","Relic","Relic","Relic","Relic","Relic"],"build_version":"2020-12-22","purchased_purges":4,"victory":true,"max_hp_per_floor":[75,75,75,75,75,75,75,75,75,75,75,75,75,75,75,75,61,122,124,129,142,142,143,148,149,149,149,163,163,165,166,166,175,147,171,255,256,256,259,264,273,286,287,290,290,294,298,304,304,315,320,320,320,345,353,374],"card_choices":[{"not_picked":["Sword Boomerang","conspire:Charge"],"picked":"Flex","floor":1},{"not_picked":["True Grit","Flex"],"picked":"AT_IchimonjiDouble","floor":3},{"not_picked":["Seeing Red","Eclipse","Pummel"],"picked":"SKIP","floor":5},{"not_picked":["Seeing Red","Eclipse","Pummel"],"picked":"SKIP","floor":5},{"not_picked":["Havoc","Bludgeon","Dual Wield"],"picked":"SKIP","floor":7},{"not_picked":["Pommel Strike","Uppercut","Iron Wave"],"picked":"SKIP","floor":10},{"not_picked":["Body Slam","ReplayTheSpireMod:Limb From Limb","AT_IchimonjiDouble"],"picked":"SKIP","floor":11},{"not_picked":["Anger","Warcry","Havoc"],"picked":"SKIP","floor":12},{"not_picked":["Pummel","Replay:Undeath\u0027s Touch","Spot Weakness+1"],"picked":"SKIP","floor":18},{"not_picked":["Carnage","Hemokinesis","Dropkick"],"picked":"SKIP","floor":19},{"not_picked":["Replay:Undeath\u0027s Touch","Double Tap"],"picked":"Heavy Blade+1","floor":21},{"not_picked":["AT_IchimonjiDouble","Dropkick","Twin Strike"],"picked":"SKIP","floor":23},{"not_picked":["True Grit","Intimidate+1","Abandon"],"picked":"SKIP","floor":24},{"not_picked":["Sever Soul","Flex+1","Havoc"],"picked":"SKIP","floor":28},{"not_picked":["Pommel Strike","Wild Strike+1","True Grit"],"picked":"SKIP","floor":31},{"not_picked":["Reaper","Corruption"],"picked":"Limit Break","floor":33},{"not_picked":["Pommel Strike","AT_IchimonjiDouble+1","Clothesline+1"],"picked":"SKIP","floor":35},{"not_picked":["Dark Embrace+1","Heavy Blade","Immolate"],"picked":"SKIP","floor":39},{"not_picked":["AT_DiedThrough+1","Dark Embrace+1","REME_SingleHolding+1"],"picked":"SKIP","floor":40},{"not_picked":["Rampage","Thunderclap+1"],"picked":"Armaments+1","floor":41},{"not_picked":["REME_SingleHolding","AT_IchimonjiDouble+1","Cleave+1"],"picked":"SKIP","floor":44},{"not_picked":["Clothesline","Run Through+1","ReplayTheSpireMod:Muscle Training"],"picked":"SKIP","floor":46},{"not_picked":["Second Wind+1","Clothesline","Pummel+1"],"picked":"SKIP","floor":48},{"not_picked":["Heavy Blade","ReplayTheSpireMod:Stacked"],"picked":"Whirlwind","floor":55},{"not_picked":["ReplayTheSpireMod:Corrosion Curse","conspire:ExplosiveBarrier","Demonic Infusion"],"picked":"Singing Bowl","floor":56}],"player_experience":503210,"relics_obtained":[{"floor":4,"key":"MagicDraw1"},{"floor":7,"key":"AT_LudenTempest"},{"floor":10,"key":"D4"},{"floor":20,"key":"Red Mask"},{"floor":21,"key":"Replay:Ringing Soul"},{"floor":21,"key":"RedLine:ReiMu"},{"floor":23,"key":"REME_IWantAll"},{"floor":25,"key":"testmod-CasingShield"},{"floor":26,"key":"conspire:Flyswatter"},{"floor":28,"key":"Dota2Spire:EyeOfSkadi"},{"floor":37,"key":"AT_MibuBalloonWealth"},{"floor":40,"key":"UnicornStump"},{"floor":44,"key":"Simple Rune"},{"floor":46,"key":"RottenBaby"},{"floor":48,"key":"Quantum Egg"},{"floor":55,"key":"AT_TheCollector"}],"event_choices":[{"cards_removed":["Strike_R"],"damage_healed":0,"gold_gain":0,"player_choice":"Card Removal","damage_taken":0,"max_hp_gain":0,"max_hp_loss":0,"event_name":"The Cleric","floor":2,"gold_loss":75},{"damage_healed":25,"gold_gain":0,"player_choice":"Banana","damage_taken":0,"max_hp_gain":0,"max_hp_loss":0,"event_name":"Big Fish","floor":14,"gold_loss":0},{"damage_healed":0,"gold_gain":0,"player_choice":"Fought Bandits","damage_taken":0,"max_hp_gain":0,"max_hp_loss":0,"event_name":"Masked Bandits","floor":20,"gold_loss":0},{"damage_healed":0,"gold_gain":0,"player_choice":"Fight","damage_taken":0,"max_hp_gain":0,"max_hp_loss":0,"event_name":"HidenRoomEvent","floor":21,"gold_loss":0},{"damage_healed":0,"gold_gain":0,"player_choice":"Gave Potion","damage_taken":0,"relics_obtained":["aspiration:AnachronicSnailShell"],"max_hp_gain":0,"max_hp_loss":0,"event_name":"WeMeetAgain","floor":27,"gold_loss":0},{"damage_healed":0,"gold_gain":0,"player_choice":"Embrace Madness","damage_taken":53,"max_hp_gain":0,"max_hp_loss":0,"event_name":"Winding Halls","floor":47,"gold_loss":0,"cards_obtained":["Madness","Madness"]}],"is_beta":false,"boss_relics":[{"not_picked":["ReplayTheSpireMod:DimensionalGlitch","Symbiotic Virus"],"picked":"testmod-Charity"},{"not_picked":[]},{"not_picked":["Habit","aspiration:KaomsHeart"],"picked":"Cracked Core"},{"not_picked":[]}],"items_purged_floors":[0,0,22,42],"is_endless":false,"potions_floor_spawned":[3,10,12,16,19,20,28,33,40,41,48],"ascension_level":20}}