{"host":"aabv8rsjba1dk38u","time":1611574487,"event":{"mods":["Act Like it!","BaseMod","CapriCore","DeckTracker","Gensokyo","Hermit","HololiveMod","Koishi","Luminous","Marisa????????","Minty Spire (QoL Compilation)","Rare Cards Sparkle","Relic Stats","Remilia??????","StSLib","SuperFastMode","The Alterego","The Immortal","The Senshi","The Servant 0.9.4","Waifu the Spire","WarShipGirlsR/????R mod"],"gold_per_floor":[111,121,138,138,10,36,36,1,25,41,41,59,75,75,75,175,175,185,100,100,82,82,82,116,128,128,128,128],"floor_reached":27,"language":"ENG","playtime":879,"items_purged":["Strike_RM"],"score":233,"play_id":"f8378e16-a7b6-4ba7-bb07-1f0e7ddd8700","local_time":"20210125183447","is_ascension_mode":false,"campfire_choices":[{"floor":7,"key":"REST"},{"floor":11,"key":"REST"},{"floor":15,"key":"REST"},{"floor":23,"key":"REST"}],"circlet_count":0,"master_deck":["Strike_RM","Strike_RM","Defend_RM","Defend_RM","Defend_RM","Defend_RM","RedMoon","ScarletShoot+1","RedRainbow+1","FitfulNightmare","ScarletImprint","RedNightlessCastle","MastersStateliness","DemonKingCradle","Lust_TH","ScarletDevil+1"],"relics":["ScarletHat","NeowsBlessing","Toy Ornithopter","Regal Pillow","Boot","Fusion Hammer","Bronze Scales","Dead Branch","Hololive_LightStick","Bag of Preparation"],"acts_visited":["Exordium","TheCity"],"potions_floor_usage":[16,16,16],"damage_taken":[{"damage":0,"enemies":"Jaw Worm","floor":1,"turns":1},{"damage":0,"enemies":"Small Slimes","floor":2,"turns":2},{"damage":0,"enemies":"2 Louse","floor":3,"turns":1},{"damage":61,"enemies":"Gremlin Nob","floor":6,"turns":7},{"damage":6,"enemies":"2 Fungi Beasts","floor":10,"turns":3},{"damage":11,"enemies":"Blue Slaver","floor":12,"turns":3},{"damage":0,"enemies":"Red Slaver","floor":13,"turns":4},{"damage":70,"enemies":"Slime Boss","floor":16,"turns":9},{"damage":30,"enemies":"Shell Parasite","floor":18,"turns":3},{"damage":12,"enemies":"2 Thieves","floor":21,"turns":4},{"damage":48,"enemies":"Gremlin Leader","floor":24,"turns":6},{"damage":8,"enemies":"Snake Plant","floor":25,"turns":4},{"damage":33,"enemies":"Centurion and Healer","floor":27,"turns":5}],"seed_played":"-4370272879215322178","potions_obtained":[{"floor":6,"key":"Energy Potion"},{"floor":10,"key":"AttackPotion"},{"floor":13,"key":"EssenceOfSteel"},{"floor":21,"key":"LiquidMemories"},{"floor":24,"key":"Ancient Potion"}],"is_trial":false,"path_per_floor":["M","M","M","?","$","E","R","?","T","M","R","M","M","?","R","B",null,"M","?","?","M","T","R","E","M","T","M"],"character_chosen":"REMILIA","items_purchased":["ScarletImprint"],"campfire_rested":4,"item_purchase_floors":[5],"current_hp_per_floor":[75,75,75,68,68,7,44,62,62,58,75,64,64,57,75,24,75,45,45,45,33,33,70,29,21,21,0,0],"gold":128,"neow_bonus":"THREE_ENEMY_KILL","is_daily":false,"chose_seed":false,"campfire_upgraded":0,"win_rate":0.0,"timestamp":1611574487,"path_taken":["M","M","M","?","$","E","R","?","T","M","R","M","?","?","R","BOSS","M","?","?","M","?","R","E","M","T","M"],"items_purchased_type":["Card"],"build_version":"2020-12-22","purchased_purges":1,"victory":false,"max_hp_per_floor":[75,75,75,75,75,75,75,75,75,75,75,75,75,75,75,75,75,75,75,75,75,75,75,75,75,75,75,75],"relic_stats":{"Regal Pillow":30,"counters":[13,52],"Bronze Scales":[62],"Dead Branch":[4],"Bag of Preparation":[2],"Boot":[41],"obtain_stats":[{"Regal Pillow":6,"Hololive_LightStick":24,"NeowsBlessing":0,"Bronze Scales":19,"Dead Branch":22,"Fusion Hammer":17,"Bag of Preparation":26,"Boot":9,"ScarletHat":0,"Toy Ornithopter":4},{"Regal Pillow":4,"Hololive_LightStick":11,"NeowsBlessing":0,"Bronze Scales":9,"Dead Branch":10,"Fusion Hammer":8,"Bag of Preparation":12,"Boot":4,"ScarletHat":0,"Toy Ornithopter":3},{"Regal Pillow":11,"Hololive_LightStick":43,"NeowsBlessing":0,"Bronze Scales":33,"Dead Branch":37,"Fusion Hammer":30,"Bag of Preparation":47,"Boot":11,"ScarletHat":0,"Toy Ornithopter":4}],"Toy Ornithopter":15},"card_choices":[{"not_picked":["BloodHunter","UnstableMagic"],"picked":"RedRainbow","floor":1},{"not_picked":["ChainGang","EndlessAdversity","DiffusionOfMisfortune"],"picked":"SKIP","floor":2},{"not_picked":["BombardNight","MillenniumVampire"],"picked":"FitfulNightmare","floor":3},{"not_picked":["UnderTheZenith","NightDance"],"picked":"RedNightlessCastle","floor":6},{"not_picked":["VampireKiss","BombardNight"],"picked":"MastersStateliness","floor":10},{"not_picked":["Stigmanizer","NightDance","ScarletDevilSign"],"picked":"SKIP","floor":12},{"not_picked":["NightDance","BombardNight","ScarletDevilSign"],"picked":"SKIP","floor":13},{"not_picked":["TransientEternity","BloodyHallows"],"picked":"DemonKingCradle","floor":16},{"not_picked":["ReincarnationDial","UnderTheZenith","BombardNight+1"],"picked":"SKIP","floor":18},{"not_picked":["BlasphemousPunishment","BloodyTrap+1"],"picked":"ScarletDevil+1","floor":21},{"not_picked":["VampireKiss","BlasphemousPunishment","ScarletImprint"],"picked":"SKIP","floor":24},{"not_picked":["DevilSight","BlasphemousPunishment","ScarletImprint+1"],"picked":"SKIP","floor":25}],"player_experience":241142,"relics_obtained":[{"floor":6,"key":"Regal Pillow"},{"floor":9,"key":"Boot"},{"floor":22,"key":"Dead Branch"},{"floor":24,"key":"Hololive_LightStick"},{"floor":26,"key":"Bag of Preparation"}],"event_choices":[{"damage_healed":0,"gold_gain":0,"player_choice":"Success","damage_taken":7,"relics_obtained":["Toy Ornithopter"],"max_hp_gain":0,"max_hp_loss":0,"event_name":"Scrap Ooze","floor":4,"gold_loss":0},{"damage_healed":18,"gold_gain":0,"player_choice":"Healed","damage_taken":0,"max_hp_gain":0,"max_hp_loss":0,"event_name":"The Cleric","floor":8,"gold_loss":35},{"cards_removed":["Strike_RM"],"damage_healed":0,"gold_gain":0,"player_choice":"Card Removal","damage_taken":7,"max_hp_gain":0,"max_hp_loss":0,"event_name":"Golden Wing","floor":14,"gold_loss":0},{"damage_healed":0,"gold_gain":0,"player_choice":"Obtained Relic","damage_taken":0,"relics_obtained":["Bronze Scales"],"max_hp_gain":0,"max_hp_loss":0,"event_name":"Addict","floor":19,"gold_loss":85}],"is_beta":false,"boss_relics":[{"not_picked":["Runic Dome","Runic Pyramid"],"picked":"Fusion Hammer"}],"items_purged_floors":[5],"is_endless":false,"potions_floor_spawned":[6,10,13,21,24],"killed_by":"Centurion and Healer","ascension_level":0}}