{"host":"v3mpq6flurzldi5g","time":1611533782,"event":{"mods":["AchievementEnabler","BaseMod","Colored Powertips","Highlight Path","Minty Spire (QoL Compilation)","StSLib"],"gold_per_floor":[113,124,138,88,101,101,130,130,130,53,53,83,83,93,93,196,196,214,225,225,140,65,65,65],"floor_reached":23,"language":"ENG","playtime":801,"items_purged":["Strike_R"],"score":302,"play_id":"8df1e9be-ec6b-4e9d-a993-5bba54bf57cd","local_time":"20210124191622","is_ascension_mode":true,"campfire_choices":[{"data":"Defend_R","floor":6,"key":"SMITH"},{"floor":8,"key":"REST"},{"data":"Defend_R","floor":11,"key":"SMITH"},{"data":"Defend_R","floor":13,"key":"SMITH"},{"data":"Armaments","floor":15,"key":"SMITH"}],"circlet_count":0,"master_deck":["AscendersBane","Strike_R","Strike_R","Strike_R","Defend_R+1","Defend_R+1","Defend_R","Defend_R+1","Bash","Perfected Strike","Spot Weakness","Pommel Strike","Metallicize","Armaments+1","Limit Break","Perfected Strike"],"relics":["Burning Blood","Vajra","Blood Vial","Bottled Flame","Matryoshka","Sozu","Juzu Bracelet"],"acts_visited":["Exordium","TheCity"],"potions_floor_usage":[7,16,16],"damage_taken":[{"damage":1,"enemies":"Cultist","floor":1,"turns":3},{"damage":2,"enemies":"Jaw Worm","floor":2,"turns":3},{"damage":14,"enemies":"2 Louse","floor":3,"turns":2},{"damage":0,"enemies":"Large Slime","floor":5,"turns":4},{"damage":30,"enemies":"Lagavulin","floor":7,"turns":5},{"damage":0,"enemies":"2 Fungi Beasts","floor":14,"turns":4},{"damage":76,"enemies":"Hexaghost","floor":16,"turns":10},{"damage":19,"enemies":"Chosen","floor":18,"turns":5},{"damage":25,"enemies":"2 Thieves","floor":19,"turns":4},{"damage":42,"enemies":"Book of Stabbing","floor":23,"turns":5}],"seed_played":"-5022732911174733928","potions_obtained":[{"floor":1,"key":"Dexterity Potion"},{"floor":3,"key":"BloodPotion"},{"floor":14,"key":"Dexterity Potion"}],"is_trial":false,"path_per_floor":["M","M","M","?","M","R","E","R","T","$","R","?","R","M","R","B",null,"M","M","?","?","$","E"],"character_chosen":"IRONCLAD","items_purchased":["Metallicize"],"campfire_rested":1,"item_purchase_floors":[10],"current_hp_per_floor":[77,80,72,72,78,78,54,78,78,78,78,78,78,80,80,26,67,56,39,39,39,39,0,0],"gold":65,"neow_bonus":"RANDOM_COMMON_RELIC","is_daily":false,"chose_seed":false,"campfire_upgraded":4,"win_rate":0.0,"timestamp":1611533782,"path_taken":["M","?","M","?","M","R","E","R","T","?","R","?","R","M","R","BOSS","M","M","?","?","?","E"],"items_purchased_type":["Card"],"build_version":"2020-12-22","purchased_purges":1,"victory":false,"max_hp_per_floor":[80,80,80,80,80,80,80,80,80,80,80,80,80,80,80,80,80,80,80,80,80,80,80,80],"card_choices":[{"not_picked":["Burning Pact","Battle Trance"],"picked":"Perfected Strike","floor":1},{"not_picked":["Twin Strike","Flame Barrier"],"picked":"Spot Weakness","floor":2},{"not_picked":["Whirlwind","Thunderclap","Dark Embrace"],"picked":"SKIP","floor":3},{"not_picked":["Battle Trance","Headbutt"],"picked":"Pommel Strike","floor":5},{"not_picked":["Headbutt","Warcry","Combust"],"picked":"SKIP","floor":7},{"not_picked":["Flame Barrier","Shrug It Off"],"picked":"Armaments","floor":14},{"not_picked":["Exhume","Double Tap"],"picked":"Limit Break","floor":16},{"not_picked":["Pommel Strike","Rupture","Warcry+1"],"picked":"SKIP","floor":18},{"not_picked":["Clash+1","Wild Strike"],"picked":"Perfected Strike","floor":19}],"player_experience":1039109,"relics_obtained":[{"floor":7,"key":"Blood Vial"},{"floor":9,"key":"Bottled Flame"}],"event_choices":[{"cards_removed":["Strike_R"],"damage_healed":0,"gold_gain":0,"player_choice":"Card Removal","damage_taken":0,"max_hp_gain":0,"max_hp_loss":0,"event_name":"The Cleric","floor":4,"gold_loss":50},{"damage_healed":0,"gold_gain":30,"player_choice":"Searched \u00272\u0027 times","damage_taken":0,"relics_obtained":["Matryoshka"],"max_hp_gain":0,"max_hp_loss":0,"event_name":"Dead Adventurer","floor":12,"gold_loss":0},{"damage_healed":0,"gold_gain":0,"player_choice":"Ignored","damage_taken":0,"max_hp_gain":0,"max_hp_loss":0,"event_name":"Ghosts","floor":20,"gold_loss":0},{"damage_healed":0,"gold_gain":0,"player_choice":"Obtained Relic","damage_taken":0,"relics_obtained":["Juzu Bracelet"],"max_hp_gain":0,"max_hp_loss":0,"event_name":"Addict","floor":21,"gold_loss":85}],"is_beta":false,"boss_relics":[{"not_picked":["Runic Cube","Black Star"],"picked":"Sozu"}],"items_purged_floors":[22],"is_endless":false,"potions_floor_spawned":[1,3,14,18,19],"killed_by":"Book of Stabbing","ascension_level":12}}