{"host":"8d3fefv2347kqkpz","time":1611592838,"event":{"mods":["AchievementEnabler","Act Like it!","Aspiration","BaseMod","Better Vampires","Colored Map","Colored Powertips","Conspire","GifTheSpireLib","Hermit","Highlight Path","Hubris","Marisa£®ÏF”Í°°ƒß¿Ì…≥£©","Mimic Mod","Minty Spire (QoL Compilation)","Quick Restart","Rare Cards Sparkle","Reimu£®≤©¿ˆ¡È√Œ£©","Relic Stats","Remilia£®¿Ÿ√◊¿Ú—«£©","Replay The Spire","Spicy Shops","StSLib","The Cursed","The Jungle","The Servant 0.9.4","Waifu the Spire","Youmu£®ªÍ∆«—˝√Œ£©"],"gold_per_floor":[114,189,364,44,105,140,159,170,170,170,170,170,170,22,22,119,119,136,136,146,165,165,197,213,213,249,249,249],"floor_reached":27,"language":"ZHS","playtime":845,"items_purged":["Doubt"],"score":229,"play_id":"3c5c20d1-4f93-497b-9efb-61d49fd3020c","local_time":"20210126004038","is_ascension_mode":false,"campfire_choices":[{"floor":10.0,"key":"REST"},{"floor":13.0,"key":"REST"},{"data":"Apotheosis","floor":15.0,"key":"SMITH"},{"floor":25.0,"key":"REST"}],"circlet_count":0,"master_deck":["hermit:Strike_Hermit","hermit:Strike_Hermit","hermit:Strike_Hermit","hermit:Strike_Hermit","hermit:Defend_Hermit","hermit:Defend_Hermit","hermit:Defend_Hermit","hermit:Defend_Hermit","hermit:Snapshot","hermit:Covet","TheCursedMod:Strike_TheCursed","Neutralize","hermit:Maintenance","hermit:Showdown","hermit:Vantage","Apotheosis+1","hermit:Deadeye","hermit:Showdown+1"],"relics":["hermit:Momento","hubris:CrystalStatue","The Courier","Mirror","White Beast Statue","hubris:Towel","hubris:VirtuousBlindfold","HornCleat","Smiling Mask","Kunai","hubris:TinFlute"],"acts_visited":["Exordium","TheCity"],"potions_floor_usage":[],"damage_taken":[{"damage":1.0,"enemies":"Jaw Worm","floor":1.0,"turns":3.0},{"damage":63.0,"enemies":"Gremlin Nob","floor":6.0,"turns":6.0},{"damage":11.0,"enemies":"2 Louse","floor":7.0,"turns":2.0},{"damage":0.0,"enemies":"Small Slimes","floor":8.0,"turns":2.0},{"damage":40.0,"enemies":"The Guardian","floor":16.0,"turns":10.0},{"damage":17.0,"enemies":"Shell Parasite","floor":18.0,"turns":6.0},{"damage":1.0,"enemies":"Chosen","floor":20.0,"turns":6.0},{"damage":16.0,"enemies":"Snake Plant","floor":21.0,"turns":5.0},{"damage":18.0,"enemies":"conspire:SneckoGhost","floor":23.0,"turns":9.0},{"damage":12.0,"enemies":"Snecko","floor":24.0,"turns":5.0},{"damage":5.0,"enemies":"Cultist and Chosen","floor":26.0,"turns":7.0},{"damage":43,"enemies":"Cultist and Chosen","floor":27,"turns":6}],"seed_played":"7541988657885655887","potions_obtained":[{"floor":5.0,"key":"FairyPotion"},{"floor":8.0,"key":"GamblersBrew"},{"floor":16.0,"key":"LiquidMemories"},{"floor":18.0,"key":"ZuzhouPotion:ReiMu"}],"is_trial":false,"path_per_floor":["M","?","?","$","?","E","M","M","T","R","?","?","R","$","R","B",null,"M","?","M","M","T","E","M","R","MIM","M"],"character_chosen":"HERMIT","items_purchased":["hubris:CrystalStatue","Apotheosis"],"campfire_rested":3,"item_purchase_floors":[4,14],"current_hp_per_floor":[88,77,77,77,42,26,15,15,15,41,41,41,67,67,67,27,89,72,64,63,47,47,29,17,43,38,0,0],"gold":249,"neow_bonus":"TWENTY_PERCENT_HP_BONUS","is_daily":false,"chose_seed":false,"campfire_upgraded":1,"win_rate":0.0,"timestamp":1611592838,"path_taken":["M","?","?","$","?","E","M","?","T","R","?","?","R","?","R","BOSS","M","?","?","M","?","E","M","R","MIM","M"],"items_purchased_type":["Relic","Card"],"build_version":"2020-12-22","purchased_purges":1,"victory":false,"max_hp_per_floor":[89,89,89,89,89,89,89,89,89,89,89,89,89,89,89,89,89,89,89,89,89,89,89,89,89,89,89,89],"relic_stats":{"counters":[12,67],"Kunai":[3],"Smiling Mask":0,"obtain_stats":[{"hubris:CrystalStatue":4,"HornCleat":22,"hubris:VirtuousBlindfold":17,"The Courier":5,"Kunai":26,"hubris:Towel":12,"Mirror":6,"Smiling Mask":23,"hermit:Momento":0,"White Beast Statue":9,"hubris:TinFlute":26},{"hubris:CrystalStatue":1,"HornCleat":8,"hubris:VirtuousBlindfold":5,"The Courier":1,"Kunai":11,"hubris:Towel":4,"Mirror":2,"Smiling Mask":9,"hermit:Momento":0,"White Beast Statue":4,"hubris:TinFlute":11},{"hubris:CrystalStatue":3,"HornCleat":40,"hubris:VirtuousBlindfold":23,"The Courier":3,"Kunai":61,"hubris:Towel":13,"Mirror":9,"Smiling Mask":49,"hermit:Momento":0,"White Beast Statue":13,"hubris:TinFlute":61}]},"card_choices":[{"not_picked":["hermit:WideOpen","hermit:Misfire","hermit:Feint"],"picked":"SKIP","floor":1.0},{"not_picked":["hermit:CursedWeapon","hermit:FullyLoaded"],"picked":"hermit:Maintenance","floor":6.0},{"not_picked":["hermit:Manifest","hermit:WideOpen"],"picked":"hermit:Showdown","floor":7.0},{"not_picked":["hermit:PistolWhip","hermit:Quickdraw"],"picked":"hermit:Vantage","floor":8.0},{"not_picked":["hermit:Quickdraw","hermit:ItchyTrigger+1","hermit:CalledShot"],"picked":"SKIP","floor":18.0},{"not_picked":["hermit:SprayPray","hermit:Roulette+1","hermit:Misfire"],"picked":"SKIP","floor":20.0},{"not_picked":["hermit:LuckOfTheDraw","hermit:Snipe+1","hermit:ItchyTrigger"],"picked":"SKIP","floor":21.0},{"not_picked":["hermit:Virtue+1","hermit:Glare+1"],"picked":"hermit:Deadeye","floor":23.0},{"not_picked":["hermit:Feint","hermit:Misfire","hermit:Manifest+1"],"picked":"SKIP","floor":24.0},{"not_picked":["hermit:Glare","hermit:LoneWolf"],"picked":"hermit:Showdown+1","floor":26.0}],"player_experience":186875,"relics_obtained":[{"floor":5.0,"key":"The Courier"},{"floor":6.0,"key":"Mirror"},{"floor":9.0,"key":"White Beast Statue"},{"floor":22.0,"key":"HornCleat"},{"floor":23.0,"key":"Smiling Mask"},{"floor":26.0,"key":"Kunai"},{"floor":26.0,"key":"hubris:TinFlute"}],"event_choices":[{"damage_healed":0.0,"max_hp_gain":0.0,"max_hp_loss":0.0,"gold_gain":75.0,"event_name":"World of Goop","player_choice":"Gather Gold","floor":2.0,"gold_loss":0.0,"damage_taken":11.0},{"damage_healed":0.0,"max_hp_gain":0.0,"max_hp_loss":0.0,"gold_gain":175.0,"event_name":"Liars Game","player_choice":"AGREE","floor":3.0,"gold_loss":0.0,"damage_taken":0.0,"cards_obtained":["Doubt"]},{"damage_healed":0.0,"max_hp_gain":0.0,"max_hp_loss":0.0,"gold_gain":0.0,"event_name":"conspire:Investor","player_choice":"Leave","floor":11.0,"gold_loss":0.0,"damage_taken":0.0},{"damage_healed":0.0,"max_hp_gain":0.0,"max_hp_loss":0.0,"gold_gain":0.0,"event_name":"Wheel of Change","player_choice":"Damaged","floor":19.0,"gold_loss":0.0,"damage_taken":8.0}],"is_beta":false,"boss_relics":[{"not_picked":["aspiration:WatcherSkillbook","hubris:CrackedHourglass"],"picked":"hubris:VirtuousBlindfold"}],"items_purged_floors":[4],"is_endless":false,"potions_floor_spawned":[8,16,18,20,21,23,24,26],"killed_by":"Cultist and Chosen","ascension_level":0}}