{"host":"1zwnl30z3cyaxn7y","time":1611575379,"event":{"mods":["BaseMod","Downfall","Minty Spire (QoL Compilation)","Replay The Spire","StSLib","The Bug Knight","The Servant 0.9.4","Warlord Emblem"],"gold_per_floor":[110,129,142,153,172,172,199,199,222,232,266,285,285,305,305,407,407,426,1,16,31,125,125,139,149,172,197,197,197,197,216,216,314,314,333,46,66,86,99,99,99,111,150,179,219,231,253,291,303,315],"floor_reached":51,"language":"ZHS","playtime":5399,"items_purged":["Strike_S","LightFlow"],"score":660,"play_id":"b16abc9b-2870-40ed-9290-bf646e0298e1","local_time":"20210125194939","is_ascension_mode":false,"campfire_choices":[{"data":"Moondial","floor":6,"key":"SMITH"},{"data":"Moondial","floor":15,"key":"SMITH"},{"data":"WasteNot","floor":23,"key":"SMITH"},{"data":"Starlight","floor":29,"key":"SMITH"},{"floor":32,"key":"REST"},{"data":"TheWorld","floor":40,"key":"SMITH"},{"data":"Advance","floor":42,"key":"SMITH"},{"floor":49,"key":"REST"}],"circlet_count":0,"master_deck":["KidneyShot","Exchange","Manipulate","Misdirection","Moondial+1","Moondial+1","Advance","Advance","Starlight+1","Advance+1","Dilation","WasteNot+1","ShatteredReality","Contraction","TimeWarp","Comet","DualDimension+1","InstantArmor+1","Sunlight","Dilation","ShiftingGears","Potential","ForgedInTime","Desolation","TheWorld+1","Panache","Luminosity","Parasite","Flash of Steel","Collapse","BottledTime+1"],"relics":["SplendidAttire","NeowsBlessing","WarlordEmblem:MantleLazz","Ancient Tea Set","Membership Card","Shuriken","Bronze Scales","Dream Catcher","Nloth\u0027s Gift","Pandora\u0027s Box","Sling","MawBank","MealTicket","Replay:Accelerometer","Juzu Bracelet"],"acts_visited":["Exordium","TheCity","TheBeyond"],"potions_floor_usage":[16,16,33,38,45,50,50,50,50,50],"damage_taken":[{"damage":0,"enemies":"Cultist","floor":1,"turns":1},{"damage":0,"enemies":"Small Slimes","floor":2,"turns":1},{"damage":0,"enemies":"2 Louse","floor":3,"turns":1},{"damage":23,"enemies":"Gremlin Gang","floor":4,"turns":4},{"damage":1,"enemies":"Red Slaver","floor":5,"turns":5},{"damage":0,"enemies":"Exordium Wildlife","floor":10,"turns":6},{"damage":5,"enemies":"Lagavulin","floor":11,"turns":6},{"damage":2,"enemies":"3 Louse","floor":12,"turns":5},{"damage":0,"enemies":"Large Slime","floor":14,"turns":4},{"damage":7,"enemies":"The Guardian","floor":16,"turns":13},{"damage":0,"enemies":"2 Thieves","floor":18,"turns":5},{"damage":3,"enemies":"Chosen","floor":20,"turns":6},{"damage":0,"enemies":"Centurion and Healer","floor":21,"turns":7},{"damage":0,"enemies":"Chosen and Byrds","floor":24,"turns":3},{"damage":0,"enemies":"Snake Plant","floor":25,"turns":5},{"damage":5,"enemies":"Slavers","floor":27,"turns":6},{"damage":0,"enemies":"Centurion and Healer","floor":31,"turns":4},{"damage":0,"enemies":"Collector","floor":33,"turns":9},{"damage":17,"enemies":"3 Shapes","floor":35,"turns":2},{"damage":0,"enemies":"Orb Walker","floor":37,"turns":3},{"damage":0,"enemies":"Transient","floor":38,"turns":5},{"damage":0,"enemies":"Writhing Mass","floor":39,"turns":5},{"damage":44,"enemies":"4 Shapes","floor":44,"turns":2},{"damage":0,"enemies":"Reptomancer","floor":45,"turns":5},{"damage":0,"enemies":"Transient","floor":47,"turns":5},{"damage":0,"enemies":"Giant Head","floor":48,"turns":5},{"damage":0,"enemies":"Replay:Hell Engine","floor":50,"turns":6}],"seed_played":"-3052524839293209553","potions_obtained":[{"floor":2,"key":"Elixir"},{"floor":3,"key":"BlessingOfTheForge"},{"floor":5,"key":"Dexterity Potion"},{"floor":18,"key":"Elixir"},{"floor":31,"key":"Elixir"},{"floor":33,"key":"Regen Potion"},{"floor":44,"key":"EntropicBrew"},{"floor":48,"key":"Guardian:BlockOnCardUsePotion"}],"is_trial":false,"path_per_floor":["M","M","M","M","M","R","T","?","T","M","E","M","?","M","R","B",null,"M","$","M","M","?","R","M","M","T","E","?","R","?","M","R","B",null,"M","$","M","M","M","R","T","R","T","M","E","?","M","E","R","B",null],"character_chosen":"THE_SERVANT","items_purchased":["Membership Card","Dilation","Shuriken","TheWorld","Panache","Sling"],"campfire_rested":2,"item_purchase_floors":[19,19,19,36,36,36],"current_hp_per_floor":[65,65,65,42,41,41,41,41,41,41,36,34,39,39,39,32,70,70,70,67,67,39,39,39,39,39,34,34,34,34,34,55,55,70,53,53,53,68,68,68,68,68,68,24,24,24,24,24,45,45],"gold":327,"neow_bonus":"THREE_ENEMY_KILL","is_daily":false,"chose_seed":false,"campfire_upgraded":6,"win_rate":0.0,"timestamp":1611575379,"path_taken":["M","?","M","M","M","R","?","?","T","?","E","M","?","M","R","BOSS","M","$","M","M","?","R","M","M","T","E","?","R","?","M","R","BOSS","M","$","?","M","M","R","?","R","T","M","E","?","M","E","R","BOSS"],"items_purchased_type":["Relic","Card","Relic","Card","Card","Relic"],"build_version":"2020-12-22","purchased_purges":2,"victory":true,"max_hp_per_floor":[65,65,65,65,65,65,65,65,65,65,65,65,70,70,70,70,70,70,70,70,70,70,70,70,70,70,70,70,70,70,70,70,70,70,70,70,70,70,70,70,70,70,70,70,70,70,70,70,70,70],"card_choices":[{"not_picked":["Revamp","MoonPhase"],"picked":"Manipulate","floor":1},{"not_picked":["Unruled","Advance"],"picked":"Misdirection","floor":2},{"not_picked":["Snipe","DoubleEdge"],"picked":"Moondial","floor":3},{"not_picked":["Ricochet","SpecialFormula","Sabotage"],"picked":"SKIP","floor":4},{"not_picked":["SilverBlades","Ricochet","ShatteredReality"],"picked":"SKIP","floor":5},{"not_picked":["ShatteredReality","DoubleEdge"],"picked":"Advance","floor":10},{"not_picked":["ShatteredReality","BestPractice"],"picked":"Advance","floor":11},{"not_picked":["TimeWarp","Spin"],"picked":"Starlight","floor":12},{"not_picked":["Unruled","LightFlow"],"picked":"Advance","floor":14},{"not_picked":["DoubleEdge","FastForward","Moonlight"],"picked":"SKIP","floor":18},{"not_picked":["Defy+1","Starlight"],"picked":"WasteNot","floor":20},{"not_picked":["Spin+1","TimeWarp","Unruled"],"picked":"SKIP","floor":21},{"not_picked":["Alleviate+1","FastForward+1"],"picked":"ShatteredReality","floor":22},{"not_picked":["Replace+1","FastForward"],"picked":"Contraction","floor":22},{"not_picked":["Revamp+1","ShatteredReality"],"picked":"TimeWarp","floor":22},{"not_picked":["Rearm","Manipulate","Unruled+1"],"picked":"SKIP","floor":24},{"not_picked":["Solidify","Hightail+1"],"picked":"Comet","floor":25},{"not_picked":["Reset","Rearm+1"],"picked":"DualDimension+1","floor":27},{"not_picked":["Gouge","WasteNot","Ricochet"],"picked":"SKIP","floor":31},{"not_picked":["Defy","Comet"],"picked":"InstantArmor+1","floor":32},{"not_picked":["PendulumOfEternity","Dilation"],"picked":"Sunlight","floor":33},{"not_picked":["Gouge","WasteNot","Ricochet+1"],"picked":"SKIP","floor":35},{"not_picked":["Potential","Rearm+1"],"picked":"Luminosity","floor":37},{"not_picked":["Defy","Replace","Reset+1"],"picked":"SKIP","floor":38},{"not_picked":["Spin+1","Manipulate","Luminosity"],"picked":"SKIP","floor":39},{"not_picked":["Replace","TimeWarp","WasteNot+1"],"picked":"SKIP","floor":44},{"not_picked":["RealityMarble+1","Shuttle+1","Contraction"],"picked":"SKIP","floor":45},{"not_picked":["Dark Shackles","Good Instincts"],"picked":"Flash of Steel","floor":46},{"not_picked":["Snipe+1","Gouge+1"],"picked":"Collapse","floor":47},{"not_picked":["Snipe+1","FastForward","Sunlight"],"picked":"SKIP","floor":48},{"not_picked":["Rewind","Reset"],"picked":"BottledTime+1","floor":49}],"player_experience":289783,"relics_obtained":[{"floor":7,"key":"WarlordEmblem:MantleLazz"},{"floor":9,"key":"Ancient Tea Set"},{"floor":11,"key":"WarlordEmblem:BadgeProtect"},{"floor":26,"key":"Bronze Scales"},{"floor":27,"key":"Dream Catcher"},{"floor":41,"key":"MawBank"},{"floor":43,"key":"MealTicket"},{"floor":45,"key":"Replay:Accelerometer"},{"floor":48,"key":"Juzu Bracelet"}],"event_choices":[{"damage_healed":0,"gold_gain":0,"cards_transformed":["Strike_S"],"player_choice":"Transformed","damage_taken":0,"max_hp_gain":0,"max_hp_loss":0,"event_name":"Transmorgrifier","floor":8,"gold_loss":0,"cards_obtained":["Moondial"]},{"damage_healed":0,"gold_gain":0,"player_choice":"Donut","damage_taken":0,"max_hp_gain":5,"max_hp_loss":0,"event_name":"Big Fish","floor":13,"gold_loss":0},{"damage_healed":0,"gold_gain":0,"player_choice":"Traded Relic","damage_taken":0,"relics_obtained":["Nloth\u0027s Gift"],"max_hp_gain":0,"max_hp_loss":0,"event_name":"N\u0027loth","floor":30,"relics_lost":["WarlordEmblem:BadgeProtect"],"gold_loss":0},{"damage_healed":0,"gold_gain":0,"player_choice":"Memory 1","damage_taken":0,"max_hp_gain":0,"max_hp_loss":0,"event_name":"SensoryStone","floor":46,"gold_loss":0}],"is_beta":false,"boss_relics":[{"not_picked":["WarlordEmblem:SaveLoadDisk","Tiny House"],"picked":"SplendidAttire"},{"not_picked":["Calling Bell","Replay:Bronze Core"],"picked":"Pandora\u0027s Box"}],"items_purged_floors":[19,36],"is_endless":false,"potions_floor_spawned":[2,3,5,11,12,18,31,33,44,48],"ascension_level":0}}