{"host":"p62uqwu04pp7leh9","time":1611546019,"event":{"mods":["BaseMod","Block Reminder","Colored Map","Colored Powertips","Minty Spire (QoL Compilation)","Relic Stats"],"gold_per_floor":[113,131,145,145,16,16,32,66,66,99,99,99,110,129,129,129,129],"floor_reached":16,"language":"ENG","playtime":1301,"items_purged":["Strike_R"],"score":151,"play_id":"6271b227-b0ff-4ce2-973b-13e48b4e97f6","local_time":"20210124214019","is_ascension_mode":true,"campfire_choices":[{"data":"True Grit","floor":6,"key":"SMITH"},{"data":"Evolve","floor":12,"key":"SMITH"},{"floor":15,"key":"REST"}],"circlet_count":0,"master_deck":["Strike_R","Strike_R","Strike_R","Strike_R","Defend_R","Defend_R","Defend_R","Defend_R","Bash","Dropkick","True Grit+1","Thunderclap","Second Wind","Evolve+1","Shockwave"],"relics":["Philosopher\u0027s Stone","Darkstone Periapt","Pen Nib","Torii","InkBottle"],"acts_visited":["Exordium"],"potions_floor_usage":[10,10,16,16,16],"damage_taken":[{"damage":0,"enemies":"Cultist","floor":1,"turns":3},{"damage":8,"enemies":"Small Slimes","floor":2,"turns":3},{"damage":4,"enemies":"2 Louse","floor":3,"turns":3},{"damage":0,"enemies":"Large Slime","floor":7,"turns":5},{"damage":36,"enemies":"Lagavulin","floor":8,"turns":9},{"damage":0,"enemies":"Gremlin Nob","floor":10,"turns":3},{"damage":1,"enemies":"Blue Slaver","floor":13,"turns":4},{"damage":6,"enemies":"Red Slaver","floor":14,"turns":4},{"damage":52,"enemies":"The Guardian","floor":16,"turns":14}],"seed_played":"-3404199864534045389","potions_obtained":[{"floor":1,"key":"ColorlessPotion"},{"floor":8,"key":"SteroidPotion"},{"floor":11,"key":"SneckoOil"},{"floor":11,"key":"SteroidPotion"},{"floor":11,"key":"HeartOfIron"}],"is_trial":false,"path_per_floor":["M","M","M","T","$","R","M","E","T","E","?","R","M","M","R","B"],"character_chosen":"IRONCLAD","items_purchased":["Thunderclap"],"campfire_rested":1,"item_purchase_floors":[5],"current_hp_per_floor":[80,72,68,68,68,68,68,32,32,32,32,32,31,25,49,0,0],"gold":129,"neow_bonus":"BOSS_RELIC","is_daily":false,"chose_seed":false,"campfire_upgraded":2,"win_rate":0.0,"timestamp":1611546019,"path_taken":["M","M","M","?","$","R","M","E","T","E","?","R","M","?","R","BOSS"],"items_purchased_type":["Card"],"build_version":"2020-12-22","purchased_purges":1,"victory":false,"max_hp_per_floor":[80,80,80,80,80,80,80,80,80,80,80,80,80,80,80,80,80],"relic_stats":{"Darkstone Periapt":0,"Torii":14,"counters":[9,48],"Pen Nib":[4],"obtain_stats":[{"Darkstone Periapt":4,"Torii":9,"Philosopher\u0027s Stone":0,"Pen Nib":8,"Burning Blood":0,"InkBottle":10},{"Darkstone Periapt":3,"Torii":5,"Philosopher\u0027s Stone":0,"Pen Nib":5,"Burning Blood":0,"InkBottle":6},{"Darkstone Periapt":9,"Torii":23,"Philosopher\u0027s Stone":0,"Pen Nib":23,"Burning Blood":0,"InkBottle":26}],"InkBottle":[6]},"card_choices":[{"not_picked":["Body Slam","Wild Strike"],"picked":"Dropkick","floor":1},{"not_picked":["Pommel Strike","Flex"],"picked":"True Grit","floor":2},{"not_picked":["Anger","Clothesline","Wild Strike"],"picked":"SKIP","floor":3},{"not_picked":["Twin Strike","Clothesline"],"picked":"Second Wind","floor":7},{"not_picked":["Cleave","Clash"],"picked":"Evolve","floor":8},{"not_picked":["Clash","Flame Barrier"],"picked":"Shockwave","floor":10},{"not_picked":["Intimidate","Seeing Red","Battle Trance"],"picked":"SKIP","floor":13},{"not_picked":["Battle Trance","Disarm","Second Wind"],"picked":"SKIP","floor":14}],"player_experience":304613,"relics_obtained":[{"floor":4,"key":"Darkstone Periapt"},{"floor":8,"key":"Pen Nib"},{"floor":9,"key":"Torii"},{"floor":10,"key":"InkBottle"}],"event_choices":[{"damage_healed":0,"gold_gain":0,"player_choice":"Got Potions","damage_taken":0,"max_hp_gain":0,"max_hp_loss":0,"event_name":"Lab","floor":11,"gold_loss":0}],"is_beta":false,"boss_relics":[],"items_purged_floors":[5],"is_endless":false,"potions_floor_spawned":[1,8,13],"killed_by":"The Guardian","ascension_level":2}}