{"host":"x3q4ieql2tr7v8o6","time":1611578370,"event":{"mods":["BaseMod","Bestiary","Better Altar","Better Match","Better Note","Better Sensory Stone","Better Skull","Better Third Choice","Colored Map","Colored Powertips","Curses Come First","Minty Spire (QoL Compilation)","StSLib"],"gold_per_floor":[114,134,134,134,153,153,163,182,259,259,274,294,48,66,66,66,66],"floor_reached":16,"language":"ENG","playtime":603,"items_purged":[],"score":168,"play_id":"bee9a25c-7a3b-40c3-954b-a2220f0b2b7f","local_time":"20210125123930","is_ascension_mode":true,"campfire_choices":[{"data":"Underhanded Strike","floor":6,"key":"SMITH"},{"data":"Neutralize","floor":10,"key":"SMITH"},{"data":"Cloak And Dagger","floor":15,"key":"SMITH"}],"circlet_count":0,"master_deck":["AscendersBane","Strike_G","Strike_G","Strike_G","Strike_G","Strike_G","Defend_G","Defend_G","Defend_G","Defend_G","Defend_G","Survivor","Neutralize+1","Flying Knee","Underhanded Strike+1","PanicButton","Caltrops","Prepared","Cloak And Dagger+1","Accuracy","Corpse Explosion","Prepared","Flying Knee","Slice"],"relics":["Ring of the Snake","Art of War","Matryoshka","Bronze Scales"],"acts_visited":["Exordium"],"potions_floor_usage":[12,12],"damage_taken":[{"damage":2,"enemies":"Cultist","floor":1,"turns":4},{"damage":7,"enemies":"Small Slimes","floor":2,"turns":4},{"damage":1,"enemies":"Jaw Worm","floor":5,"turns":4},{"damage":9,"enemies":"Looter","floor":7,"turns":4},{"damage":1,"enemies":"Large Slime","floor":8,"turns":7},{"damage":11,"enemies":"Exordium Wildlife","floor":11,"turns":5},{"damage":10,"enemies":"Gremlin Gang","floor":12,"turns":6},{"damage":0,"enemies":"3 Louse","floor":14,"turns":2},{"damage":20,"enemies":"The Guardian","floor":16,"turns":2}],"seed_played":"-679731215413305543","potions_obtained":[{"floor":2,"key":"GhostInAJar"},{"floor":8,"key":"CultistPotion"}],"is_trial":false,"path_per_floor":["M","M","?","?","M","R","M","M","T","R","M","M","$","M","R","B"],"character_chosen":"THE_SILENT","items_purchased":["Bronze Scales","Prepared","Flying Knee"],"campfire_rested":0,"item_purchase_floors":[13,13,13],"current_hp_per_floor":[57,50,50,50,49,49,40,39,39,39,28,18,18,18,18,0,0],"gold":66,"neow_bonus":"RANDOM_COMMON_RELIC","is_daily":false,"chose_seed":false,"campfire_upgraded":3,"win_rate":0.0,"timestamp":1611578370,"path_taken":["M","?","?","?","M","R","M","?","T","R","M","M","$","M","R","BOSS"],"items_purchased_type":["Relic","Card","Card"],"build_version":"2020-12-22","purchased_purges":0,"victory":false,"max_hp_per_floor":[66,66,66,66,66,66,66,66,66,66,66,66,66,66,66,66,66],"card_choices":[{"not_picked":["Quick Slash","Deadly Poison"],"picked":"Flying Knee","floor":1},{"not_picked":["Distraction","Accuracy"],"picked":"Underhanded Strike","floor":2},{"not_picked":["Blade Dance","Setup"],"picked":"Caltrops","floor":5},{"not_picked":["Finisher","Underhanded Strike"],"picked":"Prepared","floor":7},{"not_picked":["Outmaneuver","Infinite Blades"],"picked":"Cloak And Dagger","floor":8},{"not_picked":["Deadly Poison","Deflect"],"picked":"Accuracy","floor":11},{"not_picked":["Slice","Calculated Gamble"],"picked":"Corpse Explosion","floor":12},{"not_picked":["Outmaneuver","Quick Slash"],"picked":"Slice","floor":14}],"player_experience":740129,"relics_obtained":[{"floor":9,"key":"Matryoshka"}],"event_choices":[{"damage_healed":50,"gold_gain":0,"player_choice":"Embrace Burn","damage_taken":0,"max_hp_gain":0,"max_hp_loss":66,"event_name":"betterThird:BetterShining","floor":3,"gold_loss":0},{"damage_healed":0,"gold_gain":0,"cards_transformed":["Burn"],"player_choice":"Transformed","damage_taken":0,"max_hp_gain":0,"max_hp_loss":0,"event_name":"Transmorgrifier","floor":4,"gold_loss":0,"cards_obtained":["PanicButton"]}],"is_beta":false,"boss_relics":[],"items_purged_floors":[],"is_endless":false,"potions_floor_spawned":[2,8,11],"killed_by":"The Guardian","ascension_level":15}}