{"host":"kiczkwpc36uxnkg8","time":1611612077,"event":{"mods":["AchievementEnabler","Act Like it!","Aspiration","BaseMod","Colored Powertips","Energized Spire","GifTheSpireLib","Hubris","Infinite Spire","Koishi","Minty Spire (QoL Compilation)","Pale of the Ancients","Permanent Neow","Quick Restart","Relic Filter","Remilia??????","Replay The Spire","Spicy Shops","StSLib","Stuff the Spire","The Bug Knight","The Servant 0.9.4","Wandering Minibosses"],"gold_per_floor":[117,44,55,74,74,74,108,108,135,135,53,71,81,97,97,200,200,210,210,105,125,140,140,140,160,239,239,239],"floor_reached":27,"language":"ENG","playtime":1105,"items_purged":[],"score":226,"play_id":"2e278c54-7002-4240-b89b-a2f48962a87c","local_time":"20210125220117","is_ascension_mode":true,"campfire_choices":[{"data":"Predator","floor":6,"key":"SMITH"},{"floor":10,"key":"REST"},{"data":"Eviscerate","floor":15,"key":"SMITH"},{"floor":23,"key":"REST"}],"circlet_count":0,"master_deck":["Strike_G","Strike_G+1","Strike_G","Strike_G","Strike_G","Defend_G","Defend_G","Defend_G","Defend_G+1","Defend_G","Survivor","Neutralize","Predator+1","StuffTheSpire:Sprint+1","Eviscerate+1","ReplayTheSpireMod:Tripwire+1","Doppelganger","Draining Mist","Skewer"],"relics":["StuffTheSpire:ModemDavis","Sundial","aspiration:PoetsPen","HollowMod:LifeEnderRelic"],"acts_visited":["Exordium","TheCity"],"potions_floor_usage":[16,16,22],"damage_taken":[{"damage":27,"enemies":"infinitespire:Voidling","floor":1,"turns":7},{"damage":12,"enemies":"Jaw Worm","floor":3,"turns":5},{"damage":0,"enemies":"Small Slimes","floor":4,"turns":4},{"damage":18,"enemies":"Lagavulin","floor":7,"turns":8},{"damage":1,"enemies":"Red Slaver","floor":12,"turns":5},{"damage":1,"enemies":"Exordium Thugs","floor":13,"turns":4},{"damage":0,"enemies":"2 Fungi Beasts","floor":14,"turns":4},{"damage":47,"enemies":"Fading Forest","floor":16,"turns":11},{"damage":8,"enemies":"Shell Parasite","floor":18,"turns":6},{"damage":12,"enemies":"Chosen","floor":21,"turns":7},{"damage":39,"enemies":"Snake Plant","floor":22,"turns":5},{"damage":17,"enemies":"3 Cultists","floor":25,"turns":6},{"damage":22,"enemies":"Sentry and Sphere","floor":27,"turns":2}],"seed_played":"6299141732860658480","potions_obtained":[{"floor":3,"key":"Elixir"},{"floor":14,"key":"DistilledChaos"},{"floor":21,"key":"SkillPotion"},{"floor":22,"key":"Poison Potion"},{"floor":25,"key":"Milkshake"}],"is_trial":false,"path_per_floor":["M","$","M","M","?","R","E","?","T","R","$","M","M","M","R","B",null,"M","?","?","M","M","R","?","M","T","M"],"character_chosen":"THE_SILENT","items_purchased":["Predator","Eviscerate"],"campfire_rested":2,"item_purchase_floors":[2,11],"current_hp_per_floor":[53,53,41,41,56,56,38,38,38,59,59,58,57,57,57,10,70,62,62,62,50,11,32,37,20,20,0,0],"gold":239,"neow_bonus":"BOSS_RELIC","is_daily":false,"chose_seed":false,"campfire_upgraded":2,"win_rate":0.0,"timestamp":1611612077,"path_taken":["M","$","?","M","?","R","E","?","T","R","$","?","M","M","R","BOSS","M","?","?","M","M","R","?","M","T","?"],"items_purchased_type":["Card","Card"],"build_version":"2020-12-22","purchased_purges":0,"victory":false,"max_hp_per_floor":[70,70,70,70,70,70,70,70,70,70,70,70,70,70,70,70,70,70,70,70,70,70,70,70,70,70,70,70],"card_choices":[{"not_picked":["Poisoned Stab","Accuracy","Dodge and Roll"],"picked":"SKIP","floor":1},{"not_picked":["Deadly Poison","Tactician","Bane"],"picked":"SKIP","floor":3},{"not_picked":["Footwork","Deadly Poison"],"picked":"StuffTheSpire:Sprint","floor":4},{"not_picked":["Backflip","StuffTheSpire:Fury","StuffTheSpire:Injection"],"picked":"SKIP","floor":7},{"not_picked":["PiercingWail","Dagger Spray"],"picked":"ReplayTheSpireMod:Tripwire","floor":12},{"not_picked":["Hidden Blade","Sneak Up","StuffTheSpire:BrimstoneBlast"],"picked":"SKIP","floor":13},{"not_picked":["Cloak And Dagger","Hidden Blade","Dagger Spray"],"picked":"SKIP","floor":14},{"not_picked":["Venomology","Corpse Explosion"],"picked":"Doppelganger","floor":16},{"not_picked":["Outmaneuver","Sucker Punch"],"picked":"Draining Mist","floor":18},{"not_picked":["Slice","Acrobatics"],"picked":"Skewer","floor":21},{"not_picked":["Deadly Poison","Sneak Up","Reflex"],"picked":"SKIP","floor":22},{"not_picked":["PiercingWail","ReplayTheSpireMod:Scrap Shanks","Dagger Throw"],"picked":"SKIP","floor":25}],"player_experience":642066,"relics_obtained":[{"floor":7,"key":"Sundial"},{"floor":26,"key":"HollowMod:LifeEnderRelic"}],"event_choices":[{"damage_healed":0,"gold_gain":0,"player_choice":"Upgraded","damage_taken":0,"max_hp_gain":0,"max_hp_loss":0,"event_name":"Upgrade Shrine","floor":8,"gold_loss":0,"cards_upgraded":["StuffTheSpire:Sprint"]},{"cards_removed":["StuffTheSpire:Perfection"],"damage_healed":5,"gold_gain":0,"player_choice":"Offered Special","damage_taken":0,"max_hp_gain":0,"max_hp_loss":0,"event_name":"Bonfire Elementals","floor":24,"gold_loss":0}],"is_beta":false,"boss_relics":[{"not_picked":["energizedSpire:SpiderWeb","Snecko Heart"],"picked":"aspiration:PoetsPen"}],"items_purged_floors":[],"is_endless":false,"potions_floor_spawned":[3,14,21,22,25],"killed_by":"Sentry and Sphere","ascension_level":1}}