{"host":"rzvepkyh9344fbo1","time":1611535257,"event":{"mods":["AchievementEnabler","Act Like it!","BaseMod","Colored Map","Colored Powertips","Curses Come First","Downfall","Hermit","Highlight Path","Minty Spire (QoL Compilation)","Replay The Spire","Shop Mod","StS++","StSLib","The Cursed","The Necromancer"],"gold_per_floor":[99,114,134,134,234,234,283,297,329,329,390,390,418,468,484,588,588,488,504,554,18,33,52,52,302,302,30,41,52,71,121,133,235,235,135,145,162,212,281,181,208,234,284,199,217,228,278,303,322,322,322,322],"floor_reached":50,"language":"ENG","playtime":7609,"items_purged":["downfall:Malfunctioning","downfall:Haunted","Replay:Hysterical Blindness"],"score":591,"play_id":"8a5fac16-d687-4f77-b126-e06b29bdea81","local_time":"20210125114057","is_ascension_mode":false,"campfire_choices":[{"data":"bronze:Goto","floor":1,"key":"SMITH"},{"data":"bronze:Repair","floor":6,"key":"SMITH"},{"data":"bronze:Verify","floor":10,"key":"SMITH"},{"data":"bronze:Branch","floor":12,"key":"SMITH"},{"data":"bronze:HardenedForm","floor":18,"key":"SMITH"},{"data":"bronze:Allocate","floor":26,"key":"SMITH"},{"floor":35,"key":"RECALL"},{"data":"bronze:BronzeOrb","floor":40,"key":"SMITH"}],"circlet_count":0,"master_deck":["bronze:Replicate","bronze:Goto+1","bronze:FineTuning+1","bronze:Backtrace+1","bronze:Repair+1","bronze:Overheat","bronze:Verify+1","bronze:Branch+1","bronze:Repulsor+1","bronze:Turbo","bronze:Break","bronze:Fortify","bronze:BronzeOrb+1","bronze:HardenedForm+1","bronze:Overheat","bronze:OilSpill","bronze:DelayedGuard","bronze:Verify","bronze:OilSpill","bronze:BronzeOrb","bronze:Allocate+1","bronze:Frontload","bronze:BronzeOrb+1","bronze:Mutator+1","bronze:Optimize+1","bronze:WhirlingStrike+1","bronze:Backtrace","bronze:Boost","Parasite","bronze:Invalidate+1","champ:LastStand+1","bronze:Branch+1"],"relics":["bronze:BronzeCore","downfall:CloakOfManyFaces","CultistMask","FaceOfCleric","NlothsMask","GremlinMask","SsserpentHead","Thread and Needle","White Beast Statue","downfall:HeartBlessingGreen","Mercury Hourglass","Oddly Smooth Stone","Frozen Egg 2","Membership Card","downfall:HeartBlessingBlue","downfall:HeartBlessingRed","Replay:Mystery Machine","MerchantsRug","Blue Doll","Boot"],"acts_visited":["Exordium","TheCity","TheBeyond"],"potions_floor_usage":[9,16,33,33,39,45,48,50,50,50],"damage_taken":[{"damage":5,"enemies":"Jaw Worm","floor":2,"turns":4},{"damage":4,"enemies":"2 Louse","floor":3,"turns":3},{"damage":45,"enemies":"downfall:FaceTrader","floor":5,"turns":12},{"damage":0,"enemies":"Cultist","floor":8,"turns":4},{"damage":14,"enemies":"Gremlin Nob","floor":9,"turns":4},{"damage":0,"enemies":"Blue Slaver","floor":11,"turns":4},{"damage":5,"enemies":"3 Sentries","floor":13,"turns":10},{"damage":3,"enemies":"3 Louse","floor":15,"turns":4},{"damage":34,"enemies":"WA_ARCHETYPE_RETAIN","floor":16,"turns":16},{"damage":0,"enemies":"Spheric Guardian","floor":19,"turns":4},{"damage":0,"enemies":"downfall:FleeingMerchant","floor":21,"turns":4},{"damage":0,"enemies":"3 Byrds","floor":22,"turns":4},{"damage":2,"enemies":"Snecko","floor":23,"turns":4},{"damage":11,"enemies":"downfall:FleeingMerchant","floor":27,"turns":4},{"damage":10,"enemies":"3 Cultists","floor":28,"turns":6},{"damage":0,"enemies":"Cultist and Chosen","floor":29,"turns":6},{"damage":7,"enemies":"Shelled Parasite and Fungi","floor":30,"turns":4},{"damage":0,"enemies":"3 Cultists","floor":32,"turns":6},{"damage":8,"enemies":"IC_MUSHROOM_ARCHETYPE","floor":33,"turns":7},{"damage":0,"enemies":"Orb Walker","floor":36,"turns":3},{"damage":20,"enemies":"3 Shapes","floor":37,"turns":5},{"damage":17,"enemies":"Sphere and 2 Shapes","floor":39,"turns":5},{"damage":17,"enemies":"R_Hoarder","floor":42,"turns":8},{"damage":2,"enemies":"downfall:FleeingMerchant","floor":44,"turns":4},{"damage":11,"enemies":"Writhing Mass","floor":45,"turns":7},{"damage":29,"enemies":"3 Darklings","floor":46,"turns":6},{"damage":41,"enemies":"Nemesis","floor":48,"turns":7},{"damage":11,"enemies":"Sphere and 2 Shapes","floor":49,"turns":5},{"damage":29,"enemies":"DF_ARCHETYPE_ORBS","floor":50,"turns":5}],"seed_played":"3697086289636867959","potions_obtained":[{"floor":8,"key":"Reflective Coating"},{"floor":9,"key":"Dexterity Potion"},{"floor":15,"key":"Venom Potion"},{"floor":16,"key":"Weak Potion"},{"floor":19,"key":"sneckomod:MuddlingPotion"},{"floor":22,"key":"Slimebound:ThreeZeroPotion"},{"floor":27,"key":"Flashbang"},{"floor":33,"key":"SkillPotion"},{"floor":36,"key":"Guardian:BlockOnCardUsePotion"},{"floor":39,"key":"Weak Potion"},{"floor":46,"key":"Energy Potion"},{"floor":48,"key":"SkillPotion"}],"is_trial":false,"path_per_floor":["R","M","M","?","?","R","T","M","E","R","M","R","E","?","M","B",null,"R","M","?","$","M","M","T","?","R","$","M","M","M","T","M","B",null,"R_BF","M","M","?","M","R","T","E","?","$","M","M","?","E","M","B"],"character_chosen":"THE_AUTOMATON","items_purchased":["Mercury Hourglass","Oddly Smooth Stone","bronze:Frontload","Membership Card","MerchantsRug","Blue Doll","EssenceOfSteel","bronze:Backtrace","bronze:Boost"],"campfire_rested":0,"item_purchase_floors":[21,21,21,27,44,44,44,44,44],"current_hp_per_floor":[77,72,68,68,23,23,23,35,32,32,43,43,49,49,47,24,83,83,84,84,85,86,85,85,85,85,75,66,77,81,81,92,85,93,103,104,85,85,69,69,69,64,64,63,63,45,45,15,15,0,0,0],"gold":322,"neow_bonus":"TEN_PERCENT_HP_BONUS","is_daily":false,"chose_seed":false,"campfire_upgraded":7,"win_rate":0.0,"timestamp":1611535257,"path_taken":["R","M","M","?","?","R","T","M","E","R","?","R","E","?","M","BOSS","R","M","?","$","M","M","T","?","R","$","M","M","M","?","M","BOSS","R_BF","M","M","?","?","R","T","E","?","$","M","M","?","E","M","BOSS"],"items_purchased_type":["Relic","Relic","Card","Relic","Relic","Relic","Potion","Card","Card"],"build_version":"2020-12-22","purchased_purges":3,"victory":false,"max_hp_per_floor":[77,77,77,77,77,77,77,78,79,79,80,80,81,81,82,83,83,83,84,84,85,86,87,87,87,87,88,89,90,91,91,92,93,93,103,104,105,105,106,106,106,107,107,108,109,110,110,111,112,112,112,112],"card_choices":[{"not_picked":["bronze:DelayedGuard","bronze:Branch"],"picked":"bronze:FineTuning","floor":2},{"not_picked":["bronze:FineTuning","bronze:Deprecate"],"picked":"bronze:Backtrace","floor":3},{"not_picked":["bronze:ChosenStrike","bronze:HardenedForm"],"picked":"bronze:Repair","floor":5},{"not_picked":["bronze:Deprecate","bronze:OilSpill"],"picked":"bronze:Overheat","floor":8},{"not_picked":["bronze:Shell","bronze:Philosophize"],"picked":"bronze:Verify","floor":9},{"not_picked":["bronze:Deprecate","bronze:Shield"],"picked":"bronze:Branch","floor":11},{"not_picked":["bronze:Deprecate","bronze:Overheat"],"picked":"bronze:Repulsor","floor":13},{"not_picked":["bronze:BugBarrage","bronze:Overload"],"picked":"bronze:Turbo","floor":15},{"not_picked":["bronze:Format","bronze:RecursiveStrike"],"picked":"bronze:Break","floor":16},{"not_picked":["bronze:CutThrough","bronze:Safeguard"],"picked":"bronze:BronzeOrb","floor":19},{"not_picked":["bronze:ChosenStrike","bronze:Fortify"],"picked":"bronze:Allocate","floor":21},{"not_picked":["bronze:DelayedGuard+1","bronze:BitShift+1","bronze:Repair"],"picked":"SKIP","floor":22},{"not_picked":["bronze:ChosenStrike","bronze:ForLoop","bronze:Shield+1"],"picked":"SKIP","floor":23},{"not_picked":["bronze:FineTuning","bronze:CutThrough","bronze:MaxOutput+1"],"picked":"SKIP","floor":27},{"not_picked":["bronze:BitShift","bronze:ForLoop+1"],"picked":"bronze:BronzeOrb","floor":28},{"not_picked":["bronze:FollowUp","bronze:Branch"],"picked":"bronze:Allocate+1","floor":29},{"not_picked":["bronze:Turbo","bronze:WildBeam","bronze:Return"],"picked":"SKIP","floor":30},{"not_picked":["bronze:MaxOutput+1","bronze:DelayedSlice","bronze:CutThrough"],"picked":"SKIP","floor":32},{"not_picked":["bronze:HardenedForm+1","bronze:SpaghettiCode"],"picked":"bronze:Mutator+1","floor":33},{"not_picked":["bronze:BitShift","bronze:MaxOutput+1"],"picked":"bronze:Optimize+1","floor":36},{"not_picked":["bronze:Turbo","bronze:Overheat+1","bronze:Frontload+1"],"picked":"SKIP","floor":37},{"not_picked":["bronze:Invalidate","bronze:ChosenStrike","bronze:Fortify"],"picked":"SKIP","floor":39},{"not_picked":["bronze:Repulsor+1","bronze:Deprecate","bronze:WildBeam+1"],"picked":"SKIP","floor":42},{"not_picked":["bronze:ForLoop","bronze:Verify+1"],"picked":"bronze:WhirlingStrike+1","floor":44},{"not_picked":["bronze:BugBarrage","bronze:ItsAFeature+1","bronze:NullPointer"],"picked":"SKIP","floor":45},{"not_picked":["bronze:WhirlingStrike+1","bronze:ClassDefault+1"],"picked":"bronze:Invalidate+1","floor":46},{"not_picked":["bronze:FineTuning+1","bronze:Invalidate"],"picked":"bronze:Branch+1","floor":48},{"not_picked":["bronze:Branch","bronze:Frontload+1","bronze:DelayedGuard"],"picked":"SKIP","floor":49}],"player_experience":233663,"relics_obtained":[{"floor":5,"key":"downfall:CloakOfManyFaces"},{"floor":9,"key":"Thread and Needle"},{"floor":13,"key":"White Beast Statue"},{"floor":24,"key":"Frozen Egg 2"},{"floor":41,"key":"Replay:Mystery Machine"},{"floor":42,"key":"Pet Ghost"},{"floor":43,"key":"StrikeDummy"},{"floor":48,"key":"Boot"}],"event_choices":[{"damage_healed":0,"gold_gain":0,"player_choice":"Ignored","damage_taken":0,"max_hp_gain":0,"max_hp_loss":0,"event_name":"Ghosts","floor":20,"gold_loss":0},{"cards_removed":["bronze:Allocate"],"damage_healed":0,"gold_gain":0,"player_choice":"Took Card","damage_taken":0,"max_hp_gain":0,"max_hp_loss":0,"event_name":"NoteForYourself","floor":47,"gold_loss":0,"cards_obtained":["champ:LastStand"]}],"is_beta":false,"boss_relics":[{"not_picked":["bronze:MakeshiftBattery","ReplayTheSpireMod:DimensionalGlitch"],"picked":"Pandora\u0027s Box"},{"not_picked":["StSpp:PileOfSugar","StSpp:FireArrow","Velvet Choker"]}],"items_purged_floors":[21,27,44],"is_endless":false,"potions_floor_spawned":[8,9,15,16,19,21,22,23,27,28,29,30,32,33,36,37,39,42,44,45,46,48,49],"killed_by":"DF_ARCHETYPE_ORBS","ascension_level":0}}