{"host":"1tl36azeqm6yhdgj","time":1611594689,"event":{"mods":["AchievementEnabler","BaseMod","Minty Spire (QoL Compilation)","StSLib","The IronCluck","everything is the same but u backflip on backflip"],"gold_per_floor":[111,33,33,52,52,80,26,56,56,76,88,100,131,143,143,219,219,234,284,284,304,25,25,25,25],"floor_reached":24,"language":"ENG","playtime":722,"items_purged":[],"score":482,"play_id":"f5efa531-554a-4fa4-887e-0347e7fd3f8c","local_time":"20210125121129","is_ascension_mode":true,"campfire_choices":[{"floor":15.0,"key":"REST"},{"floor":23.0,"key":"REST"}],"circlet_count":0,"master_deck":["AscendersBane","Strike_R","Strike_R","Strike_R","Defend_R","Defend_R","Defend_R","Bash","Cleave","Spot Weakness","Flame Barrier","Infernal Blade","Demon Form","Thunderclap","Shrug It Off","Shockwave","Burning Pact","Barricade","Flex+1"],"relics":["Burning Blood","Matryoshka","Oddly Smooth Stone","Pocketwatch","Centennial Puzzle","Nloth\u0027s Gift","Gremlin Horn"],"acts_visited":["Exordium","TheCity"],"potions_floor_usage":[24],"damage_taken":[{"damage":14.0,"enemies":"Jaw Worm","floor":1.0,"turns":4.0},{"damage":8.0,"enemies":"Small Slimes","floor":4.0,"turns":4.0},{"damage":38.0,"enemies":"Lagavulin","floor":6.0,"turns":6.0},{"damage":15.0,"enemies":"3 Sentries","floor":8.0,"turns":3.0},{"damage":0.0,"enemies":"Cultist","floor":10.0,"turns":2.0},{"damage":10.0,"enemies":"Looter","floor":11.0,"turns":4.0},{"damage":13.0,"enemies":"Large Slime","floor":12.0,"turns":4.0},{"damage":0.0,"enemies":"Gremlin Nob","floor":13.0,"turns":2.0},{"damage":9.0,"enemies":"Gremlin Gang","floor":14.0,"turns":3.0},{"damage":23.0,"enemies":"Hexaghost","floor":16.0,"turns":8.0},{"damage":31.0,"enemies":"Spheric Guardian","floor":18.0,"turns":9.0},{"damage":5.0,"enemies":"3 Byrds","floor":21.0,"turns":4.0},{"damage":70,"enemies":"Book of Stabbing","floor":24,"turns":5}],"seed_played":"4706113708695881820","potions_obtained":[{"floor":4.0,"key":"Dexterity Potion"},{"floor":8.0,"key":"Fruit Juice"},{"floor":11.0,"key":"Swift Potion"},{"floor":12.0,"key":"SteroidPotion"},{"floor":14.0,"key":"Block Potion"},{"floor":16.0,"key":"Swift Potion"}],"is_trial":false,"path_per_floor":["M","$","?","M","?","E","$","E","T","M","M","M","E","M","R","B",null,"M","?","?","M","$","R","E"],"character_chosen":"IRONCLAD","items_purchased":["Spot Weakness","ColorlessPotion","Gremlin Horn"],"campfire_rested":2,"item_purchase_floors":[2,7,22],"current_hp_per_floor":[60,60,65,63,63,31,31,22,22,28,29,22,28,25,48,31,66,41,41,41,42,42,65,0,0],"gold":25,"neow_bonus":"REMOVE_TWO","is_daily":false,"chose_seed":false,"campfire_upgraded":0,"win_rate":0.0,"timestamp":1611594689,"path_taken":["M","$","?","M","?","E","?","E","T","M","M","?","E","M","R","BOSS","M","?","?","M","$","R","E"],"items_purchased_type":["Card","Potion","Relic"],"build_version":"2020-12-22","purchased_purges":0,"victory":false,"max_hp_per_floor":[68,68,73,73,73,73,73,73,73,73,78,78,78,78,78,78,78,78,78,78,78,78,78,78,78],"card_choices":[{"not_picked":["Pommel Strike","Headbutt"],"picked":"Cleave","floor":1.0},{"not_picked":["Cleave","Entrench","Pummel"],"picked":"SKIP","floor":4.0},{"not_picked":["Twin Strike","Sentinel"],"picked":"Infernal Blade","floor":6.0},{"not_picked":["True Grit","Headbutt"],"picked":"Demon Form","floor":8.0},{"not_picked":["Armaments","Flex"],"picked":"Thunderclap","floor":10.0},{"not_picked":["Flame Barrier","Sword Boomerang","Body Slam"],"picked":"SKIP","floor":11.0},{"not_picked":["Sentinel","Heavy Blade"],"picked":"Shrug It Off","floor":12.0},{"not_picked":["Anger","Burning Pact"],"picked":"Shockwave","floor":13.0},{"not_picked":["Demon Form","Cleave"],"picked":"Burning Pact","floor":14.0},{"not_picked":["Offering","Bludgeon"],"picked":"Barricade","floor":16.0},{"not_picked":["Warcry","Inflame"],"picked":"Flex+1","floor":18.0},{"not_picked":["Brutality","Armaments","Twin Strike"],"picked":"SKIP","floor":21.0}],"player_experience":2048301,"relics_obtained":[{"floor":6.0,"key":"Matryoshka"},{"floor":8.0,"key":"Self Forming Clay"},{"floor":9.0,"key":"Oddly Smooth Stone"},{"floor":9.0,"key":"Pocketwatch"},{"floor":13.0,"key":"Centennial Puzzle"}],"event_choices":[{"damage_healed":0.0,"max_hp_gain":5.0,"max_hp_loss":0.0,"gold_gain":0.0,"event_name":"Big Fish","player_choice":"Donut","floor":3.0,"gold_loss":0.0,"damage_taken":0.0},{"damage_healed":0.0,"max_hp_gain":0.0,"max_hp_loss":0.0,"gold_gain":0.0,"cards_transformed":["Strike_R"],"event_name":"Living Wall","player_choice":"Change","floor":5.0,"gold_loss":0.0,"damage_taken":0.0,"cards_obtained":["Flame Barrier"]},{"damage_healed":0.0,"max_hp_gain":0.0,"max_hp_loss":0.0,"gold_gain":50.0,"event_name":"Nest","player_choice":"Stole From Cult","floor":19.0,"gold_loss":0.0,"damage_taken":0.0},{"damage_healed":0.0,"max_hp_gain":0.0,"max_hp_loss":0.0,"gold_gain":0.0,"event_name":"N\u0027loth","player_choice":"Traded Relic","floor":20.0,"relics_lost":["Self Forming Clay"],"gold_loss":0.0,"damage_taken":0.0,"relics_obtained":["Nloth\u0027s Gift"]}],"is_beta":false,"boss_relics":[{"not_picked":["Snecko Eye","Coffee Dripper","Philosopher\u0027s Stone"]}],"items_purged_floors":[],"is_endless":false,"potions_floor_spawned":[4,8,11,12,14,16],"killed_by":"Book of Stabbing","ascension_level":20}}