{"host":"hwrdjx5eod2cxh09","time":1611561578,"event":{"mods":["AchievementEnabler","BaseMod","Bestiary","Minty Spire (QoL Compilation)","Relic Stats"],"gold_per_floor":[118,118,118,118,134,162,162,188,240,254,254,140,167,183,183,284,284,302,302,302],"floor_reached":19,"language":"ENG","playtime":619,"items_purged":["Strike_R"],"score":210,"play_id":"921a9576-8ae9-4b4f-80da-c84bc8dec094","local_time":"20210125165938","is_ascension_mode":false,"campfire_choices":[{"data":"Bash","floor":7.0,"key":"SMITH"},{"data":"Entrench","floor":11.0,"key":"SMITH"},{"data":"Body Slam","floor":15.0,"key":"SMITH"}],"circlet_count":0,"master_deck":["Strike_R+1","Strike_R","Strike_R","Defend_R","Defend_R","Defend_R+1","Defend_R","Bash+1","Exhume","Shrug It Off","Iron Wave","Cleave","Entrench+1","Flame Barrier","Body Slam+1","Offering"],"relics":["Burning Blood","NeowsBlessing","Strawberry","Dead Branch","Bag of Marbles","Lantern","SacredBark"],"acts_visited":["Exordium","TheCity"],"potions_floor_usage":[16,16],"damage_taken":[{"damage":0.0,"enemies":"2 Louse","floor":1.0,"turns":1.0},{"damage":0.0,"enemies":"Jaw Worm","floor":5.0,"turns":1.0},{"damage":0.0,"enemies":"Gremlin Nob","floor":6.0,"turns":1.0},{"damage":34.0,"enemies":"Lagavulin","floor":8.0,"turns":7.0},{"damage":1.0,"enemies":"Cultist","floor":10.0,"turns":3.0},{"damage":11.0,"enemies":"Gremlin Nob","floor":13.0,"turns":5.0},{"damage":16.0,"enemies":"Large Slime","floor":14.0,"turns":8.0},{"damage":16,"enemies":"The Guardian","floor":16,"turns":11},{"damage":22,"enemies":"Spheric Guardian","floor":18,"turns":10},{"damage":0,"enemies":"Spheric Guardian","floor":19,"turns":1}],"seed_played":"2259674487944564298","potions_obtained":[{"floor":1.0,"key":"ElixirPotion"},{"floor":10.0,"key":"Dexterity Potion"},{"floor":13.0,"key":"DistilledChaos"}],"is_trial":false,"path_per_floor":["M","?","?","$","M","E","R","E","T","M","R","$","E","M","R","B",null,"M","?"],"character_chosen":"IRONCLAD","items_purchased":["Flame Barrier"],"campfire_rested":0,"item_purchase_floors":[12],"current_hp_per_floor":[80,80,64,64,70,83,83,55,55,60,60,60,55,45,45,35,87,71,71,71],"gold":302,"neow_bonus":"THREE_ENEMY_KILL","is_daily":false,"chose_seed":false,"campfire_upgraded":3,"win_rate":0.0,"timestamp":1611561578,"path_taken":["M","?","?","?","M","E","R","E","T","?","R","$","E","M","R","BOSS","M","?"],"items_purchased_type":["Card"],"build_version":"2020-12-22","purchased_purges":1,"victory":false,"max_hp_per_floor":[80,80,80,80,80,87,87,87,87,87,87,87,87,87,87,87,87,87,87,87],"relic_stats":{"counters":[9,47],"Dead Branch":[9],"obtain_stats":[{"Lantern":13,"NeowsBlessing":0,"Strawberry":6,"Dead Branch":8,"SacredBark":17,"Bag of Marbles":9,"Burning Blood":0},{"Lantern":6,"NeowsBlessing":0,"Strawberry":3,"Dead Branch":4,"SacredBark":8,"Bag of Marbles":4,"Burning Blood":0},{"Lantern":18,"NeowsBlessing":0,"Strawberry":3,"Dead Branch":10,"SacredBark":37,"Bag of Marbles":10,"Burning Blood":0}],"Burning Blood":48},"card_choices":[{"not_picked":["Feel No Pain","Headbutt","Perfected Strike"],"picked":"SKIP","floor":1.0},{"not_picked":["Heavy Blade","Bloodletting"],"picked":"Shrug It Off","floor":5.0},{"not_picked":["Rupture","Sentinel"],"picked":"Iron Wave","floor":6.0},{"not_picked":["Wild Strike","Combust"],"picked":"Cleave","floor":8.0},{"not_picked":["Perfected Strike","Wild Strike"],"picked":"Entrench","floor":10.0},{"not_picked":["Combust","Havoc"],"picked":"Body Slam","floor":13.0},{"not_picked":["Hemokinesis","Combust","Ghostly Armor"],"picked":"SKIP","floor":14.0},{"not_picked":["Feed","Double Tap"],"picked":"Offering","floor":16},{"not_picked":["Rage","Twin Strike","Warcry"],"picked":"SKIP","floor":18}],"player_experience":286544,"relics_obtained":[{"floor":6.0,"key":"Strawberry"},{"floor":8.0,"key":"Dead Branch"},{"floor":9.0,"key":"Bag of Marbles"},{"floor":13.0,"key":"Lantern"}],"event_choices":[{"damage_healed":0.0,"max_hp_gain":0.0,"max_hp_loss":0.0,"gold_gain":0.0,"cards_transformed":["Strike_R"],"event_name":"Living Wall","player_choice":"Change","floor":2.0,"gold_loss":0.0,"damage_taken":0.0,"cards_obtained":["Exhume"]},{"damage_healed":0.0,"max_hp_gain":0.0,"max_hp_loss":0.0,"gold_gain":0.0,"event_name":"Shining Light","player_choice":"Entered Light","floor":3.0,"gold_loss":0.0,"damage_taken":16.0,"cards_upgraded":["Strike_R","Defend_R"]}],"is_beta":false,"boss_relics":[{"not_picked":["Runic Pyramid","Tiny House"],"picked":"SacredBark"}],"items_purged_floors":[12],"is_endless":false,"potions_floor_spawned":[1,10,13],"killed_by":"Spheric Guardian","ascension_level":0}}