{"host":"iqi2f1z1yw5mc6j3","time":1611534178,"event":{"mods":["BaseMod","Colored Powertips","Minty Spire (QoL Compilation)","Replay The Spire","StSLib"],"gold_per_floor":[118,20,35,50,69,69,84,84,84,47,64,80,13,13,13,13,13],"floor_reached":16,"language":"ENG","playtime":1265,"items_purged":["Strike_G"],"score":94,"play_id":"d3913f11-aefb-4c82-aa8d-f887818e321c","local_time":"20210124192258","is_ascension_mode":false,"campfire_choices":[{"data":"Dagger Spray","floor":6,"key":"SMITH"},{"data":"Neutralize","floor":8,"key":"SMITH"},{"floor":15,"key":"DIG"}],"circlet_count":0,"master_deck":["Strike_G","Strike_G","Strike_G","Strike_G","Defend_G","Defend_G","Defend_G","Defend_G","Survivor","Neutralize+1","Catalyst","Deflect","Deadly Poison","Bane","Dagger Spray+1","Flying Knee","Prepared+1","Hidden Blade","Doppelganger","Infinite Blades"],"relics":["Ring of the Snake","Shovel","Sundial"],"acts_visited":["Exordium"],"potions_floor_usage":[7,12],"damage_taken":[{"damage":0,"enemies":"Cultist","floor":1,"turns":3},{"damage":3,"enemies":"2 Louse","floor":3,"turns":3},{"damage":1,"enemies":"Jaw Worm","floor":4,"turns":4},{"damage":0,"enemies":"Red Slaver","floor":5,"turns":4},{"damage":5,"enemies":"Large Slime","floor":7,"turns":8},{"damage":3,"enemies":"Looter","floor":11,"turns":3},{"damage":0,"enemies":"2 Fungi Beasts","floor":12,"turns":2},{"damage":64,"enemies":"Slime Boss","floor":16,"turns":9}],"seed_played":"4034863815314561667","potions_obtained":[{"floor":1,"key":"Strength Potion"},{"floor":5,"key":"Explosive Potion"},{"floor":11,"key":"Strength Potion"}],"is_trial":false,"path_per_floor":["M","$","M","M","M","R","M","R","T","$","M","M","$","?","R","B"],"character_chosen":"THE_SILENT","items_purchased":["Deflect","Prepared+1","Infinite Blades"],"campfire_rested":0,"item_purchase_floors":[2,10,13],"current_hp_per_floor":[70,70,67,66,66,66,61,61,61,61,58,58,58,58,58,0,0],"gold":13,"neow_bonus":"REMOVE_CARD","is_daily":false,"chose_seed":false,"campfire_upgraded":2,"win_rate":0.0,"timestamp":1611534178,"path_taken":["M","$","M","M","M","R","M","R","T","$","M","M","?","?","R","BOSS"],"items_purchased_type":["Card","Card","Card"],"build_version":"2020-12-22","purchased_purges":1,"victory":false,"max_hp_per_floor":[70,70,70,70,70,70,70,70,70,70,70,70,70,70,70,70,70],"card_choices":[{"not_picked":["Calculated Gamble","Slice"],"picked":"Catalyst","floor":1},{"not_picked":["Dodge and Roll","Acrobatics"],"picked":"Deadly Poison","floor":3},{"not_picked":["ReplayTheSpireMod:Scrap Shanks","Slice"],"picked":"Bane","floor":4},{"not_picked":["Blade Dance","Replay:Poison Smokescreen"],"picked":"Dagger Spray","floor":5},{"not_picked":["Expertise","Crippling Poison"],"picked":"Flying Knee","floor":7},{"not_picked":["Flying Knee","Sucker Punch"],"picked":"Hidden Blade","floor":11},{"not_picked":["Dagger Spray","ReplayTheSpireMod:Exploit Weakness"],"picked":"Doppelganger","floor":12}],"player_experience":50043,"relics_obtained":[{"floor":9,"key":"Shovel"},{"floor":15,"key":"Sundial"}],"event_choices":[{"damage_healed":0,"gold_gain":0,"player_choice":"Ignored","damage_taken":0,"max_hp_gain":0,"max_hp_loss":0,"event_name":"Liars Game","floor":14,"gold_loss":0}],"is_beta":false,"boss_relics":[],"items_purged_floors":[2],"is_endless":false,"potions_floor_spawned":[1,5,11],"killed_by":"Slime Boss","ascension_level":0}}