{"host":"zx8rmvlb08usbkpl","time":1611544376,"event":{"mods":["BaseMod","BetterRewards","Colored Powertips","Dota2Spire","Downfall","GifTheSpireLib","Marisa????????","Minty Spire (QoL Compilation)","Quick Restart","StSLib","Stuff the Spire","The Bug Knight","The Senshi"],"gold_per_floor":[110,130,55,55,230,259,259,259,259,270,289,319,338,438,438,539,539,554,604,14,33,33,33,33,64,87,99,111,122,122,122],"floor_reached":30,"language":"ENG","playtime":1347,"items_purged":["Strike_R","Normality"],"score":410,"play_id":"7f9b0fd6-9a97-4df3-a17d-2e09118dc3c6","local_time":"20210124221256","is_ascension_mode":false,"campfire_choices":[{"floor":7,"key":"REST"},{"data":"Double Tap","floor":15,"key":"SMITH"},{"floor":23,"key":"REST"}],"circlet_count":0,"master_deck":["Strike_R","Strike_R","Strike_R","Defend_R","Defend_R","Defend_R","Defend_R","Bash","Wild Strike","Double Tap+1","Doubt","StuffTheSpire:Slingshot","Inflame","Clash","Seeing Red","Cleave","Inflame","downfall:Haunted","Injury","Corruption","Feed","CurseOfTheBell","Apotheosis","Inflame","downfall:Bewildered","downfall:Aged","Dropkick+1","StuffTheSpire:Resist","True Grit","Havoc"],"relics":["Burning Blood","Dream Catcher","Toy Ornithopter","Dota2Spire:MagicBottle","Darkstone Periapt","Calling Bell","theSenshi:SailorFukuRelic","Dota2Spire:MantaStyle","Dota2Spire:Mjollnir","Gremlin Horn","Mercury Hourglass","Dota2Spire:PhaseBoots"],"acts_visited":["Exordium","TheCity"],"potions_floor_usage":[6,16,18,28,29],"damage_taken":[{"damage":1,"enemies":"Cultist","floor":1,"turns":3},{"damage":3,"enemies":"Small Slimes","floor":2,"turns":4},{"damage":43,"enemies":"3 Sentries","floor":6,"turns":12},{"damage":8,"enemies":"Jaw Worm","floor":10,"turns":4},{"damage":10,"enemies":"Looter","floor":11,"turns":3},{"damage":13,"enemies":"Lagavulin","floor":12,"turns":4},{"damage":8,"enemies":"Large Slime","floor":13,"turns":5},{"damage":89,"enemies":"Slime Boss","floor":16,"turns":13},{"damage":61,"enemies":"3 Byrds","floor":18,"turns":6},{"damage":12,"enemies":"Shell Parasite","floor":21,"turns":5},{"damage":59,"enemies":"Book of Stabbing","floor":25,"turns":5},{"damage":52,"enemies":"Centurion and Healer","floor":27,"turns":7},{"damage":32,"enemies":"Snecko","floor":28,"turns":5},{"damage":23,"enemies":"Shelled Parasite and Fungi","floor":29,"turns":3},{"damage":18,"enemies":"3 Cultists","floor":30,"turns":2}],"seed_played":"-3457158726747053568","potions_obtained":[{"floor":1,"key":"Strength Potion"},{"floor":6,"key":"Swift Potion"},{"floor":16,"key":"Block Potion"},{"floor":21,"key":"ColorlessPotion"},{"floor":25,"key":"Dexterity Potion"}],"is_trial":false,"path_per_floor":["M","M","$","?","?","E","R","?","T","M","M","E","M","?","R","B",null,"M","?","$","M","?","R","$","E","T","M","M","M","M"],"character_chosen":"IRONCLAD","items_purchased":["Apotheosis","Gremlin Horn","Inflame"],"campfire_rested":2,"item_purchase_floors":[20,20,20],"current_hp_per_floor":[80,80,80,73,73,36,60,65,65,63,59,52,50,85,85,10,126,79,79,79,73,85,127,127,87,87,41,24,12,0,0],"gold":122,"neow_bonus":"REMOVE_CARD","is_daily":false,"chose_seed":false,"campfire_upgraded":1,"win_rate":0.0,"timestamp":1611544376,"path_taken":["M","?","$","?","?","E","R","?","T","M","M","E","M","?","R","BOSS","M","?","$","?","?","R","$","E","T","M","M","M","M"],"items_purchased_type":["Card","Relic","Card"],"build_version":"2020-12-22","purchased_purges":2,"victory":false,"max_hp_per_floor":[80,80,80,80,80,80,80,85,85,85,85,85,85,120,120,120,126,129,129,129,129,141,141,141,145,145,145,149,149,149,149],"card_choices":[{"not_picked":["Carnage","Shrug It Off"],"picked":"Wild Strike","floor":1},{"not_picked":["Hemokinesis","Wild Strike"],"picked":"Double Tap","floor":2},{"not_picked":["Cleave","Combust"],"picked":"StuffTheSpire:Slingshot","floor":6},{"not_picked":["Whirlwind","Seeing Red"],"picked":"Inflame","floor":7},{"not_picked":["Thunderclap","Combust"],"picked":"Clash","floor":10},{"not_picked":["Heavy Blade","Thunderclap"],"picked":"Seeing Red","floor":11},{"not_picked":["Power Through","Brutality"],"picked":"Cleave","floor":12},{"not_picked":["Pommel Strike","Body Slam"],"picked":"Inflame","floor":13},{"not_picked":["StuffTheSpire:TitanForm","Corruption"],"picked":"Feed","floor":16},{"not_picked":["Cleave","Clash","Thunderclap"],"picked":"SKIP","floor":18},{"not_picked":["Anger","StuffTheSpire:RockThrow","Uppercut"],"picked":"SKIP","floor":21},{"not_picked":["Sword Boomerang","Twin Strike"],"picked":"Dropkick+1","floor":23},{"not_picked":["Headbutt","Iron Wave","Flame Barrier"],"picked":"SKIP","floor":25},{"not_picked":["Flex","Headbutt"],"picked":"StuffTheSpire:Resist","floor":27},{"not_picked":["Havoc","Flex+1"],"picked":"True Grit","floor":28},{"not_picked":["Disarm+1","Impervious"],"picked":"Havoc","floor":29}],"player_experience":973436,"relics_obtained":[{"floor":6,"key":"Toy Ornithopter"},{"floor":12,"key":"Dota2Spire:MagicBottle"},{"floor":17,"key":"theSenshi:SailorFukuRelic"},{"floor":17,"key":"Dota2Spire:MantaStyle"},{"floor":17,"key":"Dota2Spire:Mjollnir"},{"floor":25,"key":"Mercury Hourglass"},{"floor":26,"key":"Dota2Spire:PhaseBoots"}],"event_choices":[{"damage_healed":0,"gold_gain":0,"player_choice":"Success","damage_taken":7,"relics_obtained":["Dream Catcher"],"max_hp_gain":0,"max_hp_loss":0,"event_name":"Scrap Ooze","floor":4,"gold_loss":0},{"damage_healed":0,"gold_gain":175,"player_choice":"AGREE","damage_taken":0,"max_hp_gain":0,"max_hp_loss":0,"event_name":"Liars Game","floor":5,"gold_loss":0,"cards_obtained":["Doubt"]},{"damage_healed":0,"gold_gain":0,"player_choice":"Donut","damage_taken":0,"max_hp_gain":5,"max_hp_loss":0,"event_name":"Big Fish","floor":8,"gold_loss":0},{"damage_healed":0,"gold_gain":100,"player_choice":"Bet on Murderer","damage_taken":0,"max_hp_gain":0,"max_hp_loss":0,"event_name":"The Joust","floor":19,"gold_loss":50},{"damage_healed":0,"gold_gain":0,"cards_transformed":["StuffTheSpire:GnomedCurse","downfall:Haunted"],"player_choice":"Became Test Subject","damage_taken":0,"max_hp_gain":0,"max_hp_loss":0,"event_name":"Drug Dealer","floor":22,"gold_loss":0,"cards_obtained":["downfall:Bewildered","downfall:Aged"]}],"is_beta":false,"boss_relics":[{"not_picked":["Runic Pyramid","Cursed Key"],"picked":"Calling Bell"}],"items_purged_floors":[3,20],"is_endless":false,"potions_floor_spawned":[1,6,16,21,25],"killed_by":"3 Cultists","ascension_level":0}}