{"host":"opyh6vr790e42ffe","time":1611535061,"event":{"mods":["BaseMod","Bestiary","Colored Map","Highlight Path","Minty Spire (QoL Compilation)","Relic Stats","StSLib"],"gold_per_floor":[114,189,149,167,184,217,230,230,256,284,33,33,61,81,81,180,180,196,111,210,220,237,237,268,268,268,296,312,312,312,312,312,410,410,423,115,132,182,255,255,289,289,368,10,55,83,83,95,95,95,95,95,13,43,43],"floor_reached":56,"language":"ENG","playtime":19225,"items_purged":["Strike_P","Strike_P"],"score":1412,"play_id":"5c52e85e-5e75-4273-bef2-4e4282169951","local_time":"20210124163741","is_ascension_mode":true,"campfire_choices":[{"data":"Fasting2","floor":8.0,"key":"SMITH"},{"data":"TalkToTheHand","floor":12.0,"key":"SMITH"},{"data":"TalkToTheHand","floor":15.0,"key":"SMITH"},{"data":"CrushJoints","floor":23,"key":"SMITH"},{"data":"Evaluate","floor":25,"key":"SMITH"},{"data":"TalkToTheHand","floor":32,"key":"SMITH"},{"floor":40,"key":"RECALL"},{"floor":42,"key":"REST"},{"data":"1","floor":49,"key":"LIFT"},{"data":"2","floor":52,"key":"LIFT"}],"circlet_count":0,"master_deck":["Strike_P","Strike_P","Defend_P","Defend_P","Defend_P","Defend_P","Eruption","Vigilance","Fasting2+1","CrushJoints+1","Evaluate+1","EmptyFist","TalkToTheHand+1","Crescendo","FearNoEvil","Protect","MentalFortress","TalkToTheHand+1","Vault","CarveReality+1","Protect+1","EmptyFist+1","WheelKick+1","Adaptation+1","TalkToTheHand+1","Necronomicurse","MasterReality","InnerPeace+1","WheelKick","Magnetism","Wallop+1","Nirvana","CutThroughFate","LikeWater","ThirdEye","Ragnarok","Fasting2","Wallop"],"relics":["SlaversCollar","Oddly Smooth Stone","Damaru","Tiny Chest","ClockworkSouvenir","Boot","Snecko Eye","Happy Flower","Mercury Hourglass","Nunchaku","Bronze Scales","Necronomicon","Fusion Hammer","StoneCalendar","Question Card","Ginger","Sundial","PreservedInsect","Girya","Ancient Tea Set","Eternal Feather"],"acts_visited":["Exordium","TheCity","TheBeyond","TheEnding"],"potions_floor_usage":[27,50,50,50,50,54],"damage_taken":[{"damage":0.0,"enemies":"2 Louse","floor":1.0,"turns":2.0},{"damage":0.0,"enemies":"Cultist","floor":4.0,"turns":3.0},{"damage":6.0,"enemies":"Jaw Worm","floor":5.0,"turns":4.0},{"damage":22.0,"enemies":"Lagavulin","floor":6.0,"turns":9.0},{"damage":8.0,"enemies":"Gremlin Gang","floor":7.0,"turns":6.0},{"damage":9.0,"enemies":"Gremlin Nob","floor":10.0,"turns":4.0},{"damage":6.0,"enemies":"Lagavulin","floor":13.0,"turns":6.0},{"damage":7.0,"enemies":"Looter","floor":14.0,"turns":3.0},{"damage":15.0,"enemies":"Hexaghost","floor":16.0,"turns":9.0},{"damage":14.0,"enemies":"2 Thieves","floor":18.0,"turns":5.0},{"damage":3.0,"enemies":"3 Byrds","floor":21.0,"turns":5.0},{"damage":0,"enemies":"Snake Plant","floor":22,"turns":3},{"damage":0,"enemies":"Book of Stabbing","floor":24,"turns":4},{"damage":10,"enemies":"Slavers","floor":27,"turns":5},{"damage":0,"enemies":"Centurion and Healer","floor":28,"turns":5},{"damage":0,"enemies":"Champ","floor":33,"turns":6},{"damage":18,"enemies":"3 Darklings","floor":35,"turns":3},{"damage":0,"enemies":"Orb Walker","floor":37,"turns":2},{"damage":0,"enemies":"Mind Bloom Boss Battle","floor":38,"turns":4},{"damage":1,"enemies":"Nemesis","floor":41,"turns":5},{"damage":19,"enemies":"2 Orb Walkers","floor":45,"turns":4},{"damage":0,"enemies":"Giant Head","floor":46,"turns":4},{"damage":3,"enemies":"Writhing Mass","floor":48,"turns":7},{"damage":6,"enemies":"Donu and Deca","floor":50,"turns":7},{"damage":0,"enemies":"Shield and Spear","floor":54,"turns":3},{"damage":26,"enemies":"The Heart","floor":55,"turns":8}],"seed_played":"1209960665549839729","potions_obtained":[{"floor":3.0,"key":"Regen Potion"},{"floor":3.0,"key":"Fire Potion"},{"floor":3.0,"key":"Regen Potion"},{"floor":5.0,"key":"PowerPotion"},{"floor":6.0,"key":"EntropicBrew"},{"floor":13.0,"key":"Dexterity Potion"},{"floor":27,"key":"Weak Potion"},{"floor":28,"key":"Dexterity Potion"},{"floor":41,"key":"CultistPotion"}],"is_trial":false,"path_per_floor":["M","?","?","M","M","E","M","R","T","E","$","R","E","M","R","B",null,"M","?","?","M","M","R","E","R","T","E","M","T","?","?","R","B",null,"M","$","M","?","T","R","E","R","T","$","?","E","?","M","R","B",null,"R","$","E","B",null],"character_chosen":"WATCHER","items_purchased":["FearNoEvil","ClockworkSouvenir","Protect","WheelKick","Magnetism","PreservedInsect","CutThroughFate","LikeWater","Fasting2"],"campfire_rested":1,"item_purchase_floors":[11,11,11,36,36,44,44,44,53],"current_hp_per_floor":[72,61,61,61,55,48,40,40,40,31,31,31,37,30,30,15,72,58,58,58,55,55,55,55,55,55,45,45,45,29,53,53,53,72,54,54,54,54,54,54,53,72,72,72,53,53,53,50,50,44,68,68,68,68,42],"gold":43,"neow_bonus":"BOSS_RELIC","is_daily":false,"chose_seed":false,"campfire_upgraded":6,"win_rate":0.0,"timestamp":1611535061,"path_taken":["M","?","?","M","M","E","M","R","T","E","$","R","E","M","R","BOSS","M","?","?","M","M","R","E","R","T","E","?","?","?","?","R","BOSS","M","$","M","?","?","R","E","R","T","?","?","E","?","M","R","BOSS","R","$","E","BOSS"],"items_purchased_type":["Card","Relic","Card","Card","Card","Relic","Card","Card","Card"],"build_version":"2020-12-22","purchased_purges":2,"victory":true,"max_hp_per_floor":[72,72,72,72,72,72,72,72,72,72,72,72,72,72,72,72,72,72,72,72,72,72,72,72,72,72,72,72,72,72,72,72,72,72,72,72,72,72,72,72,72,72,72,72,72,72,68,68,68,68,68,68,68,68,68],"relic_stats":{"Happy Flower":[25],"counters":[26,126],"StoneCalendar":[52],"Eternal Feather":0,"PreservedInsect":193,"Ginger":[7],"Boot":[33],"Question Card":5,"Mercury Hourglass":[241],"Nunchaku":[17],"Sundial":[4],"Bronze Scales":[178],"Snecko Eye":[141,134,145,187],"Tiny Chest":2,"Necronomicon":[41],"obtain_stats":[{"Girya":45,"Happy Flower":19,"Oddly Smooth Stone":6,"Damaru":9,"StoneCalendar":38,"Eternal Feather":54,"PreservedInsect":44,"Ginger":41,"Boot":13,"Question Card":39,"Ancient Tea Set":46,"ClockworkSouvenir":11,"Mercury Hourglass":24,"SlaversCollar":0,"Nunchaku":26,"Sundial":43,"Bronze Scales":27,"Snecko Eye":17,"Tiny Chest":10,"Fusion Hammer":34,"Necronomicon":30,"PureWater":0},{"Girya":21,"Happy Flower":10,"Oddly Smooth Stone":4,"Damaru":5,"StoneCalendar":19,"Eternal Feather":25,"PreservedInsect":20,"Ginger":20,"Boot":7,"Question Card":19,"Ancient Tea Set":22,"ClockworkSouvenir":6,"Mercury Hourglass":13,"SlaversCollar":0,"Nunchaku":13,"Sundial":20,"Bronze Scales":14,"Snecko Eye":9,"Tiny Chest":6,"Fusion Hammer":16,"Necronomicon":15,"PureWater":0},{"Girya":97,"Happy Flower":51,"Oddly Smooth Stone":18,"Damaru":24,"StoneCalendar":88,"Eternal Feather":118,"PreservedInsect":93,"Ginger":93,"Boot":34,"Question Card":88,"Ancient Tea Set":101,"ClockworkSouvenir":28,"Mercury Hourglass":63,"SlaversCollar":0,"Nunchaku":63,"Sundial":93,"Bronze Scales":68,"Snecko Eye":46,"Tiny Chest":28,"Fusion Hammer":79,"Necronomicon":73,"PureWater":0}]},"card_choices":[{"not_picked":["ThirdEye","FlurryOfBlows"],"picked":"Fasting2","floor":1.0},{"not_picked":["ClearTheMind","Consecrate"],"picked":"CrushJoints","floor":4.0},{"not_picked":["Study","Protect"],"picked":"Evaluate","floor":5.0},{"not_picked":["FlyingSleeves","JustLucky"],"picked":"EmptyFist","floor":6.0},{"not_picked":["JustLucky","Devotion"],"picked":"TalkToTheHand","floor":7.0},{"not_picked":["ClearTheMind","Indignation"],"picked":"Crescendo","floor":10.0},{"not_picked":["Crescendo","ForeignInfluence"],"picked":"MentalFortress","floor":13.0},{"not_picked":["FollowUp","Worship"],"picked":"TalkToTheHand","floor":14.0},{"not_picked":["Scrawl","SpiritShield"],"picked":"Vault","floor":16.0},{"not_picked":["Halt","FlyingSleeves+1"],"picked":"CarveReality+1","floor":18.0},{"not_picked":["ThirdEye","FearNoEvil"],"picked":"Protect+1","floor":21.0},{"not_picked":["ClearTheMind+1","Vengeance"],"picked":"EmptyFist+1","floor":22},{"not_picked":["SashWhip+1","Devotion"],"picked":"WheelKick+1","floor":24},{"not_picked":["FollowUp+1","BowlingBash+1"],"picked":"Adaptation+1","floor":27},{"not_picked":["Protect","EmptyFist"],"picked":"TalkToTheHand","floor":28},{"not_picked":["ConjureBlade","Blasphemy"],"picked":"MasterReality","floor":33},{"not_picked":["SashWhip+1","EmptyBody"],"picked":"InnerPeace+1","floor":35},{"not_picked":["Consecrate+1","JustLucky"],"picked":"Wallop+1","floor":37},{"not_picked":["ThirdEye+1","Evaluate"],"picked":"Nirvana","floor":38},{"not_picked":["Perseverance+1","Wallop","DeceiveReality","Prostrate+1"],"picked":"SKIP","floor":41},{"not_picked":["LikeWater+1","SashWhip+1","Conclude"],"picked":"ThirdEye","floor":46},{"not_picked":["Indignation+1","SashWhip+1","FlurryOfBlows"],"picked":"Ragnarok","floor":48},{"not_picked":["EmptyBody+1","Halt","ReachHeaven"],"picked":"Wallop","floor":54}],"player_experience":2435759,"relics_obtained":[{"floor":6.0,"key":"Oddly Smooth Stone"},{"floor":9.0,"key":"Damaru"},{"floor":10.0,"key":"Tiny Chest"},{"floor":13.0,"key":"Boot"},{"floor":24,"key":"Mercury Hourglass"},{"floor":26,"key":"Nunchaku"},{"floor":27,"key":"Bronze Scales"},{"floor":30,"key":"Necronomicon"},{"floor":38,"key":"StoneCalendar"},{"floor":39,"key":"Question Card"},{"floor":41,"key":"Ginger"},{"floor":43,"key":"Sundial"},{"floor":45,"key":"Girya"},{"floor":46,"key":"Ancient Tea Set"},{"floor":54,"key":"Eternal Feather"}],"event_choices":[{"damage_healed":0.0,"max_hp_gain":0.0,"max_hp_loss":0.0,"gold_gain":75.0,"event_name":"World of Goop","player_choice":"Gather Gold","floor":2.0,"gold_loss":0.0,"damage_taken":11.0},{"damage_healed":0.0,"max_hp_gain":0.0,"max_hp_loss":0.0,"gold_gain":0.0,"event_name":"The Woman in Blue","player_choice":"Bought 3 Potions","floor":3.0,"gold_loss":0.0,"damage_taken":0.0},{"damage_healed":0.0,"max_hp_gain":0.0,"max_hp_loss":0.0,"gold_gain":0.0,"event_name":"Addict","player_choice":"Obtained Relic","floor":19.0,"gold_loss":85.0,"damage_taken":0.0,"relics_obtained":["Happy Flower"]},{"damage_healed":0.0,"max_hp_gain":0.0,"max_hp_loss":0.0,"gold_gain":99.0,"event_name":"Nest","player_choice":"Stole From Cult","floor":20.0,"gold_loss":0.0,"damage_taken":0.0},{"damage_healed":0,"gold_gain":0,"player_choice":"Obtained Book","damage_taken":16,"max_hp_gain":0,"max_hp_loss":0,"event_name":"Cursed Tome","floor":30,"gold_loss":0},{"damage_healed":24,"gold_gain":0,"player_choice":"Heal","damage_taken":0,"max_hp_gain":0,"max_hp_loss":0,"event_name":"The Library","floor":31,"gold_loss":0},{"damage_healed":0,"gold_gain":0,"player_choice":"Fight","damage_taken":0,"max_hp_gain":0,"max_hp_loss":0,"event_name":"MindBloom","floor":38,"gold_loss":0},{"damage_healed":0,"gold_gain":0,"player_choice":"Fight","damage_taken":0,"max_hp_gain":0,"max_hp_loss":0,"event_name":"Mysterious Sphere","floor":45,"gold_loss":0},{"damage_healed":0,"gold_gain":0,"player_choice":"Max HP","damage_taken":0,"max_hp_gain":0,"max_hp_loss":4,"event_name":"Winding Halls","floor":47,"gold_loss":0}],"is_beta":false,"boss_relics":[{"not_picked":["Velvet Choker","Runic Dome"],"picked":"Snecko Eye"},{"not_picked":["Sozu","Coffee Dripper"],"picked":"Fusion Hammer"}],"items_purged_floors":[36,44],"is_endless":false,"potions_floor_spawned":[4,5,6,13,27,28,33,38,41,45],"ascension_level":1}}