{"host":"y3h3n3f7seyagppx","time":1611599316,"event":{"mods":["AlwaysNeverKeys","BaseMod","Better Vampires","Colored Powertips","DeckTracker","Emptier Cage","Minty Spire (QoL Compilation)","Permanent Neow","Quick Restart","Rare Cards Sparkle","Relic Sorter","Relic Stats","StSLib","Transform Curses"],"gold_per_floor":[120,404,433,462,168,202,202,42,42,55,85,85,135,151,151,151,151],"floor_reached":16,"language":"ENG","playtime":1458,"items_purged":["Regret"],"score":270,"play_id":"ba400050-2612-4e8f-95e4-23895bbf31ee","local_time":"20210125132836","is_ascension_mode":true,"campfire_choices":[{"data":"Dagger Spray","floor":7,"key":"SMITH"},{"data":"Wraith Form v2","floor":15,"key":"SMITH"}],"circlet_count":0,"master_deck":["AscendersBane","Strike_G","Strike_G","Strike_G","Strike_G","Strike_G","Defend_G","Defend_G","Defend_G","Defend_G","Defend_G","Survivor","Neutralize","Skewer","Sucker Punch","Predator","Dagger Spray+1","Footwork","Backstab","Endless Agony","Terror","Wraith Form v2+1"],"relics":["Ring of the Snake","CeramicFish","Orichalcum","Blue Candle","Orrery","Sundial","Paper Crane","Golden Idol","HornCleat"],"acts_visited":["Exordium"],"potions_floor_usage":[6,13,16],"damage_taken":[{"damage":1,"enemies":"2 Louse","floor":1,"turns":4},{"damage":2,"enemies":"Cultist","floor":3,"turns":5},{"damage":4,"enemies":"Small Slimes","floor":4,"turns":4},{"damage":23,"enemies":"Lagavulin","floor":6,"turns":8},{"damage":1,"enemies":"Looter","floor":10,"turns":2},{"damage":0,"enemies":"Gremlin Nob","floor":13,"turns":3},{"damage":0,"enemies":"3 Louse","floor":14,"turns":2},{"damage":30,"enemies":"Slime Boss","floor":16,"turns":11}],"seed_played":"20994884043937201","potions_obtained":[{"floor":4,"key":"DuplicationPotion"},{"floor":10,"key":"ColorlessPotion"}],"is_trial":false,"path_per_floor":["M","?","M","M","$","E","R","$","T","M","?","?","E","M","R","B"],"character_chosen":"THE_SILENT","items_purchased":["Orichalcum","Block Potion","Orrery","Terror"],"campfire_rested":0,"item_purchase_floors":[5,5,8,8],"current_hp_per_floor":[58,58,56,52,52,29,29,29,29,28,28,28,28,28,28,0,0],"gold":151,"neow_bonus":"RANDOM_COMMON_RELIC","is_daily":false,"chose_seed":false,"campfire_upgraded":2,"win_rate":0.0,"timestamp":1611599316,"path_taken":["M","?","?","M","?","E","R","$","T","M","?","?","E","M","R","BOSS"],"items_purchased_type":["Relic","Potion","Relic","Card"],"build_version":"2020-12-22","purchased_purges":1,"victory":false,"max_hp_per_floor":[66,66,66,66,66,66,66,66,66,66,66,60,60,60,60,60,60],"relic_stats":{"counters":[8,39],"Sundial":[2],"Golden Idol":11,"CeramicFish":90,"Blue Candle":[0],"Orichalcum":[114],"obtain_stats":[{"HornCleat":13,"Sundial":9,"Golden Idol":12,"CeramicFish":0,"Blue Candle":6,"Orrery":8,"Orichalcum":5,"Paper Crane":11,"Ring of the Snake":0},{"HornCleat":6,"Sundial":4,"Golden Idol":5,"CeramicFish":0,"Blue Candle":4,"Orrery":4,"Orichalcum":3,"Paper Crane":5,"Ring of the Snake":0},{"HornCleat":26,"Sundial":21,"Golden Idol":23,"CeramicFish":0,"Blue Candle":21,"Orrery":21,"Orichalcum":13,"Paper Crane":23,"Ring of the Snake":0}],"Ring of the Snake":[16]},"card_choices":[{"not_picked":["Prepared","Dodge and Roll"],"picked":"Skewer","floor":1},{"not_picked":["Underhanded Strike","PiercingWail"],"picked":"Sucker Punch","floor":3},{"not_picked":["Accuracy","Bouncing Flask"],"picked":"Predator","floor":4},{"not_picked":["Dodge and Roll","Quick Slash"],"picked":"Dagger Spray","floor":6},{"not_picked":["Backflip","Deflect"],"picked":"Footwork","floor":8},{"not_picked":["Backflip","Deadly Poison"],"picked":"Backstab","floor":8},{"not_picked":["Dash","Slice"],"picked":"Endless Agony","floor":8},{"not_picked":["Slice","Sucker Punch","Night Terror"],"picked":"SKIP","floor":10},{"not_picked":["PiercingWail","Cloak And Dagger"],"picked":"Wraith Form v2","floor":13},{"not_picked":["Underhanded Strike","Blade Dance","Poisoned Stab"],"picked":"SKIP","floor":14}],"player_experience":21568041,"relics_obtained":[{"floor":6,"key":"Blue Candle"},{"floor":9,"key":"Sundial"},{"floor":13,"key":"HornCleat"}],"event_choices":[{"damage_healed":0,"gold_gain":275,"player_choice":"Desecrate","damage_taken":0,"max_hp_gain":0,"max_hp_loss":0,"event_name":"Golden Shrine","floor":2,"gold_loss":0,"cards_obtained":["Regret"]},{"damage_healed":0,"gold_gain":30,"player_choice":"Searched \u00273\u0027 times","damage_taken":0,"relics_obtained":["Paper Crane"],"max_hp_gain":0,"max_hp_loss":0,"event_name":"Dead Adventurer","floor":11,"gold_loss":0},{"damage_healed":0,"gold_gain":0,"player_choice":"Lose Max HP","damage_taken":0,"relics_obtained":["Golden Idol"],"max_hp_gain":0,"max_hp_loss":6,"event_name":"Golden Idol","floor":12,"gold_loss":0}],"is_beta":false,"boss_relics":[],"items_purged_floors":[5],"is_endless":false,"potions_floor_spawned":[4,10],"killed_by":"Slime Boss","ascension_level":20}}