{"host":"cjhtzh7tp54jdfyv","time":1611543784,"event":{"mods":["AchievementEnabler","BaseMod","Colored Map","Colored Powertips","Curses Come First","DeckTracker","Filter the Spire","Minty Spire (QoL Compilation)","RNG Fix","Relic Sorter","Relic Stats","StSLib","UnlockEverythingMod","ojb\u0027s Better Paths Mod","ojb\u0027s Info Mod"],"gold_per_floor":[109,79,94,111,57,57,86,86,86,86,101,126,141,154,154,154,154],"floor_reached":16,"language":"ENG","playtime":920,"items_purged":[],"score":224,"play_id":"b2d470f7-1521-4148-b7f9-1ca8d092a501","local_time":"20210124220304","is_ascension_mode":true,"campfire_choices":[{"data":"Calculated Gamble","floor":6,"key":"SMITH"},{"data":"Strike_G","floor":8,"key":"PURGE"},{"floor":10,"key":"REST"},{"data":"Strike_G","floor":15,"key":"PURGE"}],"circlet_count":0,"master_deck":["AscendersBane","Strike_G","Strike_G","Strike_G","Defend_G","Defend_G","Defend_G","Defend_G","Defend_G","Survivor","Neutralize","Grand Finale","Underhanded Strike","Slice","Calculated Gamble+1","Dagger Throw","Terror","Dagger Throw","Leg Sweep","Burst","Eviscerate"],"relics":["Ring of the Snake","Peace Pipe","Bronze Scales","Singing Bowl"],"acts_visited":["Exordium"],"potions_floor_usage":[7,7,12],"damage_taken":[{"damage":14,"enemies":"Jaw Worm","floor":1,"turns":7},{"damage":0,"enemies":"Small Slimes","floor":3,"turns":3},{"damage":6,"enemies":"Cultist","floor":4,"turns":4},{"damage":20,"enemies":"Lagavulin","floor":7,"turns":6},{"damage":0,"enemies":"2 Fungi Beasts","floor":11,"turns":2},{"damage":2,"enemies":"3 Sentries","floor":12,"turns":7},{"damage":0,"enemies":"Blue Slaver","floor":13,"turns":3},{"damage":12,"enemies":"Exordium Wildlife","floor":14,"turns":5},{"damage":26,"enemies":"The Guardian","floor":16,"turns":4}],"seed_played":"393856276361470265","potions_obtained":[{"floor":2,"key":"Strength Potion"},{"floor":2,"key":"Weak Potion"},{"floor":4,"key":"GamblersBrew"},{"floor":7,"key":"AttackPotion"},{"floor":12,"key":"SmokeBomb"}],"is_trial":false,"path_per_floor":["M","?","M","M","$","R","E","R","T","R","M","E","M","M","R","B"],"character_chosen":"THE_SILENT","items_purchased":["Dagger Throw"],"campfire_rested":1,"item_purchase_floors":[5],"current_hp_per_floor":[45,45,45,39,39,39,19,19,19,37,37,35,35,23,23,0,0],"gold":154,"neow_bonus":"THREE_RARE_CARDS","is_daily":false,"chose_seed":false,"campfire_upgraded":1,"win_rate":0.0,"timestamp":1611543784,"path_taken":["M","?","M","?","$","R","E","R","T","R","M","E","M","M","R","BOSS"],"items_purchased_type":["Card"],"build_version":"2020-12-22","purchased_purges":0,"victory":false,"max_hp_per_floor":[60,60,60,60,60,60,60,60,60,60,60,60,60,60,60,60,60],"relic_stats":{"Peace Pipe":2,"Singing Bowl":0,"counters":[9,41],"Bronze Scales":[48],"obtain_stats":[{"Peace Pipe":7,"Singing Bowl":12,"Bronze Scales":9,"Ring of the Snake":0},{"Peace Pipe":4,"Singing Bowl":6,"Bronze Scales":4,"Ring of the Snake":0},{"Peace Pipe":20,"Singing Bowl":29,"Bronze Scales":20,"Ring of the Snake":0}],"Ring of the Snake":[18]},"card_choices":[{"not_picked":["Doppelganger","Burst"],"picked":"Grand Finale","floor":0.0},{"not_picked":["Skewer","Bane"],"picked":"Underhanded Strike","floor":1},{"not_picked":["Deadly Poison","Catalyst"],"picked":"Slice","floor":3},{"not_picked":["Cloak And Dagger","Flechettes"],"picked":"Calculated Gamble","floor":4},{"not_picked":["Eviscerate","Backflip"],"picked":"Terror","floor":7},{"not_picked":["Poisoned Stab","Flying Knee"],"picked":"Dagger Throw","floor":11},{"not_picked":["Deadly Poison","Dagger Spray"],"picked":"Leg Sweep","floor":12},{"not_picked":["Terror","Poisoned Stab"],"picked":"Burst","floor":13},{"not_picked":["Outmaneuver","Deadly Poison"],"picked":"Eviscerate","floor":14}],"player_experience":4635857,"relics_obtained":[{"floor":7,"key":"Peace Pipe"},{"floor":9,"key":"Bronze Scales"},{"floor":12,"key":"Singing Bowl"}],"event_choices":[{"damage_healed":0,"gold_gain":0,"player_choice":"Bought 2 Potions","damage_taken":0,"max_hp_gain":0,"max_hp_loss":0,"event_name":"The Woman in Blue","floor":2,"gold_loss":0}],"is_beta":false,"boss_relics":[],"items_purged_floors":[],"is_endless":false,"potions_floor_spawned":[4,7,12],"killed_by":"The Guardian","ascension_level":20}}