{"host":"njo8qgvy2a57fcny","time":1611555648,"event":{"mods":["Ascension Unlocker","Aspiration","BaseMod","BetterRewards","CCEM","Colored Map","Colored Powertips","Conspire","Custom Start","Downfall","Energized Spire","GifTheSpireLib","Halation","Hermit","Hubris","Infinite Spire","Jedi Mod","Jorbs\u0027s Wanderer Trilogy","Mimic Mod","Minty Spire (QoL Compilation)","Quick Restart","Random Character Button","Random Character Mod","Rare Cards Sparkle","Relic Sorter","Replay The Spire","Shop Mod","StSLib","Stuff the Spire","The Animator","The Jungle","The Runesmith","The Servant 0.9.4","Unceasing Turn Reminder","thorton"],"gold_per_floor":[114,114,114,129,144,144,169,185,215,329,329],"floor_reached":10,"language":"ENG","playtime":702,"items_purged":[],"score":186,"play_id":"e3ad8d4e-344d-426f-b236-ccfd5b273bb1","local_time":"20210125172048","is_ascension_mode":true,"campfire_choices":[{"data":"KidneyShot","floor":6,"key":"SMITH"}],"circlet_count":0,"master_deck":["AscendersBane","Strike_S","Strike_S","Strike_S","Strike_S","Defend_S","Defend_S","Defend_S","Defend_S","KidneyShot+1","Exchange","FastForward","Inflame","Gouge","Luminosity","Double Tap+1","Rearm","Starlight"],"relics":["aspiration:Nostalgia","hubris:Icosahedron","infinitespire:DarkRift","m_ScarletBlood","Golden Egg","Replay:Bandana"],"acts_visited":["Exordium"],"potions_floor_usage":[5,8],"damage_taken":[{"damage":0,"enemies":"Cultist","floor":1,"turns":2},{"damage":13,"enemies":"2 Louse","floor":4,"turns":4},{"damage":14,"enemies":"Jaw Worm","floor":5,"turns":5},{"damage":0,"enemies":"Lagavulin","floor":7,"turns":7},{"damage":6,"enemies":"Looter","floor":8,"turns":5},{"damage":11,"enemies":"Red Slaver","floor":9,"turns":8},{"damage":36,"enemies":"Gremlin Nob","floor":10,"turns":3}],"seed_played":"-9164785229011924258","potions_obtained":[{"floor":4,"key":"sneckomod:MuddlingPotion"},{"floor":5,"key":"jedi:StrikingPotion"}],"is_trial":false,"path_per_floor":["M","?","?","M","M","R","E","M","MIM","E"],"character_chosen":"THE_SERVANT","items_purchased":[],"campfire_rested":0,"item_purchase_floors":[],"current_hp_per_floor":[54,54,54,41,27,27,27,21,10,0,0],"gold":329,"neow_bonus":"NOSTALGIA","is_daily":false,"chose_seed":false,"campfire_upgraded":1,"win_rate":0.0,"timestamp":1611555648,"path_taken":["M","?","?","M","?","R","E","M","MIM","E"],"items_purchased_type":[],"build_version":"2020-12-22","purchased_purges":0,"victory":false,"max_hp_per_floor":[60,60,60,60,60,60,60,60,60,60,60],"card_choices":[{"not_picked":["Read","Replace"],"picked":"FastForward","floor":1},{"not_picked":["BottledTime","Spin"],"picked":"Gouge","floor":4},{"not_picked":["Flex","Rewind"],"picked":"Luminosity","floor":5},{"not_picked":["SoulSculpture","Reset"],"picked":"Double Tap","floor":7},{"not_picked":["BottledTime","Gouge"],"picked":"Rearm","floor":8},{"not_picked":["Spin","Sabotage"],"picked":"Starlight","floor":9}],"player_experience":694631,"relics_obtained":[{"floor":7,"key":"Golden Egg"},{"floor":9,"key":"Replay:Bandana"}],"event_choices":[],"is_beta":false,"boss_relics":[],"items_purged_floors":[],"is_endless":false,"potions_floor_spawned":[4,5],"killed_by":"Gremlin Nob","ascension_level":20}}