{"host":"61r95uy0hn86b9iu","time":1611551250,"event":{"mods":["AchievementEnabler","BaseMod","Better Vampires","BetterRewards","Colored Powertips","Hubris","Minty Spire (QoL Compilation)","Shop Mod","StSLib"],"gold_per_floor":[116,133,58,58,108,143,154,154,454,472,472,492,527,219,219,293,293,310,330,330,255,268,268,287,287,287,6,24,55,75,175,175,256,256,278,303,325,187,187,187,221,231,256,256,280,280,298,298,298,298,298,298,26,67,67],"floor_reached":56,"language":"ENG","playtime":2192,"items_purged":["Strike_B","Strike_B","Strike_B","Sweeping Beam+1"],"score":2498,"play_id":"b8487d0f-a0e0-4d1c-9e17-12ba3dbb848d","local_time":"20210124230730","is_ascension_mode":true,"campfire_choices":[{"floor":8.0,"key":"REST"},{"floor":11.0,"key":"REST"},{"floor":15.0,"key":"REST"},{"floor":23.0,"key":"REST"},{"data":"Echo Form","floor":25.0,"key":"SMITH"},{"floor":32.0,"key":"REST"},{"floor":40.0,"key":"RECALL"},{"data":"Apotheosis","floor":46.0,"key":"SMITH"},{"data":"Seek","floor":49.0,"key":"SMITH"},{"floor":52,"key":"DIG"}],"circlet_count":0,"master_deck":["AscendersBane","Defend_B","Defend_B","Zap","Dualcast","Go for the Eyes+1","Cold Snap+1","Ball Lightning+1","Lockon+1","Glacier","Beam Cell+1","Self Repair","Loop","Echo Form+1","Defragment","Consume+1","Apotheosis+1","Conserve Battery","Force Field","Self Repair","Static Discharge","Seek+1","Defragment","Capacitor","Defragment","Glacier","Consume"],"relics":["Cracked Core","Molten Egg 2","hubris:Towel","Kunai","Torii","Membership Card","MerchantsRug","Inserter","CeramicFish","Bag of Preparation","Emotion Chip","hubris:ScarierMask","hubris:SoftwareUpdate","hubris:RGBLights","hubris:Icosahedron","hubris:BottledRain","Bottled Tornado","hubris:SphereOfDissonance","Lantern"],"acts_visited":["Exordium","TheCity","TheBeyond","TheEnding"],"potions_floor_usage":[50,55],"damage_taken":[{"damage":4.0,"enemies":"Jaw Worm","floor":1.0,"turns":2.0},{"damage":0.0,"enemies":"2 Louse","floor":2.0,"turns":2.0},{"damage":21.0,"enemies":"3 Sentries","floor":6.0,"turns":6.0},{"damage":0.0,"enemies":"Cultist","floor":7.0,"turns":2.0},{"damage":9.0,"enemies":"Red Slaver","floor":10.0,"turns":3.0},{"damage":0.0,"enemies":"2 Fungi Beasts","floor":12.0,"turns":2.0},{"damage":0.0,"enemies":"Gremlin Nob","floor":13.0,"turns":3.0},{"damage":24.0,"enemies":"Hexaghost","floor":16.0,"turns":8.0},{"damage":11.0,"enemies":"Spheric Guardian","floor":18.0,"turns":6.0},{"damage":23.0,"enemies":"Shell Parasite","floor":19.0,"turns":5.0},{"damage":20.0,"enemies":"Snecko","floor":22.0,"turns":5.0},{"damage":9.0,"enemies":"Shelled Parasite and Fungi","floor":24.0,"turns":7.0},{"damage":42.0,"enemies":"Gremlin Leader","floor":29.0,"turns":9.0},{"damage":36.0,"enemies":"Snake Plant","floor":30.0,"turns":4.0},{"damage":24.0,"enemies":"Colosseum Slavers","floor":31.0,"turns":6.0},{"damage":28.0,"enemies":"Colosseum Nobs","floor":31.0,"turns":6.0},{"damage":27.0,"enemies":"hubris:MusketHawk","floor":33.0,"turns":8.0},{"damage":13.0,"enemies":"3 Shapes","floor":35.0,"turns":3.0},{"damage":21.0,"enemies":"Orb Walker","floor":36.0,"turns":3.0},{"damage":55.0,"enemies":"Writhing Mass","floor":37.0,"turns":9.0},{"damage":16.0,"enemies":"Nemesis","floor":41.0,"turns":9.0},{"damage":46.0,"enemies":"Spire Growth","floor":42.0,"turns":5.0},{"damage":0.0,"enemies":"Sphere and 2 Shapes","floor":45.0,"turns":4.0},{"damage":18.0,"enemies":"Maw","floor":47.0,"turns":7.0},{"damage":30,"enemies":"Time Eater","floor":50,"turns":10},{"damage":22,"enemies":"Shield and Spear","floor":54,"turns":6},{"damage":32,"enemies":"The Heart","floor":55,"turns":9}],"seed_played":"-9961668128122152","potions_obtained":[{"floor":2.0,"key":"Fruit Juice"},{"floor":7.0,"key":"LiquidBronze"},{"floor":10.0,"key":"PowerPotion"},{"floor":13.0,"key":"PowerPotion"},{"floor":18.0,"key":"SpeedPotion"},{"floor":22.0,"key":"DuplicationPotion"},{"floor":29.0,"key":"FearPotion"},{"floor":33.0,"key":"FocusPotion"},{"floor":36.0,"key":"Dexterity Potion"},{"floor":42.0,"key":"LiquidBronze"}],"is_trial":false,"path_per_floor":["M","M","$","?","?","E","M","R","T","M","R","M","E","$","R","B",null,"M","M","?","?","M","R","M","R","T","$","?","E","M","?","R","B",null,"M","M","M","$","?","R","E","M","T","?","M","R","M","$","R","B",null,"R","$","E","B",null],"character_chosen":"DEFECT","items_purchased":["Molten Egg 2","Go for the Eyes+1","Cold Snap+1","Lockon+1","Membership Card","MerchantsRug","Loop","Apotheosis","CeramicFish","Conserve Battery","Bag of Preparation","hubris:SoftwareUpdate","Bottled Tornado","hubris:SphereOfDissonance"],"campfire_rested":5,"item_purchase_floors":[0,0,0,3,14,14,14,27,27,27,27,38,53,53],"current_hp_per_floor":[43,48,48,48,41,20,20,42,42,33,55,55,55,55,76,59,72,68,59,59,59,46,68,73,73,80,80,80,65,49,57,81,83,83,80,79,54,54,57,57,71,35,35,35,69,69,81,81,81,61,80,80,80,78,66],"gold":67,"neow_bonus":"","is_daily":false,"chose_seed":false,"campfire_upgraded":3,"win_rate":0.0,"timestamp":1611551250,"path_taken":["M","M","$","?","?","E","?","R","T","M","R","M","E","$","R","BOSS","M","M","?","?","M","R","M","R","T","$","?","E","M","?","R","BOSS","M","M","M","$","?","R","E","M","T","?","M","R","M","$","R","BOSS","R","$","E","BOSS"],"items_purchased_type":["Relic","Card","Card","Card","Relic","Relic","Card","Card","Relic","Card","Relic","Relic","Relic","Relic"],"build_version":"2020-12-22","purchased_purges":4,"victory":true,"max_hp_per_floor":[71,76,76,76,76,76,76,76,76,76,76,76,76,76,76,76,76,76,76,76,76,76,76,76,76,83,83,83,83,83,83,83,83,83,83,83,83,83,86,86,86,86,86,86,86,86,86,86,86,86,86,86,86,86,86],"card_choices":[{"not_picked":["Go for the Eyes+1","Barrage+1","Hello World"],"picked":"SKIP","floor":1.0},{"not_picked":["Leap","hubris:Prefetch"],"picked":"Ball Lightning+1","floor":2.0},{"not_picked":["Barrage+1","Hologram","Steam"],"picked":"SKIP","floor":6.0},{"not_picked":["Hologram","Steam"],"picked":"Sweeping Beam+1","floor":7.0},{"not_picked":["hubris:Prefetch","Beam Cell+1"],"picked":"Glacier","floor":10.0},{"not_picked":["Lockon+1","Go for the Eyes+1"],"picked":"Beam Cell+1","floor":12.0},{"not_picked":["Redo","Scrape+1"],"picked":"Self Repair","floor":13.0},{"not_picked":["hubris:DoWhile","Core Surge+1"],"picked":"Echo Form","floor":16.0},{"not_picked":["Stack","Melter+1"],"picked":"Defragment","floor":18.0},{"not_picked":["Beam Cell+1","Steam"],"picked":"Consume+1","floor":19.0},{"not_picked":["Cold Snap+1","Turbo","Hello World"],"picked":"SKIP","floor":22.0},{"not_picked":["Steam","Force Field","Ball Lightning+1"],"picked":"SKIP","floor":24.0},{"not_picked":["Ball Lightning+1","Barrage+1","Meteor Strike+1"],"picked":"SKIP","floor":29.0},{"not_picked":["Barrage+1","Gash+1"],"picked":"Static Discharge","floor":30.0},{"not_picked":["Creative AI","hubris:Prefetch"],"picked":"Seek","floor":33.0},{"not_picked":["Streamline+1","Rebound+1"],"picked":"Defragment","floor":35.0},{"not_picked":["Hologram","Ball Lightning+1"],"picked":"Capacitor","floor":36.0},{"not_picked":["Gash+1","Echo Form"],"picked":"Defragment","floor":37.0},{"not_picked":["Redo","hubris:Prefetch","Streamline+1"],"picked":"SKIP","floor":41.0},{"not_picked":["Coolheaded","Steam","Chaos"],"picked":"SKIP","floor":42.0},{"not_picked":["Redo","Stack"],"picked":"Glacier","floor":45.0},{"not_picked":["Heatsinks","Leap","Cold Snap+1"],"picked":"SKIP","floor":47.0},{"not_picked":["Stack+1","Steam"],"picked":"Consume","floor":54}],"player_experience":3299824,"relics_obtained":[{"floor":6.0,"key":"Kunai"},{"floor":9.0,"key":"Old Coin"},{"floor":13.0,"key":"Torii"},{"floor":26.0,"key":"Strawberry"},{"floor":29.0,"key":"Shovel"},{"floor":31.0,"key":"Emotion Chip"},{"floor":31.0,"key":"hubris:DeckOfHolding"},{"floor":41.0,"key":"hubris:RGBLights"},{"floor":52,"key":"hubris:BottledRain"},{"floor":54,"key":"Lantern"}],"event_choices":[{"damage_healed":0.0,"max_hp_gain":0.0,"max_hp_loss":0.0,"gold_gain":50.0,"event_name":"FaceTrader","player_choice":"Touch","floor":5.0,"gold_loss":0.0,"damage_taken":7.0},{"cards_removed":["Strike_B"],"damage_healed":0.0,"max_hp_gain":0.0,"max_hp_loss":0.0,"gold_gain":0.0,"event_name":"Beggar","player_choice":"Gave Gold","floor":21.0,"gold_loss":75.0,"damage_taken":0.0},{"damage_healed":0.0,"max_hp_gain":0.0,"max_hp_loss":0.0,"gold_gain":0.0,"cards_transformed":["Defend_B","Defend_B"],"event_name":"Drug Dealer","player_choice":"Became Test Subject","floor":28.0,"gold_loss":0.0,"damage_taken":0.0,"cards_obtained":["Force Field","Self Repair"]},{"damage_healed":0.0,"max_hp_gain":0.0,"max_hp_loss":0.0,"gold_gain":0.0,"event_name":"Colosseum","player_choice":"Fight","floor":31.0,"gold_loss":0.0,"damage_taken":0.0},{"damage_healed":0.0,"max_hp_gain":0.0,"max_hp_loss":0.0,"gold_gain":0.0,"event_name":"Colosseum","player_choice":"Fought Nobs","floor":31.0,"gold_loss":0.0,"damage_taken":0.0}],"is_beta":false,"boss_relics":[{"not_picked":["hubris:Stopwatch","Runic Pyramid"],"picked":"Inserter"},{"not_picked":["Runic Dome","Tiny House"],"picked":"hubris:ScarierMask"}],"items_purged_floors":[14,27,38,53],"is_endless":false,"potions_floor_spawned":[2,7,10,12,13,18,22,29,31,33,36,37,42,45],"ascension_level":16}}