{"host":"yjeq27nqd9iczda7","time":1611547291,"event":{"mods":["Arknights The Spire","BaseMod","Colored Map","Colored Powertips","GifTheSpireLib","Minty Spire (QoL Compilation)","Prisma Mod","StSLib","The Alterego","The Poker Player","Waifu the Spire"],"gold_per_floor":[112,123,133,133,133,168,168,13,13,13,32,50,63,95,95,200,200,211,231,231,231,231],"floor_reached":21,"language":"KOR","playtime":998,"items_purged":[],"score":191,"play_id":"a5e1dd3a-0367-4257-a60c-a0efd9d1b222","local_time":"20210125130131","is_ascension_mode":false,"campfire_choices":[{"floor":7,"key":"RECALL"},{"floor":15,"key":"REST"}],"circlet_count":0,"master_deck":["ats:Strike C","ats:Strike G","ats:Strike S","ats:Strike V","ats:Armor Crushing Shot","ats:Defend","ats:Defend","ats:Defend","ats:Defend","ats:Emotion Absorption","ats:Sashimi Platter","ats:Red Shift","ats:Composite Medical Shells","ats:Rapid Magazine","ats:Hammer On","ats:Literary Storm+1","ats:Hammer On","ats:Shell Defense","ats:Powerful Strike","ats:Cat Scratch","ats:Blood Oath","ats:Defend Order","ats:Rat Pack","ats:Sword Rain","ats:Flexible Camouflage","ats:Phantom","ats:Calcification","ats:Apocalypse","ats:Consecutive Shot Auto"],"relics":["ats:Sanity","ats:Originium","ats:Military Tradition","Bag of Preparation","ats:Omniscience"],"acts_visited":["Exordium","TheCity"],"potions_floor_usage":[6,19,21,21],"damage_taken":[{"damage":9,"enemies":"Jaw Worm","floor":1,"turns":6},{"damage":12,"enemies":"2 Louse","floor":2,"turns":3},{"damage":0,"enemies":"Small Slimes","floor":3,"turns":2},{"damage":32,"enemies":"Gremlin Nob","floor":6,"turns":4},{"damage":20,"enemies":"Looter","floor":11,"turns":3},{"damage":9,"enemies":"2 Fungi Beasts","floor":12,"turns":3},{"damage":8,"enemies":"Exordium Wildlife","floor":13,"turns":3},{"damage":23,"enemies":"3 Sentries","floor":14,"turns":7},{"damage":63,"enemies":"Hexaghost","floor":16,"turns":11},{"damage":10,"enemies":"Spheric Guardian","floor":18,"turns":4},{"damage":32,"enemies":"Chosen","floor":19,"turns":7},{"damage":68,"enemies":"Masked Bandits","floor":21,"turns":5}],"seed_played":"-727419292733298211","potions_obtained":[{"floor":1,"key":"SmokeBomb"},{"floor":2,"key":"DistilledChaos"},{"floor":3,"key":"ats:Emergency Sanity Potion"},{"floor":16,"key":"ColorlessPotion"},{"floor":18,"key":"LiquidBronze"},{"floor":19,"key":"Ancient Potion"}],"is_trial":false,"path_per_floor":["M","M","M","?","?","E","R","$","T","?","M","M","M","E","R","B",null,"M","M","?","?"],"character_chosen":"DOCTOR_CLASS","items_purchased":["ats:Cat Scratch","ats:Blood Oath","ats:Defend Order"],"campfire_rested":1,"item_purchase_floors":[8,8,8],"current_hp_per_floor":[70,73,79,79,79,49,49,49,49,54,46,49,44,33,58,22,84,74,53,53,0,0],"gold":231,"neow_bonus":"TEN_PERCENT_HP_BONUS","is_daily":false,"chose_seed":false,"campfire_upgraded":0,"win_rate":0.0,"timestamp":1611547291,"path_taken":["M","M","M","?","?","E","R","$","T","?","M","M","M","E","R","BOSS","M","M","?","?"],"items_purchased_type":["Card","Card","Card"],"build_version":"2020-12-22","purchased_purges":0,"victory":false,"max_hp_per_floor":[79,79,79,79,79,79,79,79,79,84,84,84,84,84,84,84,84,84,84,84,84,84],"card_choices":[{"not_picked":["ats:Guard Mode","ats:Leaping Hammer"],"picked":"ats:Sashimi Platter","floor":1},{"not_picked":["ats:Powerful Strike","ats:Blood Oath"],"picked":"ats:Red Shift","floor":2},{"not_picked":["ats:Absolute Focus","ats:Curse Doll"],"picked":"ats:Composite Medical Shells","floor":3},{"not_picked":["ats:Red Shift","ats:Demon Strength"],"picked":"ats:Powerful Strike","floor":6},{"not_picked":["ats:Blood Oath","ats:Shell Defense"],"picked":"ats:Rat Pack","floor":11},{"not_picked":["ats:Hammer On","ats:Closed Bolt Burst Fire"],"picked":"ats:Sword Rain","floor":12},{"not_picked":["ats:Very Hot Blade","ats:Shell Defense"],"picked":"ats:Flexible Camouflage","floor":13},{"not_picked":["ats:Thermite Blade","ats:Charging Defense"],"picked":"ats:Phantom","floor":14},{"not_picked":["ats:Soul Rend","ats:Disruption Kick"],"picked":"ats:Calcification","floor":16},{"not_picked":["ats:Closed Bolt Burst Fire","ats:Very Hot Blade+1"],"picked":"ats:Apocalypse","floor":18},{"not_picked":["ats:Part Time Job","ats:Thermite Blade"],"picked":"ats:Consecutive Shot Auto","floor":19}],"player_experience":41899,"relics_obtained":[{"floor":6,"key":"ats:Originium"},{"floor":6,"key":"ats:Military Tradition"},{"floor":14,"key":"ats:Originium"},{"floor":14,"key":"Bag of Preparation"}],"event_choices":[{"damage_healed":0,"gold_gain":0,"player_choice":"Grow","damage_taken":0,"max_hp_gain":0,"max_hp_loss":0,"event_name":"Living Wall","floor":5,"gold_loss":0,"cards_upgraded":["ats:Literary Storm"]},{"damage_healed":0,"gold_gain":0,"player_choice":"Donut","damage_taken":0,"max_hp_gain":5,"max_hp_loss":0,"event_name":"Big Fish","floor":10,"gold_loss":0},{"damage_healed":0,"gold_gain":0,"player_choice":"Ignored","damage_taken":0,"max_hp_gain":0,"max_hp_loss":0,"event_name":"Ghosts","floor":20,"gold_loss":0},{"damage_healed":0,"gold_gain":0,"player_choice":"Fought Bandits","damage_taken":0,"max_hp_gain":0,"max_hp_loss":0,"event_name":"Masked Bandits","floor":21,"gold_loss":0}],"is_beta":false,"boss_relics":[{"not_picked":["Tiny House","Fusion Hammer"],"picked":"ats:Omniscience"}],"items_purged_floors":[],"is_endless":false,"potions_floor_spawned":[1,2,3,16,18,19],"killed_by":"Masked Bandits","ascension_level":0}}