{"host":"28p8ce41sjwa6lzf","time":1611597108,"event":{"mods":["BaseMod","Bestiary","Colored Map","Colored Powertips","Dark Map","Highlight Path","Minty Spire (QoL Compilation)","Permanent Neow","Quick Restart","Random Character Button","Rare Cards Sparkle","Relic Stats","StSLib","Unceasing Turn Reminder"],"gold_per_floor":[110,5,25,37,48,48,82,112,112,187,216,216,236,236,236,307,307,327,242,252,252,263,293,313,313,339,339,355,11,36,216,216,290,290,309,324,69,344,359,391,391,417,443,456,490,490,203,217,217,217,217,217,217,52,79,79],"floor_reached":57,"language":"ENG","playtime":4772,"items_purged":["Shame","Doubt","Regret"],"score":3084,"play_id":"73a30bb3-916c-4921-a311-a4d280972ca9","local_time":"20210125115148","is_ascension_mode":true,"campfire_choices":[{"data":"Fasting2","floor":6.0,"key":"SMITH"},{"data":"Wallop","floor":15.0,"key":"SMITH"},{"data":"Evaluate","floor":25.0,"key":"SMITH"},{"floor":27.0,"key":"REST"},{"floor":32.0,"key":"REST"},{"data":"Vault","floor":41.0,"key":"SMITH"},{"floor":46.0,"key":"REST"},{"floor":49.0,"key":"RECALL"},{"floor":53.0,"key":"REST"}],"circlet_count":0,"master_deck":["AscendersBane","Strike_P+1","Strike_P+1","Strike_P+1","Defend_P+1","Defend_P+1","Defend_P+1","Defend_P+1","Eruption+1","Vigilance","LessonLearned+1","Fasting2+1","ThirdEye+1","Halt","Evaluate+1","Wallop+1","Halt","TalkToTheHand+1","Prostrate+1","FlurryOfBlows+1","Brilliance+1","WheelKick+1","Prostrate","EmptyFist+1","JustLucky+1","Collect+1","Tantrum+1","Discovery","Vault+1","InnerPeace+1","ClearTheMind+1","Nirvana+1","Tantrum+1","Wallop+1","Regret","FlurryOfBlows+1","Protect","Study"],"relics":["PureWater","Lizard Tail","Gambling Chip","Ice Cream","Molten Egg 2","Cursed Key","PreservedInsect","Blue Candle","Bag of Preparation","Nunchaku","Sozu","Membership Card","Bag of Marbles","Anchor","War Paint","Centennial Puzzle","Damaru","Bronze Scales","HornCleat","CloakClasp","Mango"],"acts_visited":["Exordium","TheCity","TheBeyond","TheEnding"],"potions_floor_usage":[56],"damage_taken":[{"damage":9.0,"enemies":"2 Louse","floor":1.0,"turns":3.0},{"damage":16.0,"enemies":"Small Slimes","floor":3.0,"turns":5.0},{"damage":0.0,"enemies":"Cultist","floor":4.0,"turns":3.0},{"damage":0.0,"enemies":"Looter","floor":5.0,"turns":2.0},{"damage":0.0,"enemies":"Lagavulin","floor":7.0,"turns":5.0},{"damage":7.0,"enemies":"Gremlin Gang","floor":10.0,"turns":9.0},{"damage":5.0,"enemies":"3 Sentries","floor":11.0,"turns":13.0},{"damage":2.0,"enemies":"Blue Slaver","floor":13.0,"turns":5.0},{"damage":37.0,"enemies":"Slime Boss","floor":16.0,"turns":8.0},{"damage":14.0,"enemies":"3 Byrds","floor":18.0,"turns":5.0},{"damage":0.0,"enemies":"Chosen","floor":20.0,"turns":3.0},{"damage":0.0,"enemies":"Snake Plant","floor":22.0,"turns":2.0},{"damage":9.0,"enemies":"Slavers","floor":23.0,"turns":14.0},{"damage":4.0,"enemies":"Centurion and Healer","floor":24.0,"turns":4.0},{"damage":0.0,"enemies":"Cultist and Chosen","floor":28.0,"turns":3.0},{"damage":0.0,"enemies":"Book of Stabbing","floor":30.0,"turns":3.0},{"damage":24.0,"enemies":"Collector","floor":33.0,"turns":4.0},{"damage":5.0,"enemies":"3 Shapes","floor":35.0,"turns":4.0},{"damage":0.0,"enemies":"3 Darklings","floor":36.0,"turns":4.0},{"damage":0.0,"enemies":"Jaw Worm Horde","floor":39.0,"turns":3.0},{"damage":0.0,"enemies":"Nemesis","floor":40.0,"turns":1.0},{"damage":0.0,"enemies":"Reptomancer","floor":42.0,"turns":1.0},{"damage":11.0,"enemies":"Writhing Mass","floor":44.0,"turns":3.0},{"damage":0.0,"enemies":"Giant Head","floor":45.0,"turns":3.0},{"damage":0.0,"enemies":"Spire Growth","floor":48.0,"turns":2.0},{"damage":1.0,"enemies":"Donu and Deca","floor":50.0,"turns":5.0},{"damage":43.0,"enemies":"Time Eater","floor":51.0,"turns":8.0},{"damage":2.0,"enemies":"Shield and Spear","floor":55.0,"turns":4.0},{"damage":84,"enemies":"The Heart","floor":56,"turns":9}],"seed_played":"6496347660844598653","potions_obtained":[{"floor":1.0,"key":"ColorlessPotion"},{"floor":7.0,"key":"BlessingOfTheForge"},{"floor":10.0,"key":"Dexterity Potion"},{"floor":11.0,"key":"Dexterity Potion"},{"floor":18.0,"key":"SteroidPotion"},{"floor":22.0,"key":"Weak Potion"},{"floor":33.0,"key":"Weak Potion"}],"is_trial":false,"path_per_floor":["M","$","M","M","M","R","E","?","T","M","E","?","M","?","R","B",null,"M","?","M","?","M","E","M","R","T","R","M","$","E","?","R","B",null,"M","M","$","?","M","E","R","E","T","M","E","R","$","M","R","B","B",null,"R","$","E","B",null],"character_chosen":"WATCHER","items_purchased":["ThirdEye","Tantrum+1","Bag of Preparation","Membership Card","Bag of Marbles","Bronze Scales","HornCleat","CloakClasp"],"campfire_rested":4,"item_purchase_floors":[2,29,29,37,37,47,47,54],"current_hp_per_floor":[52,52,36,36,36,36,36,36,36,29,24,46,44,44,44,7,53,39,39,39,39,39,30,26,26,26,46,46,46,46,21,41,17,55,50,50,50,50,50,50,50,50,50,39,39,59,59,59,59,58,15,55,68,68,80,38],"gold":79,"neow_bonus":"THREE_RARE_CARDS","is_daily":false,"chose_seed":false,"campfire_upgraded":4,"win_rate":0.0,"timestamp":1611597108,"path_taken":["M","$","M","M","M","R","E","?","T","M","E","?","M","?","R","BOSS","M","?","M","?","?","E","M","R","T","R","M","$","E","?","R","BOSS","M","?","$","?","M","E","R","E","T","?","E","R","$","M","R","BOSS","BOSS","R","$","E","BOSS"],"items_purchased_type":["Card","Card","Relic","Relic","Relic","Relic","Relic","Relic"],"build_version":"2020-12-22","purchased_purges":3,"victory":true,"max_hp_per_floor":[68,68,68,68,68,68,68,68,68,68,68,68,68,68,68,68,68,68,68,68,68,68,68,68,68,68,68,68,68,68,68,68,68,68,68,68,68,68,68,68,68,68,68,68,68,68,68,68,68,68,68,68,68,68,82,82],"relic_stats":{"counters":[29,138],"Blue Candle":[1],"PreservedInsect":401,"Bag of Preparation":[28],"CloakClasp":[33],"War Paint":["Collect","InnerPeace"],"Cursed Key":2,"Sozu":3,"Lizard Tail":41,"Nunchaku":[17],"Centennial Puzzle":[15],"Gambling Chip":[65],"Bronze Scales":[132],"obtain_stats":[{"Ice Cream":9,"Blue Candle":23,"Damaru":45,"Mango":55,"PreservedInsect":19,"Bag of Preparation":29,"CloakClasp":54,"War Paint":42,"Cursed Key":17,"Sozu":34,"Lizard Tail":7,"Nunchaku":30,"Anchor":40,"Centennial Puzzle":43,"HornCleat":47,"Gambling Chip":8,"Bronze Scales":47,"Molten Egg 2":11,"Bag of Marbles":37,"Membership Card":37,"PureWater":0},{"Ice Cream":5,"Blue Candle":13,"Damaru":24,"Mango":28,"PreservedInsect":10,"Bag of Preparation":15,"CloakClasp":27,"War Paint":22,"Cursed Key":9,"Sozu":17,"Lizard Tail":5,"Nunchaku":16,"Anchor":21,"Centennial Puzzle":22,"HornCleat":24,"Gambling Chip":5,"Bronze Scales":24,"Molten Egg 2":7,"Bag of Marbles":19,"Membership Card":19,"PureWater":0},{"Ice Cream":18,"Blue Candle":77,"Damaru":110,"Mango":129,"PreservedInsect":58,"Bag of Preparation":84,"CloakClasp":125,"War Paint":104,"Cursed Key":53,"Sozu":91,"Lizard Tail":18,"Nunchaku":87,"Anchor":103,"Centennial Puzzle":104,"HornCleat":110,"Gambling Chip":18,"Bronze Scales":110,"Molten Egg 2":40,"Bag of Marbles":99,"Membership Card":99,"PureWater":0}]},"card_choices":[{"not_picked":["Omniscience","ConjureBlade"],"picked":"LessonLearned","floor":0.0},{"not_picked":["FlurryOfBlows","EmptyFist"],"picked":"Fasting2","floor":1.0},{"not_picked":["Adaptation","CarveReality"],"picked":"Halt","floor":3.0},{"not_picked":["Indignation","Worship"],"picked":"Evaluate","floor":4.0},{"not_picked":["WindmillStrike","Blasphemy"],"picked":"Wallop","floor":5.0},{"not_picked":["FlyingSleeves","ForeignInfluence"],"picked":"Halt","floor":7.0},{"not_picked":["WaveOfTheHand","EmptyBody"],"picked":"TalkToTheHand","floor":10.0},{"not_picked":["Pray","SashWhip+1"],"picked":"Prostrate","floor":11.0},{"not_picked":["CrushJoints+1","Halt"],"picked":"FlurryOfBlows+1","floor":13.0},{"not_picked":["LessonLearned+1","Establishment"],"picked":"Brilliance+1","floor":16.0},{"not_picked":["ReachHeaven+1","Crescendo"],"picked":"WheelKick+1","floor":18.0},{"not_picked":["Crescendo","PathToVictory"],"picked":"Prostrate","floor":20.0},{"not_picked":["LikeWater","ThirdEye"],"picked":"EmptyFist+1","floor":22.0},{"not_picked":["WheelKick+1","ReachHeaven+1","Alpha"],"picked":"SKIP","floor":23.0},{"not_picked":["Swivel","CarveReality+1"],"picked":"JustLucky+1","floor":24.0},{"not_picked":["Wireheading","ClearTheMind"],"picked":"Collect","floor":28.0},{"not_picked":["Halt","Prostrate","SashWhip+1"],"picked":"SKIP","floor":30.0},{"not_picked":["SpiritShield","LessonLearned+1"],"picked":"Vault","floor":33.0},{"not_picked":["DeceiveReality","CrushJoints+1"],"picked":"InnerPeace","floor":35.0},{"not_picked":["SignatureMove+1","CrushJoints+1"],"picked":"ClearTheMind+1","floor":36.0},{"not_picked":["CrushJoints+1","Worship"],"picked":"Nirvana","floor":39.0},{"not_picked":["Indignation+1","Nirvana"],"picked":"Tantrum+1","floor":40.0},{"not_picked":["Brilliance+1","EmptyBody"],"picked":"Wallop+1","floor":42.0},{"not_picked":["Evaluate","Prostrate"],"picked":"FlurryOfBlows+1","floor":44.0},{"not_picked":["ThirdEye","Meditate"],"picked":"Protect","floor":45.0},{"not_picked":["Prostrate","Worship","CrushJoints+1"],"picked":"SKIP","floor":48.0},{"not_picked":["SashWhip+1","Judgement"],"picked":"Study","floor":55.0}],"player_experience":1174094,"relics_obtained":[{"floor":7.0,"key":"Lizard Tail"},{"floor":9.0,"key":"Ice Cream"},{"floor":11.0,"key":"Molten Egg 2"},{"floor":23.0,"key":"Blue Candle"},{"floor":30.0,"key":"Nunchaku"},{"floor":40.0,"key":"Anchor"},{"floor":42.0,"key":"War Paint"},{"floor":43.0,"key":"Centennial Puzzle"},{"floor":45.0,"key":"Damaru"},{"floor":55.0,"key":"Mango"}],"event_choices":[{"damage_healed":0.0,"max_hp_gain":0.0,"max_hp_loss":0.0,"gold_gain":30.0,"event_name":"Dead Adventurer","player_choice":"Searched \u00272\u0027 times","floor":8.0,"gold_loss":0.0,"damage_taken":0.0,"relics_obtained":["Gambling Chip"]},{"damage_healed":22.0,"max_hp_gain":0.0,"max_hp_loss":0.0,"gold_gain":0.0,"event_name":"Big Fish","player_choice":"Banana","floor":12.0,"gold_loss":0.0,"damage_taken":0.0},{"damage_healed":0.0,"max_hp_gain":0.0,"max_hp_loss":0.0,"gold_gain":0.0,"event_name":"Liars Game","player_choice":"Ignored","floor":14.0,"gold_loss":0.0,"damage_taken":0.0},{"damage_healed":0.0,"max_hp_gain":0.0,"max_hp_loss":0.0,"gold_gain":0.0,"event_name":"Addict","player_choice":"Obtained Relic","floor":19.0,"gold_loss":85.0,"damage_taken":0.0,"relics_obtained":["PreservedInsect"]},{"cards_removed":["Strike_P"],"damage_healed":0.0,"max_hp_gain":0.0,"max_hp_loss":0.0,"gold_gain":0.0,"event_name":"Purifier","player_choice":"Purged","floor":21.0,"gold_loss":0.0,"damage_taken":0.0},{"damage_healed":0.0,"max_hp_gain":0.0,"max_hp_loss":0.0,"gold_gain":180.0,"event_name":"Knowing Skull","player_choice":"CARD GOLD GOLD ","floor":31.0,"potions_obtained":[],"gold_loss":0.0,"damage_taken":25.0,"cards_obtained":["Discovery"]},{"damage_healed":0.0,"max_hp_gain":0.0,"max_hp_loss":0.0,"gold_gain":275.0,"event_name":"Golden Shrine","player_choice":"Desecrate","floor":38.0,"gold_loss":0.0,"damage_taken":0.0,"cards_obtained":["Regret"]}],"is_beta":false,"boss_relics":[{"not_picked":["Astrolabe","Coffee Dripper"],"picked":"Cursed Key"},{"not_picked":["Empty Cage","Philosopher\u0027s Stone"],"picked":"Sozu"}],"items_purged_floors":[2,29,47],"is_endless":false,"potions_floor_spawned":[1,7,10,11,18,22,28,30,33,35,39,40],"ascension_level":20}}