{"host":"359hz4210ybch7ku","time":1611537937,"event":{"mods":["BaseMod","Block Reminder","Colored Map","Colored Powertips","Highlight Path","Minty Spire (QoL Compilation)","Slay the Relics Exporter","StSLib"],"gold_per_floor":[114,128,147,147,166,166,186,186,210,247,259,271,271],"floor_reached":12,"language":"ENG","playtime":618,"items_purged":[],"score":96,"play_id":"d7a4fdd3-a3d8-4231-83d1-4b5cba89a7eb","local_time":"20210124172537","is_ascension_mode":true,"campfire_choices":[{"data":"Rampage","floor":6,"key":"SMITH"},{"data":"Headbutt","floor":8,"key":"SMITH"}],"circlet_count":0,"master_deck":["Strike_R","Strike_R","Strike_R","Strike_R","Defend_R","Defend_R","Defend_R","Bash","Dual Wield","Headbutt+1","Rampage+1"],"relics":["Burning Blood","MawBank","Nunchaku"],"acts_visited":["Exordium"],"potions_floor_usage":[10,12],"damage_taken":[{"damage":8,"enemies":"Jaw Worm","floor":1,"turns":4},{"damage":1,"enemies":"Cultist","floor":2,"turns":3},{"damage":7,"enemies":"2 Louse","floor":3,"turns":3},{"damage":19,"enemies":"Blue Slaver","floor":5,"turns":4},{"damage":17,"enemies":"2 Fungi Beasts","floor":7,"turns":4},{"damage":20,"enemies":"Lagavulin","floor":10,"turns":6},{"damage":25,"enemies":"3 Sentries","floor":12,"turns":3}],"seed_played":"-7407452198320185217","potions_obtained":[{"floor":1,"key":"Weak Potion"},{"floor":5,"key":"LiquidMemories"},{"floor":10,"key":"PowerPotion"}],"is_trial":false,"path_per_floor":["M","M","M","?","M","R","M","R","T","E","$","E"],"character_chosen":"IRONCLAD","items_purchased":[],"campfire_rested":0,"item_purchase_floors":[],"current_hp_per_floor":[54,59,58,58,45,45,34,34,34,20,20,0,0],"gold":271,"neow_bonus":"REMOVE_TWO","is_daily":false,"chose_seed":false,"campfire_upgraded":2,"win_rate":0.0,"timestamp":1611537937,"path_taken":["M","M","M","?","M","R","?","R","T","E","$","E"],"items_purchased_type":[],"build_version":"2020-12-22","purchased_purges":0,"victory":false,"max_hp_per_floor":[80,80,80,80,80,80,80,80,80,80,80,80,80],"card_choices":[{"not_picked":["Perfected Strike","Pummel"],"picked":"Dual Wield","floor":1},{"not_picked":["Armaments","Second Wind","Sword Boomerang"],"picked":"SKIP","floor":2},{"not_picked":["Iron Wave","Sword Boomerang"],"picked":"Headbutt","floor":3},{"not_picked":["Havoc","Heavy Blade"],"picked":"Rampage","floor":5},{"not_picked":["Armaments","Havoc","Clothesline"],"picked":"SKIP","floor":7},{"not_picked":["Sever Soul","True Grit","Body Slam"],"picked":"SKIP","floor":10}],"player_experience":284692,"relics_obtained":[{"floor":9,"key":"MawBank"},{"floor":10,"key":"Nunchaku"}],"event_choices":[{"damage_healed":0,"gold_gain":0,"player_choice":"Bought 0 Potions","damage_taken":0,"max_hp_gain":0,"max_hp_loss":0,"event_name":"The Woman in Blue","floor":4,"gold_loss":0}],"is_beta":false,"boss_relics":[],"items_purged_floors":[],"is_endless":false,"potions_floor_spawned":[1,5,10],"killed_by":"3 Sentries","ascension_level":4}}