{"host":"z8galgznf6llawpn","time":1611611716,"event":{"mods":["AchievementEnabler","Act Like it!","Aspiration","BaseMod","Better Match","Better Note","Better Third Choice","Colored Map","Defuse TimeMaze Blight","Energized Spire","Friendly Minions","GifTheSpireLib","Halation","Hubris","Minty Spire (QoL Compilation)","Permanent Neow","Replay The Spire","Somnambulant","StSLib","Stuff the Spire","Unceasing Turn Reminder"],"gold_per_floor":[118,118,143,152,152,194,194,217,226,261,261,305,87,108,108,213,213,234,234,234,234,245,285,285,321,321,360,360,369,411,484,484,668,668,730,815,815,841,841,971,971,1067,1093,1093,1207,1268,1268,1435,1435,1520,1520,1520,430,519,634],"floor_reached":56,"language":"ENG","playtime":6726,"items_purged":["somnambulantmod: SomnambulantStrike"],"score":1453,"play_id":"d1a5ebc2-4bb4-46e8-b972-56af043b6c34","local_time":"20210125165516","is_ascension_mode":true,"campfire_choices":[{"floor":7,"key":"REST"},{"floor":15,"key":"REST"},{"floor":24,"key":"REST"},{"floor":28,"key":"REST"},{"floor":32,"key":"REST"},{"floor":41,"key":"REST"},{"floor":44,"key":"REST"},{"floor":47,"key":"RECALL"},{"floor":49,"key":"REST"},{"floor":52,"key":"REST"}],"circlet_count":0,"master_deck":["somnambulantmod: SomnambulantStrike+1","somnambulantmod: SomnambulantStrike","somnambulantmod: SomnambulantStrike+1","somnambulantmod: Defend_Somnambulant","somnambulantmod: Defend_Somnambulant+1","somnambulantmod: Defend_Somnambulant+1","somnambulantmod: Defend_Somnambulant+1","somnambulantmod: Defend_Somnambulant","somnambulantmod: QuickNap+1","somnambulantmod: PrimingPunch+1","somnambulantmod: TrepanningBlow+1","somnambulantmod: Reject+1","hubris:DuctTapeCard+2","somnambulantmod: BadIdea","somnambulantmod: DeeperSleep+1","somnambulantmod: Narcolepsy+1","somnambulantmod: Narcolepsy+1","somnambulantmod: Blink+1","somnambulantmod: SomnambulantStrike","somnambulantmod: LightSleeper+1","somnambulantmod: LoseForm+1","somnambulantmod: Trauma+1","StuffTheSpire:Brawn+1","somnambulantmod: HappyThoughts+1","somnambulantmod: LoseForm+1","somnambulantmod: MuscleMemory+1","somnambulantmod: LayeredDefense+1","somnambulantmod: LightSleeper","somnambulantmod: Refracture","somnambulantmod: SleepParalysis","somnambulantmod: HorrificThought+1","somnambulantmod: TimeCompression+1","Apotheosis+1","somnambulantmod: Narcolepsy+1","somnambulantmod: HeavyLids"],"relics":["somnambulantmod: DreamJournal","CeramicFish","halation:PinkSoulGem","StuffTheSpire:RedRose","Tiny Chest","hubris:DuctTape","Replay:Baseball","Onion Ring","Lee\u0027s Waffle","Ring of Chaos","StuffTheSpire:Mouthbags","MealTicket","Replay:Rubber Ducky","halation:SelfBoilingWater","Anchor","Gremlin Food","Replay:Bandana","Honey Jar","hubris:Towel","StuffTheSpire:ForceGauntlet","aspiration:HatOfInfinitePower","Bag of Preparation","StuffTheSpire:SapphireSignet","Golden Egg","Replay:Bottled Steam","Toolbox","somnambulantmod: MemoryHouse"],"acts_visited":["Exordium","TheCity","TheBeyond","TheEnding"],"potions_floor_usage":[10,23,23],"damage_taken":[{"damage":14,"enemies":"Cultist","floor":1,"turns":6},{"damage":0,"enemies":"2 Louse","floor":3,"turns":2},{"damage":10,"enemies":"Gremlin Nob","floor":6,"turns":3},{"damage":2,"enemies":"Jaw Worm","floor":8,"turns":4},{"damage":11,"enemies":"3 Sentries","floor":10,"turns":6},{"damage":24,"enemies":"Lagavulin","floor":12,"turns":7},{"damage":0,"enemies":"Gremlin Gang","floor":14,"turns":5},{"damage":14,"enemies":"The Guardian","floor":16,"turns":9},{"damage":7,"enemies":"3 Byrds","floor":18,"turns":4},{"damage":29,"enemies":"Chosen","floor":22,"turns":8},{"damage":7,"enemies":"Gremlin Leader","floor":23,"turns":9},{"damage":1,"enemies":"Replay:Snechameleon","floor":25,"turns":5},{"damage":47,"enemies":"Gremlin Leader","floor":27,"turns":9},{"damage":0,"enemies":"Slavers","floor":30,"turns":1},{"damage":7,"enemies":"Centurion and Healer","floor":31,"turns":6},{"damage":13,"enemies":"Collector","floor":33,"turns":12},{"damage":0,"enemies":"Orb Walker","floor":35,"turns":5},{"damage":0,"enemies":"3 Darklings","floor":36,"turns":5},{"damage":0,"enemies":"Giant Head","floor":40,"turns":5},{"damage":0,"enemies":"Nemesis","floor":42,"turns":4},{"damage":0,"enemies":"Giant Head","floor":45,"turns":5},{"damage":0,"enemies":"Writhing Mass","floor":46,"turns":3},{"damage":0,"enemies":"Transient","floor":48,"turns":5},{"damage":0,"enemies":"Replay:Hell Engine","floor":50,"turns":7},{"damage":0,"enemies":"Shield and Spear","floor":54,"turns":3},{"damage":0,"enemies":"The Heart","floor":55,"turns":7}],"seed_played":"-3986631883182037799","potions_obtained":[{"floor":6,"key":"SkillPotion"},{"floor":12,"key":"Block Potion"},{"floor":16,"key":"Fire Potion"},{"floor":18,"key":"EssenceOfSteel"},{"floor":27,"key":"Fire Potion"},{"floor":35,"key":"GamblersBrew"},{"floor":40,"key":"Elixir"},{"floor":45,"key":"SmokeBomb"},{"floor":46,"key":"SkillPotion"},{"floor":54,"key":"Block Potion"}],"is_trial":false,"path_per_floor":["M","?","M","?","?","E","R","M","T","E","?","E","$","M","R","B",null,"M","T","T","?","M","E","R","E","T","E","R","?","E","M","R","B",null,"M","M","?","T","?","E","R","E","T","R","E","M","R","M","R","B",null,"R","$","E","B",null],"character_chosen":"THE_SOMNAMBULANT","items_purchased":["somnambulantmod: DeeperSleep","Lee\u0027s Waffle","Golden Egg","Apotheosis","Replay:Bottled Steam","somnambulantmod: Narcolepsy","Toolbox","Swift Potion"],"campfire_rested":9,"item_purchase_floors":[13,13,53,53,53,53,53,53],"current_hp_per_floor":[56,56,56,56,56,46,69,67,67,56,56,32,79,79,81,67,81,74,74,74,74,45,38,64,63,63,16,42,27,27,20,47,34,87,87,87,87,87,87,87,89,89,89,91,91,91,91,91,93,93,93,95,95,95,95],"gold":634,"neow_bonus":"RANDOM_COMMON_RELIC","is_daily":false,"chose_seed":false,"campfire_upgraded":0,"win_rate":0.0,"timestamp":1611611716,"path_taken":["M","?","M","?","?","E","R","?","T","E","?","E","$","M","R","BOSS","M","?","?","?","M","E","R","E","T","E","R","?","E","M","R","BOSS","M","M","?","?","?","E","R","E","T","R","E","M","R","M","R","BOSS","R","$","E","BOSS"],"items_purchased_type":["Card","Relic","Relic","Card","Relic","Card","Relic","Potion"],"build_version":"2020-12-22","purchased_purges":1,"victory":true,"max_hp_per_floor":[70,70,70,70,70,70,72,72,72,72,72,72,79,79,81,81,81,81,81,81,81,81,81,83,83,83,83,85,85,85,85,87,87,87,87,87,87,87,87,87,89,89,89,91,91,91,91,91,93,93,93,95,95,95,95],"card_choices":[{"not_picked":["somnambulantmod: Unknow","somnambulantmod: SnuggleUp"],"picked":"somnambulantmod: TrepanningBlow","floor":1},{"not_picked":["somnambulantmod: BrainFeeder","somnambulantmod: Wake"],"picked":"somnambulantmod: LeechFears","floor":3},{"not_picked":["somnambulantmod: Unknow","somnambulantmod: HeadSmack"],"picked":"somnambulantmod: Bruise","floor":6},{"not_picked":["somnambulantmod: Overshare","somnambulantmod: TrepanningBlow"],"picked":"somnambulantmod: Reject","floor":8},{"not_picked":["somnambulantmod: MindWave","somnambulantmod: TrepanningBlow","somnambulantmod: Nosebleed"],"picked":"SKIP","floor":10},{"not_picked":["somnambulantmod: DreamBig","somnambulantmod: HeavyLids"],"picked":"somnambulantmod: BadIdea","floor":12},{"not_picked":["somnambulantmod: Harden","somnambulantmod: BadIdea"],"picked":"somnambulantmod: Narcolepsy","floor":14},{"not_picked":["somnambulantmod: NightHaunts","somnambulantmod: Unburden"],"picked":"somnambulantmod: Narcolepsy","floor":16},{"not_picked":["somnambulantmod: MindWave","somnambulantmod: Reject"],"picked":"somnambulantmod: Blink+1","floor":18},{"not_picked":["somnambulantmod: Sleepyhead","somnambulantmod: RecurringDream","somnambulantmod: RacingThoughts+1"],"picked":"SKIP","floor":22},{"not_picked":["somnambulantmod: DarkeningMind+1","somnambulantmod: LeechFears"],"picked":"somnambulantmod: LightSleeper+1","floor":23},{"not_picked":["somnambulantmod: RecurringDream+1","somnambulantmod: Trauma"],"picked":"somnambulantmod: LoseForm","floor":25},{"not_picked":["somnambulantmod: Remember","somnambulantmod: Relive"],"picked":"somnambulantmod: Trauma","floor":27},{"not_picked":["somnambulantmod: Hush","somnambulantmod: DreamBig"],"picked":"somnambulantmod: HappyThoughts+1","floor":30},{"not_picked":["somnambulantmod: MindWave+1","somnambulantmod: LeechFears","somnambulantmod: Unknow+1"],"picked":"SKIP","floor":31},{"not_picked":["somnambulantmod: NightHaunts","somnambulantmod: NewDawn"],"picked":"somnambulantmod: LoseForm","floor":33},{"not_picked":["somnambulantmod: Blink","somnambulantmod: PillowFort","somnambulantmod: HeavyLids"],"picked":"somnambulantmod: MuscleMemory+1","floor":35},{"not_picked":["somnambulantmod: Unknow+1","somnambulantmod: BadIdea","somnambulantmod: Reject+1"],"picked":"somnambulantmod: LayeredDefense+1","floor":36},{"not_picked":["somnambulantmod: Unmake+1","somnambulantmod: Trauma","somnambulantmod: TrepanningBlow"],"picked":"somnambulantmod: LightSleeper","floor":40},{"not_picked":["somnambulantmod: Nosebleed+1","somnambulantmod: HeavyLids+1","somnambulantmod: LeechFears+1"],"picked":"somnambulantmod: Refracture","floor":42},{"not_picked":["somnambulantmod: BadIdea","somnambulantmod: Cower+1","somnambulantmod: Overshare"],"picked":"somnambulantmod: SleepParalysis","floor":45},{"not_picked":["somnambulantmod: BrainFeeder","somnambulantmod: AllForNothing+1","somnambulantmod: Repression"],"picked":"somnambulantmod: HorrificThought+1","floor":46},{"not_picked":["somnambulantmod: RacingThoughts","somnambulantmod: Extract+1","somnambulantmod: ShowerThought"],"picked":"somnambulantmod: TimeCompression+1","floor":48},{"not_picked":["somnambulantmod: ViralIdea+1","somnambulantmod: Amnausea","somnambulantmod: Wake"],"picked":"somnambulantmod: HeavyLids","floor":54}],"player_experience":394010,"relics_obtained":[{"floor":6,"key":"Tiny Chest"},{"floor":9,"key":"hubris:DuctTape"},{"floor":10,"key":"Replay:Baseball"},{"floor":12,"key":"Onion Ring"},{"floor":19,"key":"StuffTheSpire:Mouthbags"},{"floor":20,"key":"MealTicket"},{"floor":23,"key":"Replay:Rubber Ducky"},{"floor":25,"key":"halation:SelfBoilingWater"},{"floor":26,"key":"Anchor"},{"floor":27,"key":"Gremlin Food"},{"floor":30,"key":"Replay:Bandana"},{"floor":40,"key":"StuffTheSpire:ForceGauntlet"},{"floor":42,"key":"aspiration:HatOfInfinitePower"},{"floor":43,"key":"Bag of Preparation"},{"floor":45,"key":"StuffTheSpire:SapphireSignet"},{"floor":54,"key":"somnambulantmod: MemoryHouse"}],"event_choices":[{"cards_removed":["Regret"],"damage_healed":0,"gold_gain":0,"player_choice":"Removed Curses","damage_taken":0,"max_hp_gain":0,"max_hp_loss":0,"event_name":"Fountain of Cleansing","floor":5,"gold_loss":0},{"damage_healed":0,"gold_gain":0,"player_choice":"Upgraded","damage_taken":0,"max_hp_gain":0,"max_hp_loss":0,"event_name":"Upgrade Shrine","floor":11,"gold_loss":0,"cards_upgraded":["somnambulantmod: Reject"]}],"is_beta":false,"boss_relics":[{"not_picked":["ChewingGum","aspiration:RitualDagger"],"picked":"Ring of Chaos"},{"not_picked":["aspiration:WatcherSkillbook","hubris:GrandSneckoEye"],"picked":"Honey Jar"}],"items_purged_floors":[53],"is_endless":false,"potions_floor_spawned":[6,12,16,18,22,27,35,40,45,46,54],"ascension_level":1}}