{"host":"nb3r5a3er9rrnn3n","time":1611546078,"event":{"mods":["BaseMod","Colored Map","Downfall","Minty Spire (QoL Compilation)","Spire Arcade","StSLib"],"gold_per_floor":[0,14,65,78,78,96,122,30,205,221,237,3,3,31,59,169,169,169],"floor_reached":16,"language":"ENG","playtime":962,"items_purged":["Doubt"],"score":212,"play_id":"fd9b8512-8808-4fe8-a41a-5c77f715eb33","local_time":"20210125144118","is_ascension_mode":true,"campfire_choices":[{"data":"bronze:Break","floor":1,"key":"SMITH"},{"data":"bronze:Repulsor","floor":13,"key":"SMITH"}],"circlet_count":0,"master_deck":["bronze:Strike","bronze:Strike","bronze:Strike","bronze:Strike","bronze:Defend","bronze:Defend","bronze:Defend","bronze:Defend","bronze:Replicate","bronze:Goto","bronze:Break+1","bronze:Repulsor+1","bronze:Shield","bronze:ItsAFeature","bronze:AlphaBuild","bronze:MaxOutput","bronze:GetLatest","bronze:FunctionCard"],"relics":["bronze:BronzeCore","Guardian:PocketSentry","champ:DuelingGlove","Lantern","MawBank"],"acts_visited":["Exordium"],"potions_floor_usage":[11,14,16],"damage_taken":[{"damage":0,"enemies":"Cultist","floor":2,"turns":2},{"damage":0,"enemies":"Jaw Worm","floor":4,"turns":2},{"damage":1,"enemies":"2 Louse","floor":6,"turns":2},{"damage":5,"enemies":"downfall:FleeingMerchant","floor":8,"turns":4},{"damage":0,"enemies":"3 Louse","floor":10,"turns":2},{"damage":4,"enemies":"Gremlin Gang","floor":11,"turns":3},{"damage":5,"enemies":"downfall:FleeingMerchant","floor":12,"turns":4},{"damage":0,"enemies":"Lagavulin","floor":14,"turns":3},{"damage":0,"enemies":"Blue Slaver","floor":15,"turns":1},{"damage":38,"enemies":"DF_ARCHETYPE_STREAMLINE","floor":16,"turns":14}],"seed_played":"1809819483109917485","potions_obtained":[{"floor":6,"key":"Explosive Potion"},{"floor":10,"key":"AttackPotion"},{"floor":14,"key":"Explosive Potion"}],"is_trial":false,"path_per_floor":["R","M","T","M","T","M","T","$","?","M","M","$","R","E","M","B"],"character_chosen":"THE_AUTOMATON","items_purchased":["bronze:Hardcode","Lantern"],"campfire_rested":0,"item_purchase_floors":[8,12],"current_hp_per_floor":[70,70,70,70,70,69,69,64,64,64,60,55,55,55,55,17,17,17],"gold":169,"neow_bonus":"THREE_RARE_CARDS","is_daily":false,"chose_seed":false,"campfire_upgraded":2,"win_rate":0.0,"timestamp":1611546078,"path_taken":["R","M","?","M","?","M","T","$","?","M","M","$","R","E","M","BOSS"],"items_purchased_type":["Card","Relic"],"build_version":"2020-12-22","purchased_purges":1,"victory":false,"max_hp_per_floor":[70,70,70,70,70,70,70,70,70,70,70,70,70,70,70,70,70,70],"card_choices":[{"not_picked":["bronze:TinkerersToolbox","bronze:CleanCode"],"picked":"bronze:Break","floor":0},{"not_picked":["bronze:FineTuning","bronze:Iterate"],"picked":"bronze:Repulsor","floor":2},{"not_picked":["bronze:ChildClass","bronze:FineTuning"],"picked":"bronze:Shield","floor":4},{"not_picked":["bronze:Refactor","bronze:DarkDash"],"picked":"bronze:ItsAFeature","floor":6},{"not_picked":["bronze:Shield","bronze:DelayedGuard"],"picked":"bronze:AlphaBuild","floor":8},{"not_picked":["bronze:Separator","bronze:BugBarrage"],"picked":"bronze:MaxOutput","floor":10},{"not_picked":["bronze:DelayedGuard","bronze:WhirlingStrike","bronze:Boost"],"picked":"SKIP","floor":11},{"not_picked":["bronze:OilSpill","bronze:Refactor","bronze:FineTuning"],"picked":"SKIP","floor":12},{"not_picked":["bronze:Frontload","bronze:BronzeArmor"],"picked":"bronze:GetLatest","floor":14},{"not_picked":["bronze:FineTuning","bronze:Overload","bronze:Branch"],"picked":"SKIP","floor":15}],"player_experience":1933307,"relics_obtained":[{"floor":3,"key":"Guardian:PocketSentry"},{"floor":5,"key":"champ:DuelingGlove"},{"floor":14,"key":"MawBank"}],"event_choices":[],"is_beta":false,"boss_relics":[],"items_purged_floors":[12],"is_endless":false,"potions_floor_spawned":[6,10,14],"killed_by":"DF_ARCHETYPE_STREAMLINE","ascension_level":4}}