{"host":"xj2wyr3bqqv4irjd","time":1611582726,"event":{"mods":["Act Like it!","Aspiration","BaseMod","Gensokyo","Koishi","Lobotomy","LobotomyExtend","Marisa£®ÏF”Í°°ƒß¿Ì…≥£©","Minty Spire (QoL Compilation)","Quick Restart","Rare Cards Sparkle","Reimu£®≤©¿ˆ¡È√Œ£©","Remilia£®¿Ÿ√◊¿Ú—«£©","Replay The Spire","SIMod","StSLib","The Alterego","The Servant 0.9.4","WarShipGirlsR/’ΩΩ¢…Ÿ≈ÆR mod","Yakumo Yukari mod","Youmu£®ªÍ∆«—˝√Œ£©"],"gold_per_floor":[118,133,58,58,53,53,87,87,87,156,156,156],"floor_reached":11,"language":"ZHS","playtime":557,"items_purged":["Strike_S"],"score":92,"play_id":"759174e8-6f9e-4234-b5fb-f0894c4e47db","local_time":"20210125215206","is_ascension_mode":true,"campfire_choices":[{"data":"InstantArmor","floor":6.0,"key":"SMITH"},{"data":"FanOfKnives","floor":8.0,"key":"SMITH"}],"circlet_count":0,"master_deck":["Strike_S","Strike_S","Defend_S","Defend_S","Defend_S","Defend_S","KidneyShot","Exchange","InstantArmor+1","StarChef+1","FanOfKnives+1"],"relics":["Uniform","LetterFromLob","SsserpentHead","Iron Hammer","Pear"],"acts_visited":["Exordium"],"potions_floor_usage":[],"damage_taken":[{"damage":0.0,"enemies":"Jaw Worm","floor":1.0,"turns":6.0},{"damage":0.0,"enemies":"Cultist","floor":2.0,"turns":4.0},{"damage":31.0,"enemies":"Gremlin Nob","floor":7.0,"turns":6.0},{"damage":0.0,"enemies":"2 Louse","floor":10.0,"turns":1.0},{"damage":39,"enemies":"3 Sentries","floor":11,"turns":12}],"seed_played":"3268812323033512896","potions_obtained":[{"floor":2.0,"key":"Weak Potion"}],"is_trial":false,"path_per_floor":["M","M","$","?","$","R","E","R","T","M","E"],"character_chosen":"THE_SERVANT","items_purchased":["StarChef+1"],"campfire_rested":0,"item_purchase_floors":[5],"current_hp_per_floor":[59,59,59,59,59,59,28,28,38,38,0,0],"gold":156,"neow_bonus":"REMOVE_CARD","is_daily":false,"chose_seed":false,"campfire_upgraded":2,"win_rate":0.0,"timestamp":1611582726,"path_taken":["M","M","$","?","?","R","E","R","T","?","E"],"items_purchased_type":["Card"],"build_version":"2020-12-22","purchased_purges":1,"victory":false,"max_hp_per_floor":[65,65,65,65,65,65,65,65,75,75,75,75],"card_choices":[{"not_picked":["Spin","Ricochet"],"picked":"InstantArmor","floor":1.0},{"not_picked":["Defy","BestPractice","Alleviate"],"picked":"SKIP","floor":2.0},{"not_picked":["TrueSight","Starlight"],"picked":"FanOfKnives","floor":7.0},{"not_picked":["Collapse","Moondial","Revamp"],"picked":"SKIP","floor":10.0}],"player_experience":586317,"relics_obtained":[{"floor":1.0,"key":"LetterFromLob"},{"floor":7.0,"key":"Iron Hammer"},{"floor":9.0,"key":"Pear"}],"event_choices":[{"damage_healed":0.0,"max_hp_gain":0.0,"max_hp_loss":0.0,"gold_gain":0.0,"event_name":"FaceTrader","player_choice":"Trade","floor":4.0,"gold_loss":0.0,"damage_taken":0.0,"relics_obtained":["SsserpentHead"]}],"is_beta":false,"boss_relics":[],"items_purged_floors":[3],"is_endless":false,"potions_floor_spawned":[2],"killed_by":"3 Sentries","ascension_level":6}}