{"host":"323inwdaz59hfocs","time":1611589359,"event":{"mods":["AchievementEnabler","BaseMod","BetterRewards","Colored Powertips","Conspire","Good Game Mod","Minty Spire (QoL Compilation)","Relic Stats","Replay The Spire","Shop Mod","StSLib","SuperFastMode","The Construct","The Cursed","The Gatherer","The Poker Player","Thieving Mod","[GremlinLeader]The Maniac","óô»ðÖ¸ÄÏ"],"gold_per_floor":[119,137,137,154,54,54,81,97,121,121,131,231,231,249,249,345,345,358,358,209,224,234,269,269,269,269,296,315,327,339,339,153,252,252,265,265,265,240,240,267,188,204,230,262,262,262,187,198,44,44,44,14,14,40,40],"floor_reached":56,"language":"ZHS","playtime":7596,"items_purged":["Defend_G","Strike_G","Defend_G","Strike_G","Strike_G","Strike_G","Writhe","ReplayTheSpireMod:Tripwire+1"],"score":1703,"play_id":"970762eb-4f47-41da-b270-418f23e903ee","local_time":"20210125234239","is_ascension_mode":true,"campfire_choices":[{"data":"Well Laid Plans","floor":6.0,"key":"SMITH"},{"data":"Flechettes","floor":15.0,"key":"SMITH"},{"floor":24.0,"key":"RECALL"}],"circlet_count":0,"master_deck":["Defend_G+1","Defend_G+1","Survivor+1","Neutralize+1","Calculated Gamble+1","Acrobatics+1","ReplayUltimateDefense+1","Master of Strategy+1","Metamorphosis+1","Well Laid Plans+1","Backflip+1","Corpse Explosion+1","Slice+1","Outmaneuver+1","Outmaneuver+1","Quick Slash+1","Flechettes+1","DevaForm+1","Backstab+1","Doppelganger+1","Malaise+1","Footwork+1","Burst+1","Skewer+1","Backstab+1","Fluid Movement+1","Calculated Gamble+1","ReplayTheSpireMod:Private Reserves","ReplayTheSpireMod:Private Reserves","Footwork+1"],"relics":["Ring of the Serpent","REME:ComplimentaryCards","Kunai","Guide Book","White Beast Statue","Ninja Scroll","conspire:TreasureMap","Incense Burner","Lantern","Chemical X","Paper Crane","Gremlin Horn","ReplayTheSpireMod:Ninjato","Membership Card","Blue Doll","Orrery","Quantum Egg","MealTicket","Lee\u0027s Waffle","Replay:Bottled Eggs","Oddly Smooth Stone","Golden Egg","ReplayTheSpireMod:ShopPack","Replay:Baseball","ReplayTheSpireMod:Shallot","Sling","Potion Belt","conspire:SlowCooker","Torii","conspire:Dentures","Tough Bandages","Bag of Marbles","TwistedFunnel","Mark of the Bloom","Bag of Preparation","BargainBundle","construct:BoolHorns","Happy Flower","ReplayTheSpireMod:Lightbulb","Garlic","TheAbacus","Thread and Needle","Blood Vial"],"acts_visited":["Exordium","TheCity","TheBeyond","TheEnding"],"potions_floor_usage":[33,38,40,44,55,55,55,55],"damage_taken":[{"damage":0.0,"enemies":"Jaw Worm","floor":1.0,"turns":3.0},{"damage":0.0,"enemies":"Cultist","floor":2.0,"turns":2.0},{"damage":3.0,"enemies":"conspire:RoseBush","floor":4.0,"turns":2.0},{"damage":0.0,"enemies":"3 Sentries","floor":7.0,"turns":1.0},{"damage":0.0,"enemies":"2 Fungi Beasts","floor":8.0,"turns":1.0},{"damage":0.0,"enemies":"Exordium Wildlife","floor":11.0,"turns":1.0},{"damage":0.0,"enemies":"Looter","floor":14.0,"turns":1.0},{"damage":0.0,"enemies":"Fading Forest","floor":16.0,"turns":11.0},{"damage":3.0,"enemies":"3 Byrds","floor":18.0,"turns":3.0},{"damage":0.0,"enemies":"Spheric Guardian","floor":21.0,"turns":2.0},{"damage":0.0,"enemies":"3 Cultists","floor":22.0,"turns":2.0},{"damage":0.0,"enemies":"Book of Stabbing","floor":23.0,"turns":3.0},{"damage":0.0,"enemies":"Slavers","floor":27.0,"turns":6.0},{"damage":0,"enemies":"Snecko","floor":28,"turns":4},{"damage":0,"enemies":"Snake Plant","floor":29,"turns":2},{"damage":0,"enemies":"3 Cultists","floor":30,"turns":5},{"damage":1,"enemies":"Collector","floor":33,"turns":6},{"damage":0,"enemies":"Orb Walker","floor":35,"turns":1},{"damage":0,"enemies":"R_Hoarder","floor":40,"turns":4},{"damage":0,"enemies":"3 Darklings","floor":42,"turns":1},{"damage":0,"enemies":"Reptomancer","floor":44,"turns":3},{"damage":0,"enemies":"Spire Growth","floor":48,"turns":2},{"damage":0,"enemies":"Awakened One","floor":50,"turns":5},{"damage":0,"enemies":"Shield and Spear","floor":54,"turns":2},{"damage":10,"enemies":"The Heart","floor":55,"turns":8}],"seed_played":"18299397836744365","potions_obtained":[{"floor":1.0,"key":"Flashbang"},{"floor":2.0,"key":"Cursed Concoction"},{"floor":4.0,"key":"Weak Potion"},{"floor":7.0,"key":"Languid Potion"},{"floor":8.0,"key":"Dexterity Potion"},{"floor":11.0,"key":"Fire Potion"},{"floor":14.0,"key":"Fire Potion"},{"floor":16.0,"key":"Fire Potion"},{"floor":18.0,"key":"Dexterity Potion"},{"floor":27.0,"key":"ThievingMod:ThievingPotion"},{"floor":44,"key":"AttackPotion"}],"is_trial":false,"path_per_floor":["M","M","?","M","$","R","E","M","T","$","M","?","$","M","R","B",null,"M","?","$","M","M","E","R","?","T","E","M","M","M","?","R","B",null,"M","?","?","$","?","E","R","M","T","E","R","?","R","M","R","B",null,"R","$","E","B",null],"character_chosen":"THE_SILENT","items_purchased":["Kunai","Calculated Gamble","Acrobatics","ReplayUltimateDefense","Guide Book","Master of Strategy","White Beast Statue","Ninja Scroll","conspire:TreasureMap","Incense Burner","Lantern","Chemical X","Paper Crane","Metamorphosis","Gremlin Horn","ReplayTheSpireMod:Ninjato","Membership Card","Blue Doll","Well Laid Plans","Orrery","Quantum Egg","MealTicket","Corpse Explosion","ReplayTheSpireMod:Tripwire+1","Lee\u0027s Waffle","Replay:Bottled Eggs","Oddly Smooth Stone","Golden Egg","ReplayTheSpireMod:ShopPack","Replay:Baseball","ReplayTheSpireMod:Shallot","Sling","Slice+1","Outmaneuver","Torii","TwistedFunnel","Block Potion","Happy Flower","TheAbacus","Thread and Needle","ReplayTheSpireMod:Private Reserves"],"campfire_rested":0,"item_purchase_floors":[0,0,0,0,0,0,0,0,0,0,0,0,0,0,0,0,0,0,0,0,0,0,0,0,0,0,0,0,0,0,0,0,0,0,20,32,38,41,47,49,52],"current_hp_per_floor":[77,77,77,74,77,77,77,77,77,77,77,77,77,77,77,77,77,74,60,75,75,75,75,75,75,75,75,75,75,75,75,75,74,82,82,82,82,82,82,82,82,82,82,82,82,82,82,82,82,82,82,82,82,82,72],"gold":40,"neow_bonus":"","is_daily":false,"chose_seed":false,"campfire_upgraded":2,"win_rate":0.0,"timestamp":1611589359,"path_taken":["M","M","?","M","?","R","E","M","T","$","?","?","$","M","R","BOSS","M","?","$","M","M","E","R","?","T","E","M","?","M","?","R","BOSS","M","?","?","$","?","E","R","M","T","E","R","?","R","M","R","BOSS","R","$","E","BOSS"],"items_purchased_type":["Relic","Card","Card","Card","Relic","Card","Relic","Relic","Relic","Relic","Relic","Relic","Relic","Card","Relic","Relic","Relic","Relic","Card","Relic","Relic","Relic","Card","Card","Relic","Relic","Relic","Relic","Relic","Relic","Relic","Relic","Card","Card","Relic","Relic","Potion","Relic","Relic","Relic","Card"],"build_version":"2020-12-22","purchased_purges":8,"victory":true,"max_hp_per_floor":[77,77,77,77,77,77,77,77,77,77,77,77,77,77,77,77,77,77,82,82,82,82,82,82,82,82,82,82,82,82,82,82,82,82,82,82,82,82,82,82,82,82,82,82,82,82,82,82,82,82,82,82,82,82,82],"relic_stats":{"Lee\u0027s Waffle":39,"Mark of the Bloom":114,"Gremlin Horn":[17,18],"Torii":0,"Happy Flower":[7],"counters":[25,81],"Bag of Preparation":[7],"Blood Vial":0,"Tough Bandages":[342],"TheAbacus":[60],"MealTicket":18,"Kunai":[81],"Chemical X":[44],"obtain_stats":[{"TwistedFunnel":32,"Golden Egg":0,"Mark of the Bloom":37,"Gremlin Horn":0,"Sling":0,"Blood Vial":0,"Strawberry":0,"MealTicket":0,"Kunai":0,"conspire:Dentures":23,"conspire:TreasureMap":0,"Happy Flower":41,"Oddly Smooth Stone":0,"conspire:SlowCooker":17,"Paper Crane":0,"Replay:Baseball":0,"ReplayTheSpireMod:Shallot":0,"Ring of the Serpent":34,"Meat on the Bone":0,"construct:BoolHorns":40,"Lantern":0,"Torii":20,"Blue Doll":0,"Bag of Preparation":0,"Incense Burner":0,"Tough Bandages":26,"TheAbacus":47,"Ninja Scroll":0,"Chemical X":0,"Replay:Bottled Eggs":0,"Ring of the Snake":0,"Potion Belt":7,"Lee\u0027s Waffle":0,"BargainBundle":38,"ReplayTheSpireMod:Ninjato":0,"Quantum Egg":0,"Guide Book":0,"Thread and Needle":49,"White Beast Statue":0,"Peace Pipe":0,"REME:ComplimentaryCards":0,"Anchor":0,"Orrery":0,"Art of War":0,"Bag of Marbles":27,"Garlic":44,"Membership Card":0,"ReplayTheSpireMod:Lightbulb":43,"ReplayTheSpireMod:ShopPack":0},{"TwistedFunnel":16,"Golden Egg":0,"Mark of the Bloom":18,"Gremlin Horn":0,"Sling":0,"Blood Vial":0,"Strawberry":0,"MealTicket":0,"Kunai":0,"conspire:Dentures":12,"conspire:TreasureMap":0,"Happy Flower":19,"Oddly Smooth Stone":0,"conspire:SlowCooker":8,"Paper Crane":0,"Replay:Baseball":0,"ReplayTheSpireMod:Shallot":0,"Ring of the Serpent":17,"Meat on the Bone":0,"construct:BoolHorns":19,"Lantern":0,"Torii":9,"Blue Doll":0,"Bag of Preparation":0,"Incense Burner":0,"Tough Bandages":12,"TheAbacus":21,"Ninja Scroll":0,"Chemical X":0,"Replay:Bottled Eggs":0,"Ring of the Snake":0,"Potion Belt":4,"Lee\u0027s Waffle":0,"BargainBundle":18,"ReplayTheSpireMod:Ninjato":0,"Quantum Egg":0,"Guide Book":0,"Thread and Needle":22,"White Beast Statue":0,"Peace Pipe":0,"REME:ComplimentaryCards":0,"Anchor":0,"Orrery":0,"Art of War":0,"Bag of Marbles":13,"Garlic":21,"Membership Card":0,"ReplayTheSpireMod:Lightbulb":20,"ReplayTheSpireMod:ShopPack":0},{"TwistedFunnel":49,"Golden Egg":0,"Mark of the Bloom":56,"Gremlin Horn":0,"Sling":0,"Blood Vial":0,"Strawberry":0,"MealTicket":0,"Kunai":0,"conspire:Dentures":32,"conspire:TreasureMap":0,"Happy Flower":60,"Oddly Smooth Stone":0,"conspire:SlowCooker":22,"Paper Crane":0,"Replay:Baseball":0,"ReplayTheSpireMod:Shallot":0,"Ring of the Serpent":55,"Meat on the Bone":0,"construct:BoolHorns":60,"Lantern":0,"Torii":25,"Blue Doll":0,"Bag of Preparation":0,"Incense Burner":0,"Tough Bandages":32,"TheAbacus":64,"Ninja Scroll":0,"Chemical X":0,"Replay:Bottled Eggs":0,"Ring of the Snake":0,"Potion Belt":8,"Lee\u0027s Waffle":0,"BargainBundle":56,"ReplayTheSpireMod:Ninjato":0,"Quantum Egg":0,"Guide Book":0,"Thread and Needle":66,"White Beast Statue":0,"Peace Pipe":0,"REME:ComplimentaryCards":0,"Anchor":0,"Orrery":0,"Art of War":0,"Bag of Marbles":38,"Garlic":64,"Membership Card":0,"ReplayTheSpireMod:Lightbulb":61,"ReplayTheSpireMod:ShopPack":0}]},"card_choices":[{"not_picked":["Deflect","Slice"],"picked":"Backflip","floor":0.0},{"not_picked":["Flying Knee","Blade Dance","Backflip"],"picked":"SKIP","floor":1.0},{"not_picked":["Backflip","Sucker Punch"],"picked":"Quick Slash","floor":2.0},{"not_picked":["ReplayTheSpireMod:The Works","Prepared"],"picked":"Flechettes","floor":4.0},{"not_picked":["Backflip","Cloak And Dagger","Outmaneuver"],"picked":"SKIP","floor":7.0},{"not_picked":["Poisoned Stab","Dagger Spray"],"picked":"Backstab","floor":8.0},{"not_picked":["Hidden Blade","Blade Dance"],"picked":"Doppelganger","floor":11.0},{"not_picked":["Blade Dance","Fluid Movement","Acrobatics"],"picked":"SKIP","floor":14.0},{"not_picked":["Adrenaline","Tools of the Trade"],"picked":"Malaise","floor":16.0},{"not_picked":["Eviscerate","Slice","Dagger Spray"],"picked":"SKIP","floor":18.0},{"not_picked":["conspire:DoublingDagger","Dodge and Roll","Slice"],"picked":"SKIP","floor":21.0},{"not_picked":["Sucker Punch","Backflip+1"],"picked":"Footwork+1","floor":22.0},{"not_picked":["Setup","Deadly Poison","Blade Dance"],"picked":"SKIP","floor":23.0},{"not_picked":["Die Die Die","Blade Dance","Prepared+1"],"picked":"SKIP","floor":27.0},{"not_picked":["Dagger Spray+1","ReplayTheSpireMod:Tripwire","Infinite Blades+1"],"picked":"SKIP","floor":28},{"not_picked":["Cloak And Dagger","Slice+1"],"picked":"Skewer","floor":29},{"not_picked":["Outmaneuver","Blade Dance","Night Terror"],"picked":"SKIP","floor":30},{"not_picked":["Flying Knee","Flechettes","PiercingWail+1"],"picked":"SKIP","floor":35},{"not_picked":["Noxious Fumes","Skewer","Fluid Movement"],"picked":"SKIP","floor":40},{"not_picked":["Acrobatics+1","Hidden Blade"],"picked":"Fluid Movement+1","floor":42},{"not_picked":["Infinite Blades+1","Crippling Poison+1"],"picked":"Calculated Gamble+1","floor":44},{"not_picked":["Well Laid Plans","Hidden Blade+1","Dagger Throw+1"],"picked":"SKIP","floor":48},{"not_picked":["Burst","Bane+1"],"picked":"Footwork+1","floor":54}],"player_experience":164466,"relics_obtained":[{"floor":7.0,"key":"Potion Belt"},{"floor":23.0,"key":"conspire:Dentures"},{"floor":26.0,"key":"Tough Bandages"},{"floor":27.0,"key":"Bag of Marbles"},{"floor":40,"key":"construct:BoolHorns"},{"floor":43,"key":"ReplayTheSpireMod:Lightbulb"},{"floor":44,"key":"Garlic"},{"floor":54,"key":"Blood Vial"}],"event_choices":[{"cards_removed":["Strike_G"],"damage_healed":0.0,"max_hp_gain":0.0,"max_hp_loss":0.0,"gold_gain":0.0,"event_name":"Bonfire Elementals","player_choice":"Offered Basic","floor":3.0,"gold_loss":0.0,"damage_taken":0.0},{"damage_healed":0.0,"max_hp_gain":0.0,"max_hp_loss":0.0,"gold_gain":100.0,"event_name":"Golden Shrine","player_choice":"Pray","floor":12.0,"gold_loss":0.0,"damage_taken":0.0},{"damage_healed":0.0,"max_hp_gain":5.0,"max_hp_loss":0.0,"gold_gain":0.0,"event_name":"Forgotten Altar","player_choice":"Shed Blood","floor":19.0,"gold_loss":0.0,"damage_taken":19.0},{"damage_healed":0.0,"max_hp_gain":0.0,"max_hp_loss":0.0,"gold_gain":0.0,"event_name":"The Library","player_choice":"Read","floor":25.0,"gold_loss":0.0,"damage_taken":0.0,"cards_obtained":["Burst"]},{"cards_removed":["Defend_G"],"damage_healed":0,"gold_gain":0,"player_choice":"Removed Skill","damage_taken":0,"max_hp_gain":0,"max_hp_loss":0,"event_name":"Falling","floor":36,"gold_loss":0},{"damage_healed":0,"gold_gain":0,"player_choice":"Upgrade","damage_taken":0,"relics_obtained":["Mark of the Bloom"],"max_hp_gain":0,"max_hp_loss":0,"event_name":"MindBloom","floor":37,"gold_loss":0,"cards_upgraded":["Survivor","Neutralize","Acrobatics","Master of Strategy","Metamorphosis","Backflip","Corpse Explosion","Quick Slash","Backstab","Skewer"]},{"damage_healed":0,"gold_gain":0,"player_choice":"Memory 1","damage_taken":0,"max_hp_gain":0,"max_hp_loss":0,"event_name":"SensoryStone","floor":39,"gold_loss":0},{"damage_healed":0,"gold_gain":0,"player_choice":"Leave","damage_taken":0,"max_hp_gain":0,"max_hp_loss":0,"event_name":"conspire:Investor","floor":46,"gold_loss":0}],"is_beta":false,"boss_relics":[{"not_picked":["Honey Jar","construct:WeddingRing"],"picked":"conspire:SlowCooker"},{"not_picked":["Replay:Wanted Poster","Snecko Eye"],"picked":"Ring of the Serpent"}],"items_purged_floors":[0,0,0,0,0,5,32,38],"is_endless":false,"potions_floor_spawned":[1,2,4,7,8,11,14,16,18,21,22,23,27,28,29,30,33,35,40,42,44,48,54],"ascension_level":3}}