{"host":"x205naxbihvu3p76","time":1611585477,"event":{"mods":["AchievementEnabler","BaseMod","Minty Spire (QoL Compilation)","StSLib","SuperFastMode"],"gold_per_floor":[111,129,146,159,2,2,37,55,81,81,81,99,99,99,99,171,171,171,96,96,96,0,0,0,0,0,0,0,0,0,0],"floor_reached":30,"language":"KOR","playtime":665,"items_purged":["Strike_B"],"score":460,"play_id":"d9888fdb-8dd2-48dd-b578-a8474809dbc8","local_time":"20210125233757","is_ascension_mode":true,"campfire_choices":[{"floor":6.0,"key":"REST"},{"floor":10.0,"key":"REST"},{"data":"Barrage","floor":13.0,"key":"SMITH"},{"data":"Go for the Eyes","floor":15.0,"key":"SMITH"},{"data":"Capacitor","floor":23.0,"key":"SMITH"},{"floor":25.0,"key":"REST"},{"data":"Heatsinks","floor":27.0,"key":"SMITH"}],"circlet_count":0,"master_deck":["AscendersBane","Defend_B","Defend_B","Defend_B","Defend_B","Zap","Dualcast","Barrage+1","Cold Snap","Capacitor+1","Go for the Eyes+1","Ball Lightning","Cold Snap","Chaos+1","Genetic Algorithm+1","Echo Form","Heatsinks+1","Hologram+1"],"relics":["Cracked Core","TungstenRod","Toxic Egg 2","Juzu Bracelet","Ectoplasm"],"acts_visited":["Exordium","TheCity"],"potions_floor_usage":[30,30],"damage_taken":[{"damage":2.0,"enemies":"Jaw Worm","floor":1.0,"turns":6.0},{"damage":6.0,"enemies":"2 Louse","floor":2.0,"turns":2.0},{"damage":0.0,"enemies":"Cultist","floor":3.0,"turns":4.0},{"damage":10.0,"enemies":"Blue Slaver","floor":4.0,"turns":4.0},{"damage":25.0,"enemies":"3 Sentries","floor":7.0,"turns":7.0},{"damage":3.0,"enemies":"Looter","floor":8.0,"turns":3.0},{"damage":0.0,"enemies":"Large Slime","floor":12.0,"turns":5.0},{"damage":4.0,"enemies":"The Guardian","floor":16.0,"turns":9.0},{"damage":6.0,"enemies":"3 Byrds","floor":18.0,"turns":5.0},{"damage":12.0,"enemies":"Shell Parasite","floor":20.0,"turns":4.0},{"damage":18.0,"enemies":"Cultist and Chosen","floor":24.0,"turns":8.0},{"damage":21.0,"enemies":"Snake Plant","floor":28.0,"turns":5.0},{"damage":37,"enemies":"Chosen and Byrds","floor":30,"turns":5}],"seed_played":"8015826858955237902","potions_obtained":[{"floor":1.0,"key":"DistilledChaos"},{"floor":4.0,"key":"Energy Potion"},{"floor":7.0,"key":"Strength Potion"},{"floor":12.0,"key":"SteroidPotion"}],"is_trial":false,"path_per_floor":["M","M","M","M","$","R","E","M","T","R","?","M","R","?","R","B",null,"M","?","M","?","?","R","M","R","T","R","M","?","M"],"character_chosen":"DEFECT","items_purchased":["Ball Lightning","Cold Snap"],"campfire_rested":3,"item_purchase_floors":[5,5],"current_hp_per_floor":[44,38,38,28,28,49,24,21,21,42,42,42,42,36,36,32,61,55,55,43,40,40,40,22,43,43,43,22,22,0,0],"gold":0,"neow_bonus":"ONE_RARE_RELIC","is_daily":false,"chose_seed":false,"campfire_upgraded":4,"win_rate":0.0,"timestamp":1611585477,"path_taken":["M","M","M","M","$","R","E","M","T","R","?","M","R","?","R","BOSS","M","?","M","?","?","R","M","R","T","R","M","?","M"],"items_purchased_type":["Card","Card"],"build_version":"2020-12-22","purchased_purges":1,"victory":false,"max_hp_per_floor":[71,71,71,71,71,71,71,71,71,71,71,71,71,71,71,71,71,71,71,71,71,71,71,71,71,71,71,71,71,71,71],"card_choices":[{"not_picked":["Scrape","Lockon"],"picked":"Barrage","floor":1.0},{"not_picked":["Streamline","Sweeping Beam"],"picked":"Cold Snap","floor":2.0},{"not_picked":["Rebound","Lockon"],"picked":"Capacitor","floor":3.0},{"not_picked":["Self Repair","Leap"],"picked":"Go for the Eyes","floor":4.0},{"not_picked":["Sweeping Beam","Reprogram+1","Coolheaded+1"],"picked":"SKIP","floor":7.0},{"not_picked":["Sweeping Beam","Compile Driver","Coolheaded+1"],"picked":"SKIP","floor":8.0},{"not_picked":["Self Repair","Rebound"],"picked":"Genetic Algorithm+1","floor":12.0},{"not_picked":["Buffer","Fission+1"],"picked":"Echo Form","floor":16.0},{"not_picked":["Storm","Coolheaded+1"],"picked":"Heatsinks","floor":18.0},{"not_picked":["Go for the Eyes","Reprogram+1","Redo+1"],"picked":"SKIP","floor":20.0},{"not_picked":["Beam Cell","Go for the Eyes","Rebound+1"],"picked":"SKIP","floor":24.0},{"not_picked":["Scrape","Double Energy+1"],"picked":"Hologram+1","floor":28.0}],"player_experience":995369,"relics_obtained":[{"floor":7.0,"key":"Toxic Egg 2"},{"floor":9.0,"key":"Juzu Bracelet"}],"event_choices":[{"damage_healed":0.0,"max_hp_gain":0.0,"max_hp_loss":0.0,"gold_gain":0.0,"cards_transformed":["Strike_B"],"event_name":"Living Wall","player_choice":"Change","floor":11.0,"gold_loss":0.0,"damage_taken":0.0,"cards_obtained":["Chaos"]},{"cards_removed":["Strike_B"],"damage_healed":0.0,"max_hp_gain":0.0,"max_hp_loss":0.0,"gold_gain":0.0,"event_name":"Golden Wing","player_choice":"Card Removal","floor":14.0,"gold_loss":0.0,"damage_taken":7.0},{"cards_removed":["Strike_B"],"damage_healed":0.0,"max_hp_gain":0.0,"max_hp_loss":0.0,"gold_gain":0.0,"event_name":"Beggar","player_choice":"Gave Gold","floor":19.0,"gold_loss":75.0,"damage_taken":0.0},{"damage_healed":0.0,"max_hp_gain":0.0,"max_hp_loss":0.0,"gold_gain":0.0,"event_name":"The Woman in Blue","player_choice":"Bought 0 Potions","floor":21.0,"gold_loss":0.0,"damage_taken":0.0},{"damage_healed":0.0,"max_hp_gain":0.0,"max_hp_loss":0.0,"gold_gain":0.0,"event_name":"Masked Bandits","player_choice":"Paid Fearfully","floor":22.0,"gold_loss":96.0,"damage_taken":0.0},{"damage_healed":0.0,"max_hp_gain":0.0,"max_hp_loss":0.0,"gold_gain":50.0,"event_name":"Nest","player_choice":"Stole From Cult","floor":29.0,"gold_loss":0.0,"damage_taken":0.0}],"is_beta":false,"boss_relics":[{"not_picked":["Black Star","Nuclear Battery"],"picked":"Ectoplasm"}],"items_purged_floors":[5],"is_endless":false,"potions_floor_spawned":[1,4,7,12,18],"killed_by":"Chosen and Byrds","ascension_level":20}}