{"host":"2yhbarjh4s9lrrzt","time":1611563706,"event":{"mods":["2.2 Compatiblity","BaseMod","Better Note","Better Third Choice","Block Reminder","Hubris","Marked Mod","Minty Spire (QoL Compilation)","Replay The Spire","StSLib"],"gold_per_floor":[116,116,116,132,151,184,184,184,236,45,63,76,76,103,103,103,103],"floor_reached":16,"language":"ENG","playtime":1185,"items_purged":[],"score":100,"play_id":"72e41685-5552-4957-a5c8-adc95eeaeb40","local_time":"20210125033506","is_ascension_mode":false,"campfire_choices":[{"floor":7,"key":"REST"},{"floor":13,"key":"REST"},{"floor":15,"key":"REST"}],"circlet_count":0,"master_deck":["Strike_P","Strike_P","Strike_P","Strike_P","Defend_P","Defend_P","Defend_P","Defend_P","Eruption+1","Vigilance","CutThroughFate","Wireheading","Replay:Cycle","Replay:ManipulateFuture","hubris:Lust","EmptyFist","Replay:Hum","LikeWater","BowlingBash"],"relics":["PureWater","NeowsBlessing","Ring of Fury","Replay:Mystery Machine","MarkedMod:AcupunctureKit","ReplayTheSpireMod:CursedCoin","hubris:MysteriousPyramids","Smiling Mask"],"acts_visited":["Exordium"],"potions_floor_usage":[16,16,16],"damage_taken":[{"damage":0,"enemies":"Jaw Worm","floor":1,"turns":1},{"damage":0,"enemies":"Small Slimes","floor":4,"turns":1},{"damage":0,"enemies":"2 Louse","floor":5,"turns":1},{"damage":65,"enemies":"3 Sentries","floor":6,"turns":16},{"damage":11,"enemies":"Gremlin Gang","floor":11,"turns":5},{"damage":3,"enemies":"Exordium Thugs","floor":12,"turns":3},{"damage":67,"enemies":"The Guardian","floor":16,"turns":14}],"seed_played":"-691171444645755139","potions_obtained":[{"floor":6,"key":"LiquidBronze"},{"floor":11,"key":"PowerPotion"},{"floor":12,"key":"GamblersBrew"}],"is_trial":false,"path_per_floor":["M","?","?","M","M","E","R","?","T","$","M","M","R","T","R","B"],"character_chosen":"WATCHER","items_purchased":["ReplayTheSpireMod:CursedCoin","hubris:MysteriousPyramids","EmptyFist","Replay:Hum"],"campfire_rested":3,"item_purchase_floors":[10,10,10,10],"current_hp_per_floor":[72,72,77,77,77,12,35,35,35,35,24,21,44,44,67,0,0],"gold":103,"neow_bonus":"THREE_ENEMY_KILL","is_daily":false,"chose_seed":false,"campfire_upgraded":0,"win_rate":0.0,"timestamp":1611563706,"path_taken":["M","?","?","M","M","E","R","?","T","$","M","?","R","?","R","BOSS"],"items_purchased_type":["Relic","Relic","Card","Card"],"build_version":"2020-12-22","purchased_purges":0,"victory":false,"max_hp_per_floor":[72,72,77,77,77,77,77,77,77,77,77,77,77,77,77,77,77],"card_choices":[{"not_picked":["Replay:BluntJabs","FlyingSleeves"],"picked":"CutThroughFate","floor":1},{"not_picked":["FlyingSleeves","EmptyFist"],"picked":"Wireheading","floor":4},{"not_picked":["MarkedMod:GentlePulse","FollowUp"],"picked":"Replay:Cycle","floor":5},{"not_picked":["Replay:AtTheReady","BowlingBash"],"picked":"Replay:ManipulateFuture","floor":6},{"not_picked":["PathToVictory","ClearTheMind"],"picked":"LikeWater","floor":11},{"not_picked":["Prostrate","Replay:Vibes"],"picked":"BowlingBash","floor":12}],"player_experience":255983,"relics_obtained":[{"floor":2,"key":"Ring of Fury"},{"floor":6,"key":"Replay:Mystery Machine"},{"floor":9,"key":"MarkedMod:AcupunctureKit"},{"floor":14,"key":"Smiling Mask"}],"event_choices":[{"damage_healed":0,"gold_gain":0,"player_choice":"Donut","damage_taken":0,"max_hp_gain":5,"max_hp_loss":0,"event_name":"Big Fish","floor":3,"gold_loss":0},{"damage_healed":0,"gold_gain":0,"player_choice":"Forge","damage_taken":0,"max_hp_gain":0,"max_hp_loss":0,"event_name":"Accursed Blacksmith","floor":8,"gold_loss":0,"cards_upgraded":["Eruption"]}],"is_beta":false,"boss_relics":[],"items_purged_floors":[],"is_endless":false,"potions_floor_spawned":[6,11,12],"killed_by":"The Guardian","ascension_level":0}}