{"host":"c6u7e77myxvw4d0m","time":1611556705,"event":{"mods":["AchievementEnabler","BaseMod","Bestiary","Colored Map","Colored Powertips","Minty Spire (QoL Compilation)","Rare Cards Sparkle","Relic Stats","everything is the same but u backflip on backflip"],"gold_per_floor":[115,115,135,159,177,177,26,67,94,94,94,117,136,179,179,298,298,321,345,361,4,29,29,29],"floor_reached":23,"language":"ENG","playtime":1526,"items_purged":["Strike_R"],"score":297,"play_id":"81905679-dd77-45eb-89fa-deb6619f1c8a","local_time":"20210125083825","is_ascension_mode":true,"campfire_choices":[{"data":"Bash","floor":6,"key":"SMITH"},{"data":"Carnage","floor":10,"key":"SMITH"},{"floor":15,"key":"REST"}],"circlet_count":0,"master_deck":["Strike_R","Strike_R","Strike_R","Defend_R","Defend_R","Defend_R","Defend_R","Bash+1","Fiend Fire","Clothesline","Carnage+1","Reckless Charge","Seeing Red","Rage","Sword Boomerang","Whirlwind","Corruption","True Grit","Feed","Headbutt","Shrug It Off","Fire Breathing","Shrug It Off"],"relics":["Burning Blood","Golden Idol","Dream Catcher","Orichalcum","Pen Nib","Mark of Pain","Chemical X"],"acts_visited":["Exordium","TheCity"],"potions_floor_usage":[8,14,16,20,22,22,23,23,23],"damage_taken":[{"damage":14,"enemies":"2 Louse","floor":1,"turns":2},{"damage":4,"enemies":"Small Slimes","floor":3,"turns":3},{"damage":1,"enemies":"Cultist","floor":4,"turns":3},{"damage":8,"enemies":"Blue Slaver","floor":5,"turns":2},{"damage":12,"enemies":"Gremlin Nob","floor":8,"turns":3},{"damage":9,"enemies":"3 Louse","floor":12,"turns":3},{"damage":10,"enemies":"Exordium Thugs","floor":13,"turns":3},{"damage":9,"enemies":"3 Sentries","floor":14,"turns":3},{"damage":59,"enemies":"The Guardian","floor":16,"turns":9},{"damage":12,"enemies":"Shell Parasite","floor":18,"turns":3},{"damage":10,"enemies":"2 Thieves","floor":19,"turns":3},{"damage":30,"enemies":"Snake Plant","floor":20,"turns":3},{"damage":21,"enemies":"Cultist and Chosen","floor":22,"turns":6},{"damage":69,"enemies":"Gremlin Leader","floor":23,"turns":8}],"seed_played":"4929279497604983225","potions_obtained":[{"floor":3,"key":"CultistPotion"},{"floor":4,"key":"Swift Potion"},{"floor":5,"key":"Strength Potion"},{"floor":14,"key":"SkillPotion"},{"floor":18,"key":"ColorlessPotion"}],"is_trial":false,"path_per_floor":["M","?","M","M","M","R","$","E","T","R","?","M","M","E","R","B",null,"M","M","M","$","M","E"],"character_chosen":"IRONCLAD","items_purchased":["Regen Potion","Chemical X","Fire Breathing","EntropicBrew","Shrug It Off"],"campfire_rested":1,"item_purchase_floors":[7,21,21,21,21],"current_hp_per_floor":[64,44,46,51,49,49,49,52,52,52,52,49,45,42,66,13,63,57,56,32,32,17,0,0],"gold":29,"neow_bonus":"ONE_RANDOM_RARE_CARD","is_daily":false,"chose_seed":false,"campfire_upgraded":2,"win_rate":0.0,"timestamp":1611556705,"path_taken":["M","?","M","M","M","R","$","E","T","R","?","M","?","E","R","BOSS","M","M","M","$","M","E"],"items_purchased_type":["Potion","Relic","Card","Potion","Card"],"build_version":"2020-12-22","purchased_purges":1,"victory":false,"max_hp_per_floor":[80,80,80,80,80,80,80,80,80,80,80,80,80,80,80,80,80,80,83,83,83,83,83,83],"relic_stats":{"Dream Catcher":1,"counters":[14,54],"Golden Idol":81,"Pen Nib":[5],"Chemical X":[3],"Orichalcum":[126],"obtain_stats":[{"Dream Catcher":8,"Golden Idol":2,"Pen Nib":14,"Mark of Pain":17,"Chemical X":21,"Orichalcum":9,"Burning Blood":0},{"Dream Catcher":5,"Golden Idol":1,"Pen Nib":8,"Mark of Pain":9,"Chemical X":12,"Orichalcum":5,"Burning Blood":0},{"Dream Catcher":13,"Golden Idol":2,"Pen Nib":22,"Mark of Pain":31,"Chemical X":40,"Orichalcum":13,"Burning Blood":0}],"Burning Blood":78},"card_choices":[{"not_picked":["Warcry","Anger"],"picked":"Clothesline","floor":1},{"not_picked":["Flex","Second Wind"],"picked":"Carnage","floor":3},{"not_picked":["Body Slam","Rupture"],"picked":"Reckless Charge","floor":4},{"not_picked":["Headbutt","Perfected Strike"],"picked":"Seeing Red","floor":5},{"not_picked":["Carnage","Twin Strike"],"picked":"Rage","floor":8},{"not_picked":["Anger","Pommel Strike"],"picked":"Whirlwind","floor":12},{"not_picked":["Body Slam","Sword Boomerang","Thunderclap"],"picked":"SKIP","floor":13},{"not_picked":["Warcry","Ghostly Armor"],"picked":"Corruption","floor":14},{"not_picked":["Shrug It Off","Twin Strike"],"picked":"True Grit","floor":15},{"not_picked":["Barricade","Corruption"],"picked":"Feed","floor":16},{"not_picked":["Clash","Perfected Strike+1"],"picked":"Headbutt","floor":18},{"not_picked":["Sword Boomerang","Sentinel","Hemokinesis"],"picked":"SKIP","floor":19},{"not_picked":["Pommel Strike","Bloodletting"],"picked":"Shrug It Off","floor":20},{"not_picked":["Thunderclap+1","Burning Pact","Anger"],"picked":"SKIP","floor":22}],"player_experience":471227,"relics_obtained":[{"floor":8,"key":"Dream Catcher"},{"floor":9,"key":"Orichalcum"},{"floor":14,"key":"Pen Nib"}],"event_choices":[{"damage_healed":0,"gold_gain":0,"player_choice":"Take Damage","damage_taken":20,"relics_obtained":["Golden Idol"],"max_hp_gain":0,"max_hp_loss":0,"event_name":"Golden Idol","floor":2,"gold_loss":0},{"damage_healed":0,"gold_gain":0,"cards_transformed":["Strike_R"],"player_choice":"Transformed","damage_taken":0,"max_hp_gain":0,"max_hp_loss":0,"event_name":"Transmorgrifier","floor":11,"gold_loss":0,"cards_obtained":["Sword Boomerang"]}],"is_beta":false,"boss_relics":[{"not_picked":["Philosopher\u0027s Stone","Calling Bell"],"picked":"Mark of Pain"}],"items_purged_floors":[7],"is_endless":false,"potions_floor_spawned":[3,4,5,14,18],"killed_by":"Gremlin Leader","ascension_level":9}}