{"host":"ewslc4o3o167ipk9","time":1611542122,"event":{"mods":["BaseMod","Colored Powertips","GifTheSpireLib","HexUI Lib","Minty Spire (QoL Compilation)","Quick Restart","Shop Mod","StSLib","The Bug Knight","The Trickster"],"gold_per_floor":[119,138,14,27,27,55,55,73,73,83,83,93,12,23,23,127,127,142,159,159,13,26,26,26,26],"floor_reached":24,"language":"ENG","playtime":1256,"items_purged":["Strike_B"],"score":225,"play_id":"de100b16-a0f8-4d8c-b564-10d13c02721e","local_time":"20210124213522","is_ascension_mode":false,"campfire_choices":[{"data":"Zap","floor":7.0,"key":"SMITH"},{"floor":15.0,"key":"REST"},{"floor":23,"key":"REST"}],"circlet_count":0,"master_deck":["Strike_B","Strike_B","Strike_B","Defend_B","Defend_B","Defend_B+1","Defend_B","Zap+1","Dualcast","Capacitor","Redo+1","Redo","Tempest","FTL","Ball Lightning","Double Energy","Buffer","Ball Lightning+1","Ball Lightning","Shame"],"relics":["Cracked Core","NeowsBlessing","Regal Pillow","Pear","SlaversCollar","Kunai","Lee\u0027s Waffle"],"acts_visited":["Exordium","TheCity"],"potions_floor_usage":[],"damage_taken":[{"damage":0.0,"enemies":"Cultist","floor":1.0,"turns":1.0},{"damage":0.0,"enemies":"Jaw Worm","floor":2.0,"turns":1.0},{"damage":0.0,"enemies":"2 Louse","floor":4.0,"turns":1.0},{"damage":27.0,"enemies":"HollowMod:MossKnight","floor":6.0,"turns":7.0},{"damage":5.0,"enemies":"Exordium Wildlife","floor":8.0,"turns":2.0},{"damage":13.0,"enemies":"2 Fungi Beasts","floor":10.0,"turns":3.0},{"damage":9.0,"enemies":"3 Louse","floor":12.0,"turns":3.0},{"damage":8.0,"enemies":"Exordium Wildlife","floor":14.0,"turns":3.0},{"damage":19.0,"enemies":"Hexaghost","floor":16.0,"turns":6.0},{"damage":30.0,"enemies":"Shell Parasite","floor":18.0,"turns":7.0},{"damage":40.0,"enemies":"Centurion and Healer","floor":19.0,"turns":7.0},{"damage":63,"enemies":"Shelled Parasite and Fungi","floor":22,"turns":6},{"damage":76,"enemies":"Slavers","floor":24,"turns":3}],"seed_played":"-5426909033169645628","potions_obtained":[{"floor":1.0,"key":"EssenceOfDarkness"},{"floor":6.0,"key":"Weak Potion"},{"floor":8.0,"key":"DuplicationPotion"},{"floor":16.0,"key":"Block Potion"},{"floor":22,"key":"AttackPotion"}],"is_trial":false,"path_per_floor":["M","M","$","M","?","E","R","M","T","M","?","M","$","M","R","B",null,"M","M","?","$","M","R","E"],"character_chosen":"DEFECT","items_purchased":["Redo","Double Energy","Lee\u0027s Waffle"],"campfire_rested":2,"item_purchase_floors":[3,13,21],"current_hp_per_floor":[75,75,75,75,75,48,48,43,53,40,23,14,14,6,46,27,85,55,15,15,92,29,71,0,0],"gold":26,"neow_bonus":"THREE_ENEMY_KILL","is_daily":false,"chose_seed":false,"campfire_upgraded":1,"win_rate":0.0,"timestamp":1611542122,"path_taken":["M","?","$","?","?","E","R","?","T","M","?","M","?","M","R","BOSS","M","M","?","$","M","R","E"],"items_purchased_type":["Card","Card","Relic"],"build_version":"2020-12-22","purchased_purges":1,"victory":false,"max_hp_per_floor":[75,75,75,75,75,75,75,75,85,85,85,85,85,85,85,85,85,85,85,85,92,92,92,92,92],"card_choices":[{"not_picked":["Hologram","Coolheaded"],"picked":"Capacitor","floor":1.0},{"not_picked":["Sweeping Beam","Cold Snap","BootSequence"],"picked":"SKIP","floor":2.0},{"not_picked":["Compile Driver","Barrage"],"picked":"Redo","floor":4.0},{"not_picked":["BootSequence","Streamline"],"picked":"Tempest","floor":6.0},{"not_picked":["Cold Snap","Darkness","Scrape"],"picked":"SKIP","floor":8.0},{"not_picked":["Streamline","Redo"],"picked":"FTL","floor":10.0},{"not_picked":["Thunder Strike","Steam Power"],"picked":"Ball Lightning","floor":12.0},{"not_picked":["Blizzard","Compile Driver","Hologram"],"picked":"SKIP","floor":14.0},{"not_picked":["Rainbow","Fission"],"picked":"Buffer","floor":16.0},{"not_picked":["Gash","Hologram"],"picked":"Ball Lightning+1","floor":18.0},{"not_picked":["Redo","Chill"],"picked":"Ball Lightning","floor":19.0},{"not_picked":["Go for the Eyes","Redo","Genetic Algorithm+1"],"picked":"SKIP","floor":22}],"player_experience":41184,"relics_obtained":[{"floor":6.0,"key":"Regal Pillow"},{"floor":9.0,"key":"Pear"}],"event_choices":[{"damage_healed":0.0,"max_hp_gain":0.0,"max_hp_loss":0.0,"gold_gain":0.0,"event_name":"Wheel of Change","player_choice":"Full Heal","floor":5.0,"gold_loss":0.0,"damage_taken":0.0},{"damage_healed":0.0,"max_hp_gain":0.0,"max_hp_loss":0.0,"gold_gain":0.0,"event_name":"Shining Light","player_choice":"Entered Light","floor":11.0,"gold_loss":0.0,"damage_taken":17.0,"cards_upgraded":["Defend_B","Redo"]},{"damage_healed":0.0,"max_hp_gain":0.0,"max_hp_loss":0.0,"gold_gain":0.0,"event_name":"Addict","player_choice":"Stole Relic","floor":20.0,"gold_loss":0.0,"damage_taken":0.0,"relics_obtained":["Kunai"],"cards_obtained":["Shame"]}],"is_beta":false,"boss_relics":[{"not_picked":["Nuclear Battery","Fusion Hammer"],"picked":"SlaversCollar"}],"items_purged_floors":[3],"is_endless":false,"potions_floor_spawned":[1,6,8,16,22],"killed_by":"Slavers","ascension_level":0}}