{"host":"jfbo3eu2ui08ej1u","time":1611557916,"event":{"mods":["2.2 Compatiblity","AchievementEnabler","Act Like it!","Aspiration","BaseMod","Better Altar","Better Match","Better Note","Better Sensory Stone","Better Skull","Better Third Choice","Block Reminder","Colored Map","Colored Powertips","Conspire","DeckTracker","Displayed Cursed Tome","Energized Spire","Fox Events","GifTheSpireLib","Hubris","Infinite Spire","Marked Mod","Minty Spire (QoL Compilation)","Pale of the Ancients","Poor People Problems","Quick Restart","Relic Filter","Reliquary","Reorder Act Four","Replay The Spire","Shop Mod","Spicy Shops","Spire Arcade","StSLib","Stuff the Spire","The Blue Laboratory","The Disciple","The Forsaken","The Hierophant","The Marked","Uncapped","Unceasing Turn Reminder","Wandering Minibosses"],"gold_per_floor":[119,129,139,139,152,184,184,26,26,26,58,73,73,104,104,175,175,189,56,68,68,81,81,81],"floor_reached":23,"language":"ENG","playtime":1061,"items_purged":["Strike_P"],"score":422,"play_id":"740d1652-9b21-4611-8272-ea5677f73de8","local_time":"20210125015836","is_ascension_mode":true,"campfire_choices":[{"floor":10.0,"key":"REST"},{"floor":13.0,"key":"REST"},{"data":"MarkedMod:OneThousandNeedles","floor":15.0,"key":"SMITH"}],"circlet_count":0,"master_deck":["AscendersBane","Strike_P","Defend_P","Defend_P","Defend_P","Defend_P","Eruption","Vigilance","SandsOfTime","Consecrate","Conclude","FlyingSleeves","MarkedMod:OneThousandNeedles+1","CutThroughFate","MarkedMod:Acupuncture","Replay:Anticipation","Evaluate+1","Protect+1","MarkedMod:Acupuncture+1","Establishment","MarkedMod:Acupuncture+1","Replay:ManipulateFuture+1","JustLucky+1"],"relics":["PureWater","Bottled Lightning","infinitespire:Bottled Soul","theForsaken:HumbleEgg","Iron Hammer","energizedSpire:CrystalSphere"],"acts_visited":["Exordium","TheCity"],"potions_floor_usage":[],"damage_taken":[{"damage":1.0,"enemies":"Cultist","floor":1.0,"turns":5.0},{"damage":2.0,"enemies":"Jaw Worm","floor":2.0,"turns":3.0},{"damage":6.0,"enemies":"Small Slimes","floor":3.0,"turns":3.0},{"damage":8.0,"enemies":"Blue Slaver","floor":5.0,"turns":2.0},{"damage":17.0,"enemies":"3 Sentries","floor":6.0,"turns":4.0},{"damage":24.0,"enemies":"Replay:BlueRogue","floor":11.0,"turns":15.0},{"damage":0.0,"enemies":"Lots of Slimes","floor":12.0,"turns":2.0},{"damage":10.0,"enemies":"3 Sentries","floor":14.0,"turns":11.0},{"damage":26.0,"enemies":"The Guardian","floor":16.0,"turns":11.0},{"damage":9.0,"enemies":"Chosen","floor":18.0,"turns":6.0},{"damage":0.0,"enemies":"3 Byrds","floor":20.0,"turns":4.0},{"damage":46.0,"enemies":"Cultist and Chosen","floor":22.0,"turns":10.0},{"damage":7,"enemies":"Centurion and Healer","floor":23,"turns":1}],"seed_played":"-468196152716034997","potions_obtained":[{"floor":1.0,"key":"blueLaboratory:NullPotion"},{"floor":11.0,"key":"Fruit Juice"},{"floor":14.0,"key":"PowerPotion"},{"floor":16.0,"key":"Dexterity Potion"}],"is_trial":false,"path_per_floor":["M","M","M","?","M","E","?","$","T","R","E","M","R","E","R","B",null,"M","$","M","$","M","M"],"character_chosen":"WATCHER","items_purchased":["Replay:Anticipation","Replay:ManipulateFuture+1"],"campfire_rested":2,"item_purchase_floors":[8,19],"current_hp_per_floor":[60,58,52,52,44,27,27,27,27,47,28,28,49,39,39,13,58,49,49,49,49,3,0,0],"gold":81,"neow_bonus":"THREE_CARDS","is_daily":false,"chose_seed":false,"campfire_upgraded":1,"win_rate":0.0,"timestamp":1611557916,"path_taken":["M","M","M","?","?","E","?","$","T","R","E","M","R","E","R","BOSS","M","$","M","$","M","?"],"items_purchased_type":["Card","Card"],"build_version":"2020-12-22","purchased_purges":1,"victory":false,"max_hp_per_floor":[68,68,68,68,68,68,68,68,68,68,73,73,73,73,73,73,73,73,73,73,73,73,73,73],"card_choices":[{"not_picked":["SashWhip","Perseverance"],"picked":"SandsOfTime","floor":0.0},{"not_picked":["MarkedMod:GentlePulse","Pray"],"picked":"Consecrate","floor":1.0},{"not_picked":["MarkedMod:Acupuncture","MentalFortress"],"picked":"Conclude","floor":2.0},{"not_picked":["JustLucky","EmptyBody"],"picked":"FlyingSleeves","floor":3.0},{"not_picked":["ReachHeaven","JustLucky"],"picked":"CutThroughFate","floor":5.0},{"not_picked":["Fasting2","FlyingSleeves"],"picked":"MarkedMod:Acupuncture","floor":6.0},{"not_picked":["Indignation","Prostrate+1"],"picked":"Evaluate+1","floor":11.0},{"not_picked":["EmptyMind","Blasphemy"],"picked":"Protect+1","floor":12.0},{"not_picked":["EmptyFist+1","SignatureMove"],"picked":"MarkedMod:Acupuncture+1","floor":14.0},{"not_picked":["Blasphemy","DevaForm"],"picked":"Establishment","floor":16.0},{"not_picked":["WheelKick","SashWhip+1"],"picked":"MarkedMod:Acupuncture+1","floor":18.0},{"not_picked":["Replay:Hum","MarkedMod:FirstStrike+1","Weave"],"picked":"SKIP","floor":20.0},{"not_picked":["Crescendo+1","BattleHymn"],"picked":"JustLucky+1","floor":22.0}],"player_experience":1223912,"relics_obtained":[{"floor":6.0,"key":"Bottled Lightning"},{"floor":9.0,"key":"infinitespire:Bottled Soul"},{"floor":11.0,"key":"theForsaken:HumbleEgg"},{"floor":14.0,"key":"Iron Hammer"}],"event_choices":[{"damage_healed":0.0,"max_hp_gain":0.0,"max_hp_loss":0.0,"gold_gain":0.0,"cards_transformed":["Strike_P"],"event_name":"Transmorgrifier","player_choice":"Transformed","floor":4.0,"gold_loss":0.0,"damage_taken":0.0,"cards_obtained":["MarkedMod:OneThousandNeedles"]},{"cards_removed":["Strike_P"],"damage_healed":0.0,"max_hp_gain":0.0,"max_hp_loss":0.0,"gold_gain":0.0,"event_name":"Purifier","player_choice":"Purged","floor":7.0,"gold_loss":0.0,"damage_taken":0.0}],"is_beta":false,"boss_relics":[{"not_picked":["aspiration:SecretTechniqueScroll","hubris:CrackedHourglass"],"picked":"energizedSpire:CrystalSphere"}],"items_purged_floors":[19],"is_endless":false,"potions_floor_spawned":[1,11,14,16],"killed_by":"Centurion and Healer","ascension_level":20}}