{"host":"sckme7d1fomdxamv","time":1611587528,"event":{"mods":["Act Like it!","BaseMod","Downfall","Friendly Minions","Gensokyo","Kiyohime（清姬）","Marisa（F雨　魔理沙）","Minty Spire (QoL Compilation)","READ ME - Guardian Mod","Rare Cards Sparkle","Remilia（蕾米莉亚）","Replay The Spire","Shop Mod","StSLib","The Bug Knight","The Hierophant","The Servant 0.9.4"],"gold_per_floor":[118,193,193,113,125,158,87,87,87,87,100,100,111,124,124,225,225,244,75,75,75,85,85,85],"floor_reached":23,"language":"ZHS","playtime":3066,"items_purged":[],"score":239,"play_id":"94f1aa0d-4d01-4c12-8437-6b963e636dc1","local_time":"20210125231208","is_ascension_mode":false,"campfire_choices":[{"data":"HollowMod:BaldurShell","floor":8,"key":"SMITH"},{"data":"HollowMod:MothsMistake","floor":12,"key":"SMITH"},{"floor":15,"key":"REST"}],"circlet_count":0,"master_deck":["HollowMod:FocusHealStart","HollowMod:PogoStrike","HollowMod:SoulStrike","HollowMod:MothsMistake+1","HollowMod:CycloneSlash","HollowMod:InfectedCysts","HollowMod:BaldurShell+1","HollowMod:GoodIntentions","HollowMod:TaintedHusks","HollowMod:PerfectDash","HollowMod:Weaversong","HollowMod:ShapeofUnn","HollowMod:DescendingDark","HollowMod:TaintedHusks","HollowMod:MothsMistake","HollowMod:DashSlash","HollowMod:SoulEater","HollowMod:Hiveblood","HollowMod:MantisMark","HollowMod:SoulSplash+1","HollowMod:DoubleDash","Master of Strategy","Magnetism","Finesse","RitualDagger","HollowMod:CrystalDash"],"relics":["HollowMod:VesselMask","NeowsBlessing","HollowMod:MillibellesNoteRelic","Replay:Ringing Soul","Blue Candle","Pandora\u0027s Box","ReplayTheSpireMod:ShopPack"],"acts_visited":["Exordium","TheCity"],"potions_floor_usage":[22,22,23,23],"damage_taken":[{"damage":0,"enemies":"Small Slimes","floor":1,"turns":1},{"damage":0,"enemies":"2 Louse","floor":5,"turns":1},{"damage":0,"enemies":"Replay:BlueRogue","floor":6,"turns":1},{"damage":7,"enemies":"Jaw Worm","floor":11,"turns":5},{"damage":19,"enemies":"3 Louse","floor":13,"turns":4},{"damage":28,"enemies":"Exordium Thugs","floor":14,"turns":4},{"damage":56,"enemies":"Slime Boss","floor":16,"turns":12},{"damage":64,"enemies":"Chosen","floor":18,"turns":5},{"damage":31,"enemies":"Shell Parasite","floor":22,"turns":6},{"damage":69,"enemies":"Replay:Snechameleon","floor":23,"turns":7}],"seed_played":"5357933212247515988","potions_obtained":[{"floor":1,"key":"Adrenaline Potion"},{"floor":5,"key":"Energy Potion"},{"floor":16,"key":"DuplicationPotion"},{"floor":22,"key":"GamblersBrew"}],"is_trial":false,"path_per_floor":["M","?","?","$","M","E","$","R","T","?","M","R","M","M","R","B",null,"M","$","?","?","M","E"],"character_chosen":"THE_BUGKNIGHT","items_purchased":["HollowMod:MothsMistake","HollowMod:BaldurShell","ReplayTheSpireMod:ShopPack","HollowMod:DoubleDash"],"campfire_rested":1,"item_purchase_floors":[4,7,19,19],"current_hp_per_floor":[75,64,64,64,64,64,64,64,64,59,65,65,55,36,61,20,90,50,53,50,50,44,0,0],"gold":85,"neow_bonus":"THREE_ENEMY_KILL","is_daily":false,"chose_seed":false,"campfire_upgraded":2,"win_rate":0.0,"timestamp":1611587528,"path_taken":["M","?","?","$","M","E","$","R","T","?","M","R","M","M","R","BOSS","M","$","?","?","M","E"],"items_purchased_type":["Card","Card","Relic","Card"],"build_version":"2020-12-22","purchased_purges":0,"victory":false,"max_hp_per_floor":[75,75,75,75,75,75,75,75,75,75,78,78,81,84,84,87,90,93,96,99,99,102,102,102],"card_choices":[{"not_picked":["HollowMod:VengefulVoid","HollowMod:TaintedHusks"],"picked":"HollowMod:SoulStrike","floor":1},{"not_picked":["HollowMod:NewJinnsSoul","HollowMod:CrystalDash"],"picked":"HollowMod:CycloneSlash","floor":5},{"not_picked":["HollowMod:AbyssShriek","HollowMod:CycloneSlash"],"picked":"HollowMod:InfectedCysts","floor":6},{"not_picked":["HollowMod:SharpenedNail","HollowMod:SiblingsShadow"],"picked":"HollowMod:GoodIntentions","floor":11},{"not_picked":["HollowMod:GreatSlash","HollowMod:InfectionAssault"],"picked":"HollowMod:TaintedHusks","floor":13},{"not_picked":["HollowMod:InfectedAttack","HollowMod:BaldurShell"],"picked":"HollowMod:PerfectDash","floor":14},{"not_picked":["HollowMod:theNailsmith","HollowMod:ZotesMagnificence"],"picked":"HollowMod:Weaversong","floor":16},{"not_picked":["HollowMod:ChannelNail","HollowMod:CoiledNail+1"],"picked":"HollowMod:SoulSplash+1","floor":18},{"not_picked":["Metamorphosis","HandOfGreed"],"picked":"Master of Strategy","floor":19},{"not_picked":["ReplayTheSpireMod:Private Reserves","The Bomb"],"picked":"Magnetism","floor":19},{"not_picked":["Secret Weapon","Swift Strike"],"picked":"Finesse","floor":19},{"not_picked":["HollowMod:SoulSplash","HollowMod:ShapeofUnn+1"],"picked":"HollowMod:CrystalDash","floor":22}],"player_experience":205806,"relics_obtained":[{"floor":6,"key":"HollowMod:MillibellesNoteRelic"},{"floor":9,"key":"Replay:Ringing Soul"}],"event_choices":[{"damage_healed":0,"gold_gain":75,"player_choice":"Gather Gold","damage_taken":11,"max_hp_gain":0,"max_hp_loss":0,"event_name":"World of Goop","floor":2,"gold_loss":0},{"damage_healed":0,"gold_gain":0,"player_choice":"Joined the Cult","damage_taken":6,"max_hp_gain":0,"max_hp_loss":0,"event_name":"Nest","floor":20,"gold_loss":0,"cards_obtained":["RitualDagger"]},{"damage_healed":0,"gold_gain":0,"player_choice":"Ignored","damage_taken":0,"max_hp_gain":0,"max_hp_loss":0,"event_name":"Ghosts","floor":21,"gold_loss":0}],"is_beta":false,"boss_relics":[{"not_picked":["Replay:Ancient Bell","Honey Jar"],"picked":"Pandora\u0027s Box"}],"items_purged_floors":[],"is_endless":false,"potions_floor_spawned":[1,5,16,22],"killed_by":"Replay:Snechameleon","ascension_level":0}}