{"host":"x6h2w7w5b570y81k","time":1611615342,"event":{"mods":["AchievementEnabler","Act Like it!","BaseMod","Colored Map","Colored Powertips","Downfall","Friendly Minions","Minty Spire (QoL Compilation)","StSLib","The Animator"],"gold_per_floor":[218,235,247,279,454,454,454],"floor_reached":6,"language":"DEU","playtime":785,"items_purged":[],"score":38,"play_id":"a90be870-c90f-4fd5-9cc1-5a70d66066b2","local_time":"20210125235542","is_ascension_mode":false,"campfire_choices":[],"circlet_count":0,"master_deck":["animator:Strike_Overlord","animator:Defend_Overlord","animator:Strike","animator:Strike","animator:Strike","animator:Defend","animator:Defend","animator:Defend","animator:Cocytus","animator:Demiurge","animator:DolaRiku","animator:PandorasActor","Doubt"],"relics":["animator:LivingPicture","animator:TheMissingPiece"],"acts_visited":["Exordium"],"potions_floor_usage":[6,6],"damage_taken":[{"damage":6,"enemies":"Jaw Worm","floor":1,"turns":4},{"damage":4,"enemies":"2 Louse","floor":2,"turns":4},{"damage":1,"enemies":"Small Slimes","floor":3,"turns":4},{"damage":8,"enemies":"3 Louse","floor":4,"turns":5},{"damage":47,"enemies":"3 Sentries","floor":6,"turns":10}],"seed_played":"-8735993407566738261","potions_obtained":[{"floor":2,"key":"champ:CounterPotion"},{"floor":3,"key":"GamblersBrew"}],"is_trial":false,"path_per_floor":["M","M","M","M","?","E"],"character_chosen":"THE_ANIMATOR","items_purchased":[],"campfire_rested":0,"item_purchase_floors":[],"current_hp_per_floor":[60,56,55,47,47,0,0],"gold":454,"neow_bonus":"HUNDRED_GOLD","is_daily":false,"chose_seed":false,"campfire_upgraded":0,"win_rate":0.0,"timestamp":1611615342,"path_taken":["M","M","M","M","?","E"],"items_purchased_type":[],"build_version":"2020-12-22","purchased_purges":0,"victory":false,"max_hp_per_floor":[66,66,66,66,66,66,66],"card_choices":[{"not_picked":["animator:UneriGinkaku","animator:KrulTepes"],"picked":"animator:DolaRiku","floor":1},{"not_picked":["animator:KrulTepes","animator:TsurugaMeisai","animator:Laby"],"picked":"SKIP","floor":2},{"not_picked":["animator:TsurugaMeisai","animator:ZankiKiguchi","animator:Ciel"],"picked":"SKIP","floor":3},{"not_picked":["animator:Sebas","animator:Evileye"],"picked":"animator:PandorasActor","floor":4}],"player_experience":250861,"relics_obtained":[],"event_choices":[{"damage_healed":0,"gold_gain":175,"player_choice":"AGREE","damage_taken":0,"max_hp_gain":0,"max_hp_loss":0,"event_name":"Liars Game","floor":5,"gold_loss":0,"cards_obtained":["Doubt"]}],"is_beta":false,"boss_relics":[],"items_purged_floors":[],"is_endless":false,"potions_floor_spawned":[2,3],"killed_by":"3 Sentries","ascension_level":0}}