{"host":"mydft8i2zzydgggw","time":1611533405,"event":{"mods":["AchievementEnabler","BaseMod","BetterRewards","Colored Map","Colored Powertips","DeckTracker","Keyboard Shortcuts","Minty Spire (QoL Compilation)","Rare Cards Sparkle","StSLib","SuperFastMode","everything is the same but u backflip on backflip"],"gold_per_floor":[115,126,126,126,143,143,169,169,169,188,188,188],"floor_reached":11,"language":"KOR","playtime":205,"items_purged":[],"score":128,"play_id":"c0a91846-aba7-4b4c-b9a9-aa12a6710293","local_time":"20210125091005","is_ascension_mode":true,"campfire_choices":[{"data":"Dualcast","floor":6,"key":"SMITH"},{"floor":8,"key":"REST"}],"circlet_count":0,"master_deck":["AscendersBane","Strike_B","Strike_B","Strike_B","Defend_B","Defend_B","Defend_B","Defend_B","Zap","Dualcast+1","Gash","Darkness","Leap","Sweeping Beam","Heatsinks"],"relics":["Cracked Core","StoneCalendar","CultistMask","Blue Candle","Matryoshka"],"acts_visited":["Exordium"],"potions_floor_usage":[7,7,11,11],"damage_taken":[{"damage":16,"enemies":"Small Slimes","floor":1,"turns":3},{"damage":0,"enemies":"Cultist","floor":2,"turns":4},{"damage":8,"enemies":"Jaw Worm","floor":5,"turns":4},{"damage":22,"enemies":"Gremlin Nob","floor":7,"turns":4},{"damage":5,"enemies":"2 Fungi Beasts","floor":10,"turns":4},{"damage":27,"enemies":"3 Sentries","floor":11,"turns":6}],"seed_played":"322097913273950439","potions_obtained":[{"floor":1,"key":"BlessingOfTheForge"},{"floor":2,"key":"Swift Potion"},{"floor":7,"key":"Swift Potion"},{"floor":10,"key":"Strength Potion"}],"is_trial":false,"path_per_floor":["M","M","?","?","M","R","E","R","T","M","E"],"character_chosen":"DEFECT","items_purchased":[],"campfire_rested":1,"item_purchase_floors":[],"current_hp_per_floor":[48,48,41,41,33,33,11,30,30,25,0,0],"gold":188,"neow_bonus":"ONE_RARE_RELIC","is_daily":false,"chose_seed":false,"campfire_upgraded":1,"win_rate":0.0,"timestamp":1611533405,"path_taken":["M","M","?","?","M","R","E","R","T","M","E"],"items_purchased_type":[],"build_version":"2020-12-22","purchased_purges":0,"victory":false,"max_hp_per_floor":[64,64,64,64,64,64,64,64,64,64,64,64],"card_choices":[{"not_picked":["Steam Power","Streamline"],"picked":"Gash","floor":1},{"not_picked":["Ball Lightning","Auto Shields"],"picked":"Darkness","floor":2},{"not_picked":["Gash","Conserve Battery"],"picked":"Leap","floor":5},{"not_picked":["Multi-Cast","Ball Lightning"],"picked":"Sweeping Beam","floor":7},{"not_picked":["Turbo","Stack"],"picked":"Heatsinks","floor":10}],"player_experience":212326,"relics_obtained":[{"floor":7,"key":"Blue Candle"},{"floor":9,"key":"Matryoshka"}],"event_choices":[{"cards_removed":["Strike_B"],"damage_healed":0,"gold_gain":0,"player_choice":"Card Removal","damage_taken":7,"max_hp_gain":0,"max_hp_loss":0,"event_name":"Golden Wing","floor":3,"gold_loss":0},{"damage_healed":0,"gold_gain":0,"player_choice":"Trade","damage_taken":0,"relics_obtained":["CultistMask"],"max_hp_gain":0,"max_hp_loss":0,"event_name":"FaceTrader","floor":4,"gold_loss":0}],"is_beta":false,"boss_relics":[],"items_purged_floors":[],"is_endless":false,"potions_floor_spawned":[1,2,7,10],"killed_by":"3 Sentries","ascension_level":15}}