{"host":"2smcgt1ki1qcud40","time":1611595506,"event":{"mods":["BaseMod","Minty Spire (QoL Compilation)"],"gold_per_floor":[165,15,33,52,71,71,83,117,172,182,201,201,211,243,243,343,343,354,354,364,29,47,91,91,91,143,143,143],"floor_reached":27,"language":"ENG","playtime":1803,"items_purged":["CrushJoints"],"score":395,"play_id":"81b3e6f6-80c9-4d4e-ac2d-18e501afdb45","local_time":"20210125182506","is_ascension_mode":true,"campfire_choices":[{"data":"Adaptation","floor":12.0,"key":"SMITH"},{"floor":15.0,"key":"REST"},{"data":"Devotion","floor":25.0,"key":"SMITH"}],"circlet_count":0,"master_deck":["AscendersBane","Eruption","Vigilance","FearNoEvil","CrushJoints","Consecrate","Tantrum","Wireheading","SashWhip","Adaptation+1","FlurryOfBlows","Wallop","Vault+1","Perseverance","Meditate","Evaluate","Conclude","Devotion+1","WaveOfTheHand","LikeWater","ThirdEye","Pray","CutThroughFate","DeceiveReality","Ragnarok"],"relics":["Tiny House","OrangePellets","PreservedInsect","HornCleat","Pandora\u0027s Box","Anchor","CeramicFish","Damaru"],"acts_visited":["Exordium","TheCity"],"potions_floor_usage":[27],"damage_taken":[{"damage":1.0,"enemies":"Cultist","floor":1.0,"turns":3.0},{"damage":3.0,"enemies":"Small Slimes","floor":3.0,"turns":3.0},{"damage":0.0,"enemies":"2 Louse","floor":4.0,"turns":3.0},{"damage":1.0,"enemies":"Red Slaver","floor":5.0,"turns":4.0},{"damage":17.0,"enemies":"Lots of Slimes","floor":7.0,"turns":3.0},{"damage":16.0,"enemies":"Gremlin Nob","floor":8.0,"turns":3.0},{"damage":9.0,"enemies":"Large Slime","floor":10.0,"turns":4.0},{"damage":2.0,"enemies":"Exordium Wildlife","floor":11.0,"turns":3.0},{"damage":0.0,"enemies":"2 Fungi Beasts","floor":13.0,"turns":3.0},{"damage":15.0,"enemies":"3 Sentries","floor":14.0,"turns":4.0},{"damage":16.0,"enemies":"Hexaghost","floor":16.0,"turns":9.0},{"damage":13.0,"enemies":"3 Byrds","floor":18.0,"turns":5.0},{"damage":5.0,"enemies":"Chosen","floor":20.0,"turns":6.0},{"damage":0.0,"enemies":"Sentry and Sphere","floor":22.0,"turns":3.0},{"damage":9.0,"enemies":"Gremlin Leader","floor":23.0,"turns":6.0},{"damage":35,"enemies":"Book of Stabbing","floor":27,"turns":7}],"seed_played":"3709298003607992731","potions_obtained":[{"floor":0.0,"key":"Swift Potion"},{"floor":1.0,"key":"CultistPotion"},{"floor":5.0,"key":"SpeedPotion"},{"floor":8.0,"key":"ColorlessPotion"},{"floor":13.0,"key":"SpeedPotion"},{"floor":16.0,"key":"SkillPotion"},{"floor":20.0,"key":"EssenceOfSteel"},{"floor":22.0,"key":"Block Potion"}],"is_trial":false,"path_per_floor":["M","$","M","M","M","T","M","E","T","M","M","R","M","E","R","B",null,"M","?","M","$","M","E","?","R","T","E"],"character_chosen":"WATCHER","items_purchased":["OrangePellets","Pray","Anchor","CutThroughFate"],"campfire_rested":1,"item_purchase_floors":[2,21,21,21],"current_hp_per_floor":[69,69,66,66,65,65,48,32,32,23,21,21,21,6,29,13,61,48,48,43,43,43,34,34,34,34,0,0],"gold":143,"neow_bonus":"BOSS_RELIC","is_daily":false,"chose_seed":false,"campfire_upgraded":2,"win_rate":0.0,"timestamp":1611595506,"path_taken":["M","?","M","M","M","?","?","E","T","M","M","R","M","E","R","BOSS","M","?","M","$","M","E","?","R","T","E"],"items_purchased_type":["Relic","Card","Relic","Card"],"build_version":"2020-12-22","purchased_purges":1,"victory":false,"max_hp_per_floor":[77,77,77,77,77,77,77,77,77,77,77,77,77,77,77,77,77,77,77,77,77,77,77,77,77,77,77,77],"card_choices":[{"not_picked":["EmptyMind","JustLucky"],"picked":"FearNoEvil","floor":0.0},{"not_picked":["Swivel","Worship","Halt"],"picked":"SKIP","floor":1.0},{"not_picked":["FlyingSleeves","BowlingBash"],"picked":"CrushJoints","floor":3.0},{"not_picked":["JustLucky","SashWhip"],"picked":"Consecrate","floor":4.0},{"not_picked":["Crescendo","Nirvana","Consecrate"],"picked":"SKIP","floor":5.0},{"not_picked":["Evaluate","Halt"],"picked":"Tantrum","floor":7.0},{"not_picked":["Worship","FearNoEvil"],"picked":"Wireheading","floor":8.0},{"not_picked":["DeusExMachina","BowlingBash"],"picked":"SashWhip","floor":10.0},{"not_picked":["CutThroughFate","Collect"],"picked":"Adaptation","floor":11.0},{"not_picked":["SignatureMove","CrushJoints"],"picked":"FlurryOfBlows","floor":13.0},{"not_picked":["FlurryOfBlows","SashWhip"],"picked":"Wallop","floor":14.0},{"not_picked":["Ragnarok","Brilliance"],"picked":"Vault","floor":16.0},{"not_picked":["Wireheading","FlyingSleeves+1"],"picked":"LikeWater","floor":18.0},{"not_picked":["SashWhip","Swivel"],"picked":"ThirdEye","floor":20.0},{"not_picked":["CutThroughFate","EmptyBody+1"],"picked":"DeceiveReality","floor":22.0},{"not_picked":["SandsOfTime","EmptyBody"],"picked":"Ragnarok","floor":23.0}],"player_experience":673195,"relics_obtained":[{"floor":9.0,"key":"PreservedInsect"},{"floor":14.0,"key":"HornCleat"},{"floor":23.0,"key":"CeramicFish"},{"floor":26.0,"key":"Damaru"}],"event_choices":[{"cards_removed":["SashWhip"],"damage_healed":0.0,"max_hp_gain":0.0,"max_hp_loss":0.0,"gold_gain":0.0,"event_name":"Back to Basics","player_choice":"Elegance","floor":19.0,"gold_loss":0.0,"damage_taken":0.0},{"damage_healed":0.0,"max_hp_gain":0.0,"max_hp_loss":0.0,"gold_gain":0.0,"event_name":"Upgrade Shrine","player_choice":"Upgraded","floor":24.0,"gold_loss":0.0,"damage_taken":0.0,"cards_upgraded":["Vault"]}],"is_beta":false,"boss_relics":[{"not_picked":["Philosopher\u0027s Stone","Ectoplasm"],"picked":"Pandora\u0027s Box"}],"items_purged_floors":[21],"is_endless":false,"potions_floor_spawned":[1,3,5,8,13,16,20,22],"killed_by":"Book of Stabbing","ascension_level":12}}