{"host":"mj8akmyfd5lo602f","time":1611598905,"event":{"mods":["2.2 Compatiblity","Act Like it!","BaseMod","Bestiary","BshForSts","Colored Map","Colored Powertips","Downfall","Highlight Path","Minty Spire (QoL Compilation)","Permanent Neow","Relic Stats","StSLib","The Servant 0.9.4"],"gold_per_floor":[199,218,229,249,154,167,167,185,210,228,228,228,28,40,57,57,57,57],"floor_reached":16,"language":"ENG","playtime":1044,"items_purged":[],"score":131,"play_id":"b12868b4-d99b-4a51-983b-76f4aed57193","local_time":"20210125182145","is_ascension_mode":false,"campfire_choices":[{"floor":1,"key":"RECALL"},{"data":"bronze:Optimize","floor":11,"key":"SMITH"},{"floor":13,"key":"REST"}],"circlet_count":0,"master_deck":["bronze:Strike","bronze:Strike","bronze:Strike","bronze:Strike","bronze:Defend","bronze:Defend","bronze:Defend","bronze:Defend","bronze:Replicate","bronze:Goto","bronze:Iterate","bronze:Branch","bronze:Shield","bronze:DarkDash","bronze:Optimize+1","bronze:WhirlingStrike","bronze:Shell","bronze:Frontload","bronze:ForLoop"],"relics":["bronze:BronzeCore","Mummified Hand","downfall:HeartBlessingRed","downfall:HeartBlessingBlue"],"acts_visited":["Exordium"],"potions_floor_usage":[16],"damage_taken":[{"damage":0,"enemies":"Cultist","floor":2,"turns":4},{"damage":1,"enemies":"Jaw Worm","floor":3,"turns":3},{"damage":0,"enemies":"Small Slimes","floor":4,"turns":2},{"damage":0,"enemies":"downfall:FleeingMerchant","floor":5,"turns":4},{"damage":0,"enemies":"Blue Slaver","floor":6,"turns":3},{"damage":0,"enemies":"2 Fungi Beasts","floor":8,"turns":3},{"damage":8,"enemies":"Gremlin Nob","floor":9,"turns":5},{"damage":12,"enemies":"Exordium Wildlife","floor":10,"turns":6},{"damage":0,"enemies":"Large Slime","floor":14,"turns":8},{"damage":13,"enemies":"3 Louse","floor":15,"turns":4},{"damage":105,"enemies":"DF_ARCHETYPE_STREAMLINE","floor":16,"turns":14}],"seed_played":"-8736176993076320400","potions_obtained":[{"floor":4,"key":"Weak Potion"},{"floor":9,"key":"hexamod:SoulburnPotion"},{"floor":10,"key":"GamblersBrew"},{"floor":15,"key":"LiquidBronze"}],"is_trial":false,"path_per_floor":["R","M","M","M","$","M","T","M","E","M","R","?","R","M","M","B"],"character_chosen":"THE_AUTOMATON","items_purchased":["bronze:Optimize"],"campfire_rested":1,"item_purchase_floors":[5],"current_hp_per_floor":[70,70,69,69,69,69,69,69,61,49,49,54,85,85,72,0,0,0],"gold":57,"neow_bonus":"HUNDRED_GOLD","is_daily":false,"chose_seed":false,"campfire_upgraded":1,"win_rate":0.0,"timestamp":1611598905,"path_taken":["R","M","M","M","$","M","T","M","E","M","R","?","R","M","M","BOSS"],"items_purchased_type":["Card"],"build_version":"2020-12-22","purchased_purges":0,"victory":false,"max_hp_per_floor":[70,70,70,70,70,70,70,70,70,70,70,75,85,85,85,85,85,85],"relic_stats":{"counters":[11,56],"Mummified Hand":[4],"obtain_stats":[{"bronze:BronzeCore":0,"downfall:HeartBlessingRed":13,"Mummified Hand":9,"downfall:HeartBlessingBlue":13},{"bronze:BronzeCore":0,"downfall:HeartBlessingRed":8,"Mummified Hand":7,"downfall:HeartBlessingBlue":8},{"bronze:BronzeCore":0,"downfall:HeartBlessingRed":30,"Mummified Hand":24,"downfall:HeartBlessingBlue":30}]},"card_choices":[{"not_picked":["bronze:BitShift","bronze:FineTuning"],"picked":"bronze:Iterate","floor":2},{"not_picked":["bronze:FollowUp","bronze:FineTuning"],"picked":"bronze:Branch","floor":3},{"not_picked":["bronze:Turbo","bronze:BugBarrage"],"picked":"bronze:Shield","floor":4},{"not_picked":["bronze:WildBeam","bronze:NullPointer"],"picked":"bronze:DarkDash","floor":5},{"not_picked":["bronze:Overheat","bronze:DarkDash"],"picked":"bronze:WhirlingStrike","floor":6},{"not_picked":["bronze:Shield","bronze:DigitalCarnage","bronze:Overheat"],"picked":"SKIP","floor":8},{"not_picked":["bronze:Branch","bronze:MaxOutput"],"picked":"bronze:Shell","floor":9},{"not_picked":["bronze:CloningBeam","bronze:Format"],"picked":"bronze:Frontload","floor":10},{"not_picked":["bronze:CutThrough","bronze:Fortify","bronze:WhirlingStrike"],"picked":"SKIP","floor":14},{"not_picked":["bronze:Optimize","bronze:DelayedSlice"],"picked":"bronze:ForLoop","floor":15}],"player_experience":493044,"relics_obtained":[{"floor":9,"key":"Mummified Hand"}],"event_choices":[{"damage_healed":0,"gold_gain":0,"player_choice":"Donut","damage_taken":0,"max_hp_gain":5,"max_hp_loss":0,"event_name":"Big Fish","floor":12,"gold_loss":0}],"is_beta":false,"boss_relics":[],"items_purged_floors":[],"is_endless":false,"potions_floor_spawned":[4,9,10,15],"killed_by":"DF_ARCHETYPE_STREAMLINE","ascension_level":0}}