{"host":"Jinnai","time":1611537654,"event":{"mods":["BaseMod","Bestiary","Block Reminder","Colored Map","Colored Powertips","Highlight Path","Minty Spire (QoL Compilation)","Quick Restart","Relic Stats","StSLib"],"gold_per_floor":[115,40,50,61,61,61,101,101,149,74,74,93,15,34,34,125,125,150,175,155,178,93,93,116,116,116,116,116],"floor_reached":27,"language":"ENG","playtime":748,"items_purged":["Defend_G"],"score":411,"play_id":"50e8a68d-30fb-4667-8b91-0a2323a247f7","local_time":"20210124202054","is_ascension_mode":true,"campfire_choices":[{"data":"Sucker Punch","floor":6,"key":"SMITH"},{"floor":8,"key":"REST"},{"data":"Glass Knife","floor":15,"key":"SMITH"},{"floor":23,"key":"REST"},{"data":"Malaise","floor":25,"key":"SMITH"}],"circlet_count":0,"master_deck":["AscendersBane","Survivor","Neutralize","Sucker Punch+1","Night Terror","Underhanded Strike","Eviscerate","Terror","Underhanded Strike","Dagger Throw","Glass Knife+1","Corpse Explosion","Malaise+1","Slice","Poisoned Stab","Bane","Deadly Poison","Escape Plan","Poisoned Stab","Reflex","Cloak And Dagger"],"relics":["Ring of the Snake","Golden Idol","MealTicket","Strawberry","Pandora\u0027s Box","White Beast Statue","Bronze Scales","Singing Bowl"],"acts_visited":["Exordium","TheCity"],"potions_floor_usage":[16],"damage_taken":[{"damage":8,"enemies":"Small Slimes","floor":1,"turns":3},{"damage":4,"enemies":"2 Louse","floor":3,"turns":2},{"damage":0,"enemies":"Cultist","floor":4,"turns":3},{"damage":43,"enemies":"3 Sentries","floor":7,"turns":10},{"damage":19,"enemies":"Exordium Wildlife","floor":12,"turns":3},{"damage":10,"enemies":"Large Slime","floor":14,"turns":3},{"damage":25,"enemies":"Hexaghost","floor":16,"turns":7},{"damage":6,"enemies":"Chosen","floor":18,"turns":3},{"damage":3,"enemies":"3 Byrds","floor":19,"turns":2},{"damage":22,"enemies":"Cultist and Chosen","floor":21,"turns":4},{"damage":35,"enemies":"Book of Stabbing","floor":27,"turns":5}],"seed_played":"-6430557467175783569","potions_obtained":[{"floor":3,"key":"GamblersBrew"},{"floor":7,"key":"Strength Potion"},{"floor":18,"key":"SkillPotion"},{"floor":19,"key":"EssenceOfSteel"}],"is_trial":false,"path_per_floor":["M","?","M","M","?","R","E","R","T","$","?","M","$","M","R","B",null,"M","M","?","M","?","R","T","R","T","E"],"character_chosen":"THE_SILENT","items_purchased":["Glass Knife"],"campfire_rested":2,"item_purchase_floors":[13],"current_hp_per_floor":[51,51,47,47,47,47,4,20,27,42,42,23,38,28,28,3,47,41,38,38,16,16,34,34,34,34,0,0],"gold":116,"neow_bonus":"TRANSFORM_TWO_CARDS","is_daily":false,"chose_seed":false,"campfire_upgraded":3,"win_rate":0.0,"timestamp":1611537654,"path_taken":["M","?","M","M","?","R","E","R","T","$","?","M","$","M","R","BOSS","M","M","?","?","?","R","?","R","T","E"],"items_purchased_type":["Card"],"build_version":"2020-12-18","purchased_purges":1,"victory":false,"max_hp_per_floor":[60,60,60,60,54,54,54,54,61,61,61,61,61,61,61,61,61,61,61,61,61,61,61,61,61,61,61,61],"relic_stats":{"Singing Bowl":0,"counters":[11,45],"Golden Idol":49,"Bronze Scales":[36],"MealTicket":30,"Pandora\u0027s Box":["Slice","Poisoned Stab","Bane","Deadly Poison","Escape Plan","Poisoned Stab"],"obtain_stats":[{"Singing Bowl":26,"Golden Idol":5,"Strawberry":9,"Bronze Scales":24,"MealTicket":7,"Pandora\u0027s Box":17,"White Beast Statue":22,"Ring of the Snake":0},{"Singing Bowl":10,"Golden Idol":3,"Strawberry":4,"Bronze Scales":10,"MealTicket":4,"Pandora\u0027s Box":7,"White Beast Statue":10,"Ring of the Snake":0},{"Singing Bowl":40,"Golden Idol":8,"Strawberry":18,"Bronze Scales":40,"MealTicket":18,"Pandora\u0027s Box":31,"White Beast Statue":40,"Ring of the Snake":0}],"Ring of the Snake":[22]},"card_choices":[{"not_picked":["Outmaneuver","Backflip"],"picked":"Underhanded Strike","floor":1},{"not_picked":["Leg Sweep","Masterful Stab"],"picked":"Eviscerate","floor":3},{"not_picked":["Backflip","Expertise"],"picked":"Terror","floor":4},{"not_picked":["Expertise","Outmaneuver"],"picked":"Underhanded Strike","floor":7},{"not_picked":["Underhanded Strike","Flying Knee"],"picked":"Dagger Throw","floor":12},{"not_picked":["Dodge and Roll","Setup"],"picked":"Corpse Explosion","floor":14},{"not_picked":["A Thousand Cuts","Night Terror"],"picked":"Malaise","floor":16},{"not_picked":["Crippling Poison","Tactician"],"picked":"Reflex","floor":18},{"not_picked":["Dodge and Roll","Riddle With Holes","Outmaneuver"],"picked":"SKIP","floor":19},{"not_picked":["Deflect+1","Bane"],"picked":"Cloak And Dagger","floor":21}],"player_experience":1559794,"relics_obtained":[{"floor":7,"key":"MealTicket"},{"floor":9,"key":"Strawberry"},{"floor":24,"key":"Bronze Scales"},{"floor":26,"key":"Singing Bowl"}],"event_choices":[{"cards_removed":["Defend_G"],"damage_healed":0,"gold_gain":0,"player_choice":"Card Removal","damage_taken":0,"max_hp_gain":0,"max_hp_loss":0,"event_name":"The Cleric","floor":2,"gold_loss":75},{"damage_healed":0,"gold_gain":0,"player_choice":"Lose Max HP","damage_taken":0,"relics_obtained":["Golden Idol"],"max_hp_gain":0,"max_hp_loss":6,"event_name":"Golden Idol","floor":5,"gold_loss":0},{"damage_healed":0,"gold_gain":0,"player_choice":"Ignored","damage_taken":0,"max_hp_gain":0,"max_hp_loss":0,"event_name":"Liars Game","floor":11,"gold_loss":0},{"damage_healed":0,"gold_gain":0,"player_choice":"Bought 1 Potion","damage_taken":0,"max_hp_gain":0,"max_hp_loss":0,"event_name":"The Woman in Blue","floor":20,"gold_loss":0},{"damage_healed":0,"gold_gain":0,"player_choice":"Obtained Relic","damage_taken":0,"relics_obtained":["White Beast Statue"],"max_hp_gain":0,"max_hp_loss":0,"event_name":"Addict","floor":22,"gold_loss":85}],"is_beta":true,"boss_relics":[{"not_picked":["WristBlade","Runic Pyramid"],"picked":"Pandora\u0027s Box"}],"items_purged_floors":[10],"is_endless":false,"potions_floor_spawned":[3,7,14,18,19],"killed_by":"Book of Stabbing","ascension_level":19}}