{"host":"zwuytn9vh5b8tdl7","time":1611555268,"event":{"mods":["AchievementEnabler","BaseMod","Colored Powertips","GifTheSpireLib","Minty Spire (QoL Compilation)","Rare Cards Sparkle","StSLib","The Animator"],"gold_per_floor":[111,111,129,42,66,112,144,109,109,109,152,152,173,173,173,179,179],"floor_reached":16,"language":"ENG","playtime":1650,"items_purged":[],"score":108,"play_id":"2d816054-810b-412d-8b39-9c704ac88c52","local_time":"20210125011428","is_ascension_mode":false,"campfire_choices":[{"floor":15,"key":"REST"}],"circlet_count":0,"master_deck":["animator:Strike_Konosuba","animator:Defend_Konosuba+1","animator:Strike","animator:Strike","animator:Strike+1","animator:Defend+1","animator:Defend","animator:Defend","animator:Kazuma","animator:Aqua+1","animator:Viivi","animator:Guy","animator:Canti","animator:HighElfArcher","animator:Chris+1","animator:DwarfShaman","animator:Lancer","animator:Mitsurugi"],"relics":["animator:LivingPicture","animator:TheMissingPiece","Strawberry","Toy Ornithopter","Odd Mushroom","animator:BattleDrones","War Paint"],"acts_visited":["Exordium"],"potions_floor_usage":[7,11],"damage_taken":[{"damage":4,"enemies":"Cultist","floor":1,"turns":6},{"damage":0,"enemies":"Jaw Worm","floor":3,"turns":4},{"damage":7,"enemies":"2 Louse","floor":5,"turns":2},{"damage":46,"enemies":"Lagavulin","floor":6,"turns":8},{"damage":8,"enemies":"The Mushroom Lair","floor":7,"turns":5},{"damage":33,"enemies":"Gremlin Nob","floor":11,"turns":4},{"damage":0,"enemies":"Looter","floor":13,"turns":2},{"damage":27,"enemies":"The Guardian","floor":16,"turns":7}],"seed_played":"-6849924846134561100","potions_obtained":[{"floor":6,"key":"SpeedPotion"},{"floor":7,"key":"DistilledChaos"},{"floor":11,"key":"DuplicationPotion"}],"is_trial":false,"path_per_floor":["M","$","M","$","M","E","?","?","T","?","E","$","M","?","R","B"],"character_chosen":"THE_ANIMATOR","items_purchased":["animator:Canti"],"campfire_rested":1,"item_purchase_floors":[4],"current_hp_per_floor":[69,69,71,71,66,22,22,40,40,40,12,12,16,1,23,0,0],"gold":179,"neow_bonus":"RANDOM_COMMON_RELIC","is_daily":false,"chose_seed":false,"campfire_upgraded":0,"win_rate":0.0,"timestamp":1611555268,"path_taken":["M","?","M","$","?","E","?","?","T","?","E","$","M","?","R","BOSS"],"items_purchased_type":["Card"],"build_version":"2020-12-22","purchased_purges":0,"victory":false,"max_hp_per_floor":[73,73,73,73,73,73,74,74,74,74,74,74,75,75,75,75,75],"card_choices":[{"not_picked":["animator:Verdia","animator:DolaCouronne"],"picked":"animator:Viivi","floor":1},{"not_picked":["animator:Assassin","animator:Illya"],"picked":"animator:Guy","floor":3},{"not_picked":["animator:DolaCouronne","animator:Priestess"],"picked":"animator:HighElfArcher","floor":5},{"not_picked":["animator:Kazuma","animator:Verdia"],"picked":"animator:Chris","floor":6},{"not_picked":["animator:Assassin","animator:Spearman"],"picked":"animator:DwarfShaman","floor":7},{"not_picked":["animator:Assassin","animator:Tatsumaki"],"picked":"animator:Lancer","floor":11},{"not_picked":["animator:Ara","animator:Sora"],"picked":"animator:Mitsurugi","floor":13}],"player_experience":325183,"relics_obtained":[{"floor":6,"key":"Toy Ornithopter"},{"floor":7,"key":"Odd Mushroom"},{"floor":9,"key":"animator:BattleDrones"},{"floor":11,"key":"War Paint"}],"event_choices":[{"damage_healed":0,"gold_gain":0,"player_choice":"Fought Mushrooms","damage_taken":0,"max_hp_gain":0,"max_hp_loss":0,"event_name":"Mushrooms","floor":7,"gold_loss":0},{"damage_healed":18,"gold_gain":0,"player_choice":"Healed","damage_taken":0,"max_hp_gain":0,"max_hp_loss":0,"event_name":"The Cleric","floor":8,"gold_loss":35},{"damage_healed":0,"gold_gain":0,"player_choice":"Grow","damage_taken":0,"max_hp_gain":0,"max_hp_loss":0,"event_name":"Living Wall","floor":10,"gold_loss":0,"cards_upgraded":["animator:Aqua"]},{"damage_healed":0,"gold_gain":0,"player_choice":"Entered Light","damage_taken":15,"max_hp_gain":0,"max_hp_loss":0,"event_name":"Shining Light","floor":14,"gold_loss":0,"cards_upgraded":["animator:Chris","animator:Strike"]}],"is_beta":false,"boss_relics":[],"items_purged_floors":[],"is_endless":false,"potions_floor_spawned":[6,7,11],"killed_by":"The Guardian","ascension_level":0}}