{"host":"1tl36azeqm6yhdgj","time":1611600748,"event":{"mods":["AchievementEnabler","BaseMod","Minty Spire (QoL Compilation)","StSLib","The IronCluck","everything is the same but u backflip on backflip"],"gold_per_floor":[113,124,124,143,155,189,189,189,189,202,213,231,247,247,247,247,247],"floor_reached":16,"language":"ENG","playtime":422,"items_purged":[],"score":216,"play_id":"7e36a431-7049-44cc-bab7-09500af707c9","local_time":"20210125135228","is_ascension_mode":true,"campfire_choices":[{"floor":8.0,"key":"REST"},{"floor":15.0,"key":"REST"}],"circlet_count":0,"master_deck":["AscendersBane","Strike_R","Strike_R","Strike_R","Strike_R","Defend_R","Defend_R","Defend_R","Defend_R","Bash","Anger","Thunderclap","Burning Pact","Cleave","Clothesline","Ghostly Armor","Feel No Pain","Berserk","Reckless Charge","Disarm"],"relics":["Burning Blood","NeowsBlessing","The Courier","Matryoshka"],"acts_visited":["Exordium"],"potions_floor_usage":[16],"damage_taken":[{"damage":0.0,"enemies":"Small Slimes","floor":1.0,"turns":1.0},{"damage":0.0,"enemies":"Cultist","floor":2.0,"turns":1.0},{"damage":0.0,"enemies":"2 Louse","floor":4.0,"turns":1.0},{"damage":34.0,"enemies":"Exordium Thugs","floor":5.0,"turns":5.0},{"damage":44.0,"enemies":"3 Sentries","floor":6.0,"turns":10.0},{"damage":0.0,"enemies":"Large Slime","floor":7.0,"turns":4.0},{"damage":7.0,"enemies":"Looter","floor":10.0,"turns":3.0},{"damage":6.0,"enemies":"Exordium Wildlife","floor":11.0,"turns":4.0},{"damage":17.0,"enemies":"Exordium Thugs","floor":12.0,"turns":4.0},{"damage":13.0,"enemies":"Blue Slaver","floor":13.0,"turns":4.0},{"damage":41,"enemies":"Hexaghost","floor":16,"turns":9}],"seed_played":"4802075971333513673","potions_obtained":[{"floor":2.0,"key":"SmokeBomb"},{"floor":6.0,"key":"Block Potion"},{"floor":11.0,"key":"Ancient Potion"},{"floor":13.0,"key":"SkillPotion"}],"is_trial":false,"path_per_floor":["M","M","?","M","M","E","M","R","T","M","M","M","M","?","R","B"],"character_chosen":"IRONCLAD","items_purchased":[],"campfire_rested":2,"item_purchase_floors":[],"current_hp_per_floor":[74,75,75,75,47,9,15,37,37,36,36,25,18,18,40,0,0],"gold":247,"neow_bonus":"THREE_ENEMY_KILL","is_daily":false,"chose_seed":false,"campfire_upgraded":0,"win_rate":0.0,"timestamp":1611600748,"path_taken":["M","M","?","M","M","E","M","R","T","M","M","M","?","?","R","BOSS"],"items_purchased_type":[],"build_version":"2020-12-22","purchased_purges":0,"victory":false,"max_hp_per_floor":[75,75,75,75,75,75,75,75,75,75,75,75,75,75,75,75,75],"card_choices":[{"not_picked":["Sword Boomerang","Evolve"],"picked":"Anger","floor":1.0},{"not_picked":["Shrug It Off","Iron Wave"],"picked":"Thunderclap","floor":2.0},{"not_picked":["Burning Pact","Havoc"],"picked":"Cleave","floor":4.0},{"not_picked":["Battle Trance","True Grit"],"picked":"Clothesline","floor":5.0},{"not_picked":["Perfected Strike","Dark Embrace"],"picked":"Ghostly Armor","floor":6.0},{"not_picked":["Clash","Evolve"],"picked":"Feel No Pain","floor":10.0},{"not_picked":["Thunderclap","True Grit"],"picked":"Berserk","floor":11.0},{"not_picked":["Body Slam","Anger"],"picked":"Reckless Charge","floor":12.0},{"not_picked":["Sentinel","Heavy Blade"],"picked":"Disarm","floor":13.0}],"player_experience":2052994,"relics_obtained":[{"floor":6.0,"key":"The Courier"},{"floor":9.0,"key":"Matryoshka"}],"event_choices":[{"damage_healed":0.0,"max_hp_gain":0.0,"max_hp_loss":0.0,"gold_gain":0.0,"cards_transformed":["Strike_R"],"event_name":"Transmorgrifier","player_choice":"Transformed","floor":3.0,"gold_loss":0.0,"damage_taken":0.0,"cards_obtained":["Burning Pact"]},{"damage_healed":0.0,"max_hp_gain":0.0,"max_hp_loss":0.0,"gold_gain":0.0,"event_name":"Scrap Ooze","player_choice":"Fled","floor":14.0,"gold_loss":0.0,"damage_taken":0.0}],"is_beta":false,"boss_relics":[],"items_purged_floors":[],"is_endless":false,"potions_floor_spawned":[2,6,7,11,13],"killed_by":"Hexaghost","ascension_level":20}}