{"host":"p4yrwepmrl4g8pul","time":1611557276,"event":{"mods":["Act Like it!","BaseMod","BetterRewards","Colored Map","Custom Start","Gensokyo","Marisa£®ÏF”Í°°ƒß¿Ì…≥£©","Minty Spire (QoL Compilation)","Quick Restart","Rare Cards Sparkle","Reimu£®≤©¿ˆ¡È√Œ£©","Remilia£®¿Ÿ√◊¿Ú—«£©","Remove Card Discount Mod","Shop Mod","StSLib","The Jungle","Thieving Mod"],"gold_per_floor":[110,110,110,110,40,68,81,81,81,91,118,151,164,180,180,255,255,267,284,297,77,95,95,126,126,153,153,11,11,11,41,41,115,115,125,135,154,172,172,172,206,206,275,294,319,319,351,183,183,183,183,183,183,183,218,218],"floor_reached":57,"language":"ZHS","playtime":2365,"items_purged":["NB:ReiMu","Strike_Lin:ReiMu","Defend_Lin:ReiMu","Strike_Lin:ReiMu","Strike_Lin:ReiMu","Defend_Lin:ReiMu","Strike_Lin:ReiMu","Defend_Lin:ReiMu","Defend_Lin:ReiMu","YinYangSange:ReiMu+1","CollectionFlower2:ReiMu","Stagnation:ReiMu","Injury","TightArray:ReiMu","PassingAway:ReiMu"],"score":4126,"play_id":"c355ed16-2224-4962-98fc-b60d0ce760ae","local_time":"20210125144756","is_ascension_mode":true,"campfire_choices":[{"floor":8.0,"key":"REST"},{"data":"SpreadBorder2:ReiMu","floor":15.0,"key":"SMITH"},{"data":"Good Instincts","floor":23.0,"key":"SMITH"},{"data":"ShadowOfCrow2:ReiMu","floor":27.0,"key":"SMITH"},{"data":"SpreadBorder2:ReiMu","floor":29.0,"key":"SMITH"},{"data":"SubAcupoint:ReiMu","floor":32,"key":"SMITH"},{"floor":40,"key":"RECALL"},{"data":"1","floor":49,"key":"LIFT"},{"data":"Master of Strategy","floor":53,"key":"SMITH"}],"circlet_count":0,"master_deck":["AscendersBane","Master of Strategy+1","ShadowOfCrow2:ReiMu+1","PhosphorusFlame:ReiMu+1","SpreadBorder2:ReiMu+1","SubAcupoint:ReiMu+1","Good Instincts+1","FoulBorder2:ReiMu+1","SpreadBorder2:ReiMu+1","OctopathBindingBorder2:ReiMu+1"],"relics":["ShineYinYang:ReiMu","Ornamental Fan","ClockworkSouvenir","Singing Bowl","Girya","Membership Card","Frozen Egg 2","Regal Pillow","Thread and Needle","OrangePellets","Lantern","CheatingSign:ReiMu","Orichalcum","Anchor","White Beast Statue","PreservedInsect","Happy Flower","Potion Belt","Letter Opener","Akabeko","BodyOfKamiR:ReiMu","Ancient Tea Set","FadedRune:ReiMu","Strawberry","TheAbacus","Darkstone Periapt","Black Star","SkyOrb:ReiMu","Mastiff:ReiMu","Blue Candle","Bag of Marbles","Tea:ReiMu","TungstenRod","Du-Vu Doll","Whetstone","Chemical X","Incense Burner","Bird Faced Urn","ScarletDevilRocket"],"acts_visited":["Gensokyo:Gensokyo","Gensokyo:Gensokyoer","Gensokyo:Gensokyoest","TheEnding"],"potions_floor_usage":[33,54,56],"damage_taken":[{"damage":0.0,"enemies":"Gensokyo:Gryphon","floor":1.0,"turns":3.0},{"damage":0.0,"enemies":"Gensokyo:Cirno","floor":6.0,"turns":10.0},{"damage":0.0,"enemies":"Gensokyo:Python","floor":7.0,"turns":3.0},{"damage":0.0,"enemies":"Gensokyo:3_Fairies","floor":10.0,"turns":4.0},{"damage":0.0,"enemies":"Gensokyo:Mamizou","floor":12.0,"turns":4.0},{"damage":0.0,"enemies":"Gensokyo:Python_and_Kodama","floor":13.0,"turns":3.0},{"damage":0.0,"enemies":"Gensokyo:5_Fairies","floor":14.0,"turns":5.0},{"damage":0.0,"enemies":"Gensokyo:Kokoro","floor":16.0,"turns":5.0},{"damage":0.0,"enemies":"Gensokyo:CosmicMonolith","floor":18.0,"turns":4.0},{"damage":0.0,"enemies":"Gensokyo:AngelMirror","floor":19.0,"turns":4.0},{"damage":0.0,"enemies":"Gensokyo:Wraith","floor":20.0,"turns":4.0},{"damage":0.0,"enemies":"Gensokyo:3_Gloops","floor":22.0,"turns":3.0},{"damage":0.0,"enemies":"Gensokyo:Koishi","floor":24.0,"turns":5.0},{"damage":0,"enemies":"Gensokyo:Reisen","floor":31,"turns":4},{"damage":0,"enemies":"Gensokyo:Eiki","floor":33,"turns":6},{"damage":0,"enemies":"Gensokyo:3_Bats","floor":35,"turns":3},{"damage":0,"enemies":"Gensokyo:AncientGuardian","floor":36,"turns":7},{"damage":0,"enemies":"Gensokyo:Sharpion","floor":37,"turns":4},{"damage":0,"enemies":"Gensokyo:3_Boulders","floor":38,"turns":3},{"damage":0,"enemies":"Gensokyo:Marisa","floor":41,"turns":4},{"damage":0,"enemies":"Gensokyo:Rafflesia","floor":44,"turns":6},{"damage":0,"enemies":"Gensokyo:Doremy","floor":45,"turns":5},{"damage":0,"enemies":"Gensokyo:Kasen","floor":47,"turns":4},{"damage":0,"enemies":"Gensokyo:Yuyuko","floor":50,"turns":6},{"damage":0,"enemies":"Gensokyo:Scarlet_Devils","floor":51,"turns":12},{"damage":0,"enemies":"Shield and Spear","floor":55,"turns":5},{"damage":0,"enemies":"The Heart","floor":56,"turns":10}],"seed_played":"4642723111759530179","potions_obtained":[{"floor":1.0,"key":"ZuzhouPotion:ReiMu"},{"floor":6.0,"key":"Ancient Potion"},{"floor":7.0,"key":"FearPotion"},{"floor":10.0,"key":"SkillPotion"},{"floor":12.0,"key":"Fire Potion"},{"floor":13.0,"key":"Ancient Potion"},{"floor":14.0,"key":"PinkPotion:ReiMu"},{"floor":16.0,"key":"Dexterity Potion"},{"floor":18.0,"key":"SteroidPotion"},{"floor":19.0,"key":"PinkPotion:ReiMu"},{"floor":24.0,"key":"AttackPotion"},{"floor":31,"key":"ZuzhouPotion:ReiMu"},{"floor":33,"key":"BlessingOfTheForge"},{"floor":35,"key":"ThievingMod:ThievingPotion"},{"floor":47,"key":"FairyPotion"}],"is_trial":false,"path_per_floor":["M","?","?","?","?","E","M","R","T","M","T","E","M","M","R","B",null,"M","M","M","$","M","R","E","?","T","R","COS","R","?","E","R","B",null,"M","M","M","M","?","R","E","?","T","M","E","T","E","$","R","B","B",null,"R","$","E","B",null],"character_chosen":"REIMU","items_purchased":["Master of Strategy","Ornamental Fan","ClockworkSouvenir","PassingAway:ReiMu","Singing Bowl","Girya","Membership Card","Frozen Egg 2","YinYangSange:ReiMu+1","ShadowOfCrow2:ReiMu","TightArray:ReiMu","CollectionFlower2:ReiMu","Regal Pillow","Thread and Needle","OrangePellets","Lantern","PhosphorusFlame:ReiMu","CheatingSign:ReiMu","Orichalcum","Anchor","SpreadBorder2:ReiMu","SubAcupoint:ReiMu","White Beast Statue","Good Instincts","FoulBorder2:ReiMu+1","LiquidBronze","BodyOfKamiR:ReiMu","Ancient Tea Set","Du-Vu Doll"],"campfire_rested":1,"item_purchase_floors":[0,0,0,0,0,0,0,0,0,0,0,0,0,0,0,0,0,0,0,0,0,0,0,0,0,0,21,21,48],"current_hp_per_floor":[18,18,18,18,18,20,22,56,56,56,56,58,60,62,62,64,70,72,74,76,76,78,78,80,80,87,87,87,87,87,89,89,91,93,95,97,99,101,101,101,103,103,103,105,107,107,109,109,109,109,109,109,109,109,111,111],"gold":218,"neow_bonus":"","is_daily":false,"chose_seed":false,"campfire_upgraded":6,"win_rate":0.0,"timestamp":1611557276,"path_taken":["M","?","?","?","?","E","M","R","T","M","?","E","?","M","R","BOSS","M","?","M","$","?","R","E","?","T","R","COS","R","?","E","R","BOSS","M","M","M","M","?","R","E","?","T","M","E","?","E","?","R","BOSS","BOSS","R","$","E","BOSS"],"items_purchased_type":["Card","Relic","Relic","Card","Relic","Relic","Relic","Relic","Card","Card","Card","Card","Relic","Relic","Relic","Relic","Card","Relic","Relic","Relic","Card","Card","Relic","Card","Card","Potion","Relic","Relic","Relic"],"build_version":"2020-12-22","purchased_purges":15,"victory":true,"max_hp_per_floor":[60,60,60,60,60,62,64,64,64,64,64,66,68,70,70,72,72,74,76,78,78,80,80,82,82,89,89,89,89,89,91,91,93,93,95,97,99,101,101,101,103,103,103,105,107,107,109,109,109,109,109,109,109,109,111,111],"card_choices":[{"not_picked":["Amulet:ReiMu","AirStrike:ReiMu"],"picked":"SpreadBorder2:ReiMu","floor":1.0},{"not_picked":["SpiritualOutbreak2:ReiMu","Dreaming:ReiMu","FantasyMoon:ReiMu"],"picked":"Singing Bowl","floor":6.0},{"not_picked":["WonderfulDomain:ReiMu","Amulet:ReiMu","OrbThrow:ReiMu"],"picked":"Singing Bowl","floor":7.0},{"not_picked":["Conquer:ReiMu","Intuition:ReiMu"],"picked":"OctopathBindingBorder2:ReiMu+1","floor":10.0},{"not_picked":["WonderfulDomain:ReiMu","AirManeuver:ReiMu","InherentArray:ReiMu+1"],"picked":"Singing Bowl","floor":12.0},{"not_picked":["EmergencyTakeOff:ReiMu","SubcavityFantasy:ReiMu","SpringWay:ReiMu"],"picked":"Singing Bowl","floor":13.0},{"not_picked":["KamiSacrifice:ReiMu","Dreaming2:ReiMu","Gathering:ReiMu+1"],"picked":"Singing Bowl","floor":14.0},{"not_picked":["Determination:ReiMu","DependentForm:ReiMu+1","OctopathSalyBorderN:ReiMu"],"picked":"Singing Bowl","floor":16.0},{"not_picked":["BarrageOfMoneybags:ReiMu","AirStrike:ReiMu","ShadowOfCrow2:ReiMu"],"picked":"Singing Bowl","floor":18.0},{"not_picked":["SafetyPray:ReiMu","Meditation:ReiMu+1","AlertArray:ReiMu"],"picked":"Singing Bowl","floor":19.0},{"not_picked":["SealNeedle:ReiMu","SafetyPray:ReiMu","Amulet:ReiMu"],"picked":"Singing Bowl","floor":20.0},{"not_picked":["Amulet:ReiMu","SpringWay:ReiMu","EmergencyTakeOff:ReiMu"],"picked":"Singing Bowl","floor":22.0},{"not_picked":["PrepareRite:ReiMu","Amulet:ReiMu","SpreadBorder2:ReiMu"],"picked":"Singing Bowl","floor":24.0},{"not_picked":["AlertArray:ReiMu","WonderfulDomain:ReiMu","CollectionFlower2:ReiMu"],"picked":"Singing Bowl","floor":31},{"not_picked":["KamiRite:ReiMu","CleanRite:ReiMu","Shading:ReiMu"],"picked":"Singing Bowl","floor":33},{"not_picked":["AlertArray:ReiMu","EmergencyTakeOff:ReiMu","RainPray2:ReiMu"],"picked":"Singing Bowl","floor":35},{"not_picked":["MountainWay:ReiMu","YinYangSange:ReiMu+1","MikOfLucky:ReiMu+1"],"picked":"Singing Bowl","floor":36},{"not_picked":["Conquer:ReiMu","SubAcupoint:ReiMu","Amulet:ReiMu"],"picked":"Singing Bowl","floor":37},{"not_picked":["KamiSacrifice:ReiMu","PrepareRite:ReiMu","ShadowOfCrow2:ReiMu"],"picked":"Singing Bowl","floor":38},{"not_picked":["EmergencyTakeOff:ReiMu","WonderfulDomain:ReiMu+1","TightArray:ReiMu+1"],"picked":"Singing Bowl","floor":41},{"not_picked":["Gensokyo:BrilliantDragonBullet","Gensokyo:NewMoon"],"picked":"Gensokyo:MorningStar","floor":42},{"not_picked":["EmergencyTakeOff:ReiMu","PassingAway:ReiMu","SpreadBorder2:ReiMu"],"picked":"Singing Bowl","floor":44},{"not_picked":["OctopathBindingBorder2:ReiMu+1","Free:ReiMu","OrbThrow:ReiMu"],"picked":"Singing Bowl","floor":45},{"not_picked":["WonderfulDomain:ReiMu","OctopathBindingBorder2:ReiMu+1","InherentArray:ReiMu+1"],"picked":"Singing Bowl","floor":47},{"not_picked":["SpreadBorder2:ReiMu+1","Crusade:ReiMu","Intuition:ReiMu"],"picked":"Singing Bowl","floor":55}],"player_experience":799555,"relics_obtained":[{"floor":6.0,"key":"Potion Belt"},{"floor":9.0,"key":"Letter Opener"},{"floor":12.0,"key":"Akabeko"},{"floor":24.0,"key":"FadedRune:ReiMu"},{"floor":26.0,"key":"Strawberry"},{"floor":31,"key":"Darkstone Periapt"},{"floor":41,"key":"SkyOrb:ReiMu"},{"floor":41,"key":"Mastiff:ReiMu"},{"floor":43,"key":"Blue Candle"},{"floor":45,"key":"Bag of Marbles"},{"floor":46,"key":"Tea:ReiMu"},{"floor":47,"key":"TungstenRod"},{"floor":55,"key":"Bird Faced Urn"},{"floor":55,"key":"ScarletDevilRocket"}],"event_choices":[],"is_beta":false,"boss_relics":[{"not_picked":["Snecko Eye","Sozu"],"picked":"ShineYinYang:ReiMu"},{"not_picked":["Runic Pyramid","Astrolabe"],"picked":"Black Star"}],"items_purged_floors":[0,0,0,0,0,0,0,0,0,0,0,0,21,21,21],"is_endless":false,"potions_floor_spawned":[1,6,7,10,12,13,14,16,18,19,20,22,24,31,33,35,36,37,38,41,44,45,47,55],"ascension_level":20}}