{"host":"kywtqy4o43fs5yna","time":1611582590,"event":{"mods":["AchievementEnabler","Act Like it!","BaseMod","Better Note","BetterRewards","Colored Map","Minty Spire (QoL Compilation)","Quick Restart","Rare Cards Sparkle","StSLib","SuperFastMode"],"gold_per_floor":[116,291,291,306,324,324,324,324],"floor_reached":7,"language":"RUS","playtime":457,"items_purged":[],"score":43,"play_id":"4b3e12d1-d887-4aa7-a0a9-3c7b19e1b674","local_time":"20210125234950","is_ascension_mode":true,"campfire_choices":[{"data":"Fusion","floor":6,"key":"SMITH"}],"circlet_count":0,"master_deck":["Strike_B","Strike_B","Strike_B","Strike_B","Defend_B","Defend_B","Defend_B","Defend_B","Zap","Dualcast","Fusion+1","Transmutation","Self Repair","Leap","White Noise"],"relics":["Cracked Core","DataDisk","Membership Card"],"acts_visited":["Exordium"],"potions_floor_usage":[4],"damage_taken":[{"damage":6,"enemies":"Jaw Worm","floor":1,"turns":4},{"damage":5,"enemies":"2 Louse","floor":4,"turns":3},{"damage":10,"enemies":"Small Slimes","floor":5,"turns":5},{"damage":36,"enemies":"Gremlin Nob","floor":7,"turns":4}],"seed_played":"5669585066057613230","potions_obtained":[{"floor":1,"key":"GamblersBrew"}],"is_trial":false,"path_per_floor":["M","?","?","M","M","R","E"],"character_chosen":"DEFECT","items_purchased":["DataDisk","Membership Card","Fusion","Transmutation","Self Repair"],"campfire_rested":0,"item_purchase_floors":[0,0,0,0,0],"current_hp_per_floor":[41,41,34,36,33,33,0,0],"gold":324,"neow_bonus":"","is_daily":false,"chose_seed":false,"campfire_upgraded":1,"win_rate":0.0,"timestamp":1611582590,"path_taken":["M","?","?","M","M","R","E"],"items_purchased_type":["Relic","Relic","Card","Card","Card"],"build_version":"2020-12-22","purchased_purges":0,"victory":false,"max_hp_per_floor":[75,75,75,75,75,75,75,75],"card_choices":[{"not_picked":["Scrape","Force Field","Steam"],"picked":"SKIP","floor":1},{"not_picked":["Steam","Ball Lightning"],"picked":"Leap","floor":4},{"not_picked":["Coolheaded","Auto Shields"],"picked":"White Noise","floor":5}],"player_experience":170431,"relics_obtained":[],"event_choices":[{"damage_healed":0,"gold_gain":175,"player_choice":"AGREE","damage_taken":0,"max_hp_gain":0,"max_hp_loss":0,"event_name":"Liars Game","floor":2,"gold_loss":0,"cards_obtained":["Doubt"]},{"cards_removed":["Doubt"],"damage_healed":0,"gold_gain":0,"player_choice":"Card Removal","damage_taken":7,"max_hp_gain":0,"max_hp_loss":0,"event_name":"Golden Wing","floor":3,"gold_loss":0}],"is_beta":false,"boss_relics":[],"items_purged_floors":[],"is_endless":false,"potions_floor_spawned":[1],"killed_by":"Gremlin Nob","ascension_level":1}}