{"host":"f7rb14kzcw8hx1r1","time":1611580920,"event":{"mods":["BaseMod","Better Note","Better Third Choice","Colored Map","Highlight Path","Hubris","Minty Spire (QoL Compilation)","Replay The Spire","StSLib","The Forsaken"],"gold_per_floor":[118,136,9,21,36,36,69,69,120,137,137,137,169,185,185,280,280,292,292,307,176,226,236,236,247,271,331,383,144,175,175,175,320,320,356,396,265,265,71,71,110,176,176,176,222,222,222,222,222,260,260,304],"floor_reached":53,"language":"ENG","playtime":2345,"items_purged":["Strike_G","Strike_G","Strike_G","Defend_G","Defend_G"],"score":794,"play_id":"c246b74e-db8e-416d-8309-0c8b0e1cbdae","local_time":"20210125142200","is_ascension_mode":false,"campfire_choices":[{"data":"Neutralize","floor":6,"key":"SMITH"},{"data":"Cloak And Dagger","floor":8,"key":"SMITH"},{"data":"Dagger Spray","floor":12,"key":"SMITH"},{"data":"Cloak And Dagger","floor":15,"key":"SMITH"},{"data":"Cloak And Dagger","floor":24,"key":"SMITH"},{"data":"Adrenaline","floor":32,"key":"SMITH"},{"data":"Accuracy","floor":40,"key":"SMITH"},{"data":"Accuracy","floor":44,"key":"SMITH"},{"data":"Adrenaline","floor":46,"key":"SMITH"},{"data":"Leg Sweep","floor":51,"key":"SMITH"}],"circlet_count":0,"master_deck":["Defend_G","Defend_G","Defend_G","Survivor","Neutralize+1","Dagger Spray+1","Cloak And Dagger+1","Footwork","Footwork","Blade Dance","Backflip","Cloak And Dagger+1","Blade Dance","Sunder","PiercingWail","Adrenaline+1","Survivor+1","Footwork","Accuracy+1","Cloak And Dagger+1","Calculated Gamble","Hidden Blade","Leg Sweep+1","A Thousand Cuts","Accuracy+1","ReplayTheSpireMod:Speed Training","Adrenaline+1"],"relics":["Ring of the Snake","Smiling Mask","Bag of Marbles","hubris:ToyBattleship","hubris:SlimyHat","Black Star","Replay:Bandana","hubris:AncientText","Mirror","Sling","Busted Crown","Replay:Wax Seal","BargainBundle","hubris:SphereOfDissonance","ReplayTheSpireMod:TigerMarble","Darkstone Periapt","hubris:Towel"],"acts_visited":["Exordium","TheCity","TheBeyond"],"potions_floor_usage":[7,33,33,42],"damage_taken":[{"damage":0,"enemies":"Small Slimes","floor":1,"turns":5},{"damage":0,"enemies":"2 Louse","floor":2,"turns":3},{"damage":0,"enemies":"Cultist","floor":4,"turns":5},{"damage":0,"enemies":"Exordium Wildlife","floor":5,"turns":3},{"damage":29,"enemies":"Gremlin Nob","floor":7,"turns":6},{"damage":1,"enemies":"Exordium Thugs","floor":10,"turns":4},{"damage":1,"enemies":"3 Sentries","floor":13,"turns":3},{"damage":2,"enemies":"Large Slime","floor":14,"turns":4},{"damage":8,"enemies":"The Guardian","floor":16,"turns":14},{"damage":6,"enemies":"Spheric Guardian","floor":18,"turns":6},{"damage":0,"enemies":"3 Byrds","floor":20,"turns":4},{"damage":1,"enemies":"Shelled Parasite and Fungi","floor":23,"turns":6},{"damage":2,"enemies":"Centurion and Healer","floor":25,"turns":6},{"damage":1,"enemies":"Gremlin Leader","floor":27,"turns":7},{"damage":0,"enemies":"3 Cultists","floor":28,"turns":3},{"damage":0,"enemies":"Snecko","floor":30,"turns":6},{"damage":22,"enemies":"Automaton","floor":33,"turns":9},{"damage":6,"enemies":"3 Darklings","floor":35,"turns":7},{"damage":1,"enemies":"Orb Walker","floor":36,"turns":4},{"damage":8,"enemies":"Spire Growth","floor":41,"turns":5},{"damage":0,"enemies":"R_Hoarder","floor":42,"turns":8},{"damage":0,"enemies":"Transient","floor":45,"turns":5},{"damage":0,"enemies":"4 Shapes","floor":50,"turns":3},{"damage":4,"enemies":"Awakened One","floor":52,"turns":10}],"seed_played":"5370136149365768243","potions_obtained":[{"floor":2,"key":"Toxic Potion"},{"floor":4,"key":"FairyPotion"},{"floor":10,"key":"Adrenaline Potion"},{"floor":14,"key":"Strength Potion"},{"floor":35,"key":"DistilledChaos"},{"floor":36,"key":"GamblersBrew"}],"is_trial":false,"path_per_floor":["M","M","$","M","M","R","E","R","T","M","?","R","E","M","R","B",null,"M","?","M","$","?","M","R","M","T","E","M","$","M","?","R","B",null,"M","M","$","?","$","R","M","E","T","R","M","R","?","PTL","PTL","M","R","B",null],"character_chosen":"THE_SILENT","items_purchased":["Footwork","Accuracy","Sling","Leg Sweep","Replay:Wax Seal","BargainBundle","Accuracy","Adrenaline Potion","Elixir","ReplayTheSpireMod:Speed Training"],"campfire_rested":0,"item_purchase_floors":[3,21,29,29,37,39,39,39,39,39],"current_hp_per_floor":[63,63,63,63,63,63,34,34,34,33,24,24,23,21,21,13,63,57,57,57,57,57,56,56,54,54,53,53,53,53,53,53,31,63,57,56,56,56,56,56,48,48,48,48,48,48,48,48,48,48,48,44],"gold":304,"neow_bonus":"REMOVE_TWO","is_daily":false,"chose_seed":false,"campfire_upgraded":10,"win_rate":0.0,"timestamp":1611580920,"path_taken":["M","M","$","M","M","R","E","R","T","M","?","R","E","M","R","BOSS","M","?","M","$","?","M","R","M","T","E","?","$","M","?","R","BOSS","M","M","$","?","$","R","M","E","T","R","M","R","?","PTL","PTL","?","R","BOSS"],"items_purchased_type":["Card","Card","Relic","Card","Relic","Relic","Card","Potion","Potion","Card"],"build_version":"2020-12-22","purchased_purges":5,"victory":true,"max_hp_per_floor":[63,63,63,63,63,63,63,63,63,63,63,63,63,63,63,63,63,63,63,63,63,63,63,63,63,63,63,63,63,63,63,63,63,63,63,63,63,63,63,63,63,63,63,63,63,63,63,63,63,63,63,63],"card_choices":[{"not_picked":["Backflip","ReplayTheSpireMod:The Works"],"picked":"Dagger Spray","floor":1},{"not_picked":["Dagger Throw","Skewer"],"picked":"Cloak And Dagger","floor":2},{"not_picked":["ReplayTheSpireMod:The Works","Outmaneuver"],"picked":"Blade Dance","floor":4},{"not_picked":["Slice","Underhanded Strike"],"picked":"Backflip","floor":5},{"not_picked":["Dagger Spray","Outmaneuver"],"picked":"Cloak And Dagger","floor":7},{"not_picked":["Dagger Spray","Bullet Time"],"picked":"Blade Dance","floor":10},{"not_picked":["Dodge and Roll","Footwork","Deflect"],"picked":"SKIP","floor":13},{"not_picked":["Prepared","hubris:SlightOfHand"],"picked":"PiercingWail","floor":14},{"not_picked":["Burst","Corpse Explosion"],"picked":"Adrenaline","floor":16},{"not_picked":["Quick Slash+1","Bane+1","Dagger Throw"],"picked":"SKIP","floor":18},{"not_picked":["Flying Knee","Backstab"],"picked":"Footwork","floor":20},{"not_picked":["Footwork","Dash+1"],"picked":"Cloak And Dagger","floor":23},{"not_picked":["PiercingWail+1","ReplayTheSpireMod:Speed Training+1"],"picked":"Calculated Gamble","floor":25},{"not_picked":["Dagger Spray","Corpse Explosion"],"picked":"Hidden Blade","floor":27},{"not_picked":["Catalyst","Quick Slash","Dagger Spray"],"picked":"SKIP","floor":28},{"not_picked":["Hidden Blade","Slice+1","Dagger Throw"],"picked":"SKIP","floor":30},{"not_picked":["Poison Darts","Unload"],"picked":"A Thousand Cuts","floor":33},{"not_picked":["Deflect"],"picked":"SKIP","floor":35},{"not_picked":["PiercingWail"],"picked":"SKIP","floor":36},{"not_picked":["Deadly Poison+1"],"picked":"SKIP","floor":41},{"not_picked":[],"picked":"Adrenaline","floor":42},{"not_picked":["Bane"],"picked":"SKIP","floor":45},{"not_picked":["Heel Hook+1"],"picked":"SKIP","floor":50}],"player_experience":937022,"relics_obtained":[{"floor":7,"key":"Smiling Mask"},{"floor":9,"key":"Bag of Marbles"},{"floor":13,"key":"hubris:SlimyHat"},{"floor":26,"key":"Replay:Bandana"},{"floor":27,"key":"hubris:AncientText"},{"floor":27,"key":"Mirror"},{"floor":42,"key":"hubris:SphereOfDissonance"},{"floor":42,"key":"ReplayTheSpireMod:TigerMarble"},{"floor":43,"key":"Darkstone Periapt"}],"event_choices":[{"cards_removed":["Adrenaline"],"damage_healed":0,"gold_gain":0,"player_choice":"Take \u0026 Give","damage_taken":0,"max_hp_gain":0,"max_hp_loss":0,"event_name":"betterNote:BetterNote","floor":19,"gold_loss":0,"cards_obtained":["Survivor"]},{"damage_healed":0,"gold_gain":100,"player_choice":"Bet on Murderer","damage_taken":0,"max_hp_gain":0,"max_hp_loss":0,"event_name":"The Joust","floor":22,"gold_loss":50},{"damage_healed":0,"gold_gain":0,"player_choice":"Memory 1","damage_taken":0,"max_hp_gain":0,"max_hp_loss":0,"event_name":"SensoryStone","floor":38,"gold_loss":0}],"is_beta":false,"boss_relics":[{"not_picked":["Cursed Key","Runic Dome"],"picked":"Black Star"},{"not_picked":["SacredBark","hubris:ScarierMask"],"picked":"Busted Crown"}],"items_purged_floors":[3,21,29,37,39],"is_endless":false,"potions_floor_spawned":[2,4,10,14,25,28,30,35,36,41],"ascension_level":0}}