{"host":"az8lnyxx7l5ect6t","time":1611533317,"event":{"mods":["2.2 Compatiblity","AchievementEnabler","Act Like it!","Aspiration","BaseMod","Better Third Choice","Block Reminder","Conspire","Curses Come First","Defuse TimeMaze Blight","Downfall","Elementarium","Halation","Hallownest","Hubris","Infinite Spire","Jedi Mod","Keyboard Shortcuts","Minty Spire (QoL Compilation)","MonsterHotkey","Quick Restart","Replay The Spire","Spicy Shops","StSLib","The Blue Laboratory","Trackpad","Uncapped","Wandering Minibosses"],"gold_per_floor":[99,112,112,26,26,43,56,56,83,102,102,117,117,117,117,137,137,147,249,249,249,261,272,272,149,149,149,149,149,161,161,161,180,213,229,229,229,229,241,344,344,344,356,375,385,385,228,340,340,356,356,492,492,492,539,555,566,566],"floor_reached":59,"language":"ENG","playtime":5458,"items_purged":[],"score":759,"play_id":"f7d209d1-8689-40e0-bdac-50dce9de03fb","local_time":"20210124190837","is_ascension_mode":false,"campfire_choices":[{"data":"champ:Taunt","floor":1,"key":"SMITH"},{"data":"champ:StrikeOfGenius","floor":11,"key":"SMITH"},{"data":"champ:EnragedBash","floor":13,"key":"SMITH"},{"data":"champ:ShieldWall","floor":15,"key":"SMITH"},{"data":"champ:ShieldWall","floor":29,"key":"SMITH"},{"floor":36,"key":"REST"},{"floor":42,"key":"DIG"},{"data":"Replay:SS_fish_1","floor":54,"key":"SMITH"}],"circlet_count":0,"master_deck":["champ:Strike","champ:Strike","champ:Strike","champ:Strike","champ:Defend","champ:Defend","champ:Defend","champ:Defend","champ:Execute","champ:Taunt+1","champ:Duel","champ:PreciseThrust","champ:StrikeOfGenius+1","champ:ShieldThrow+1","champ:EnGarde","champ:EnragedBash+1","champ:ArenaPreparation","champ:ShieldWall+1","champ:AdrenalArmor","champ:FanOfKnives","champ:VampiricStrike","champ:Encircle","champ:PreciseThrust+1","champ:RecklessLeap+1","champ:ShieldWall+1","champ:ArenaPreparation","champ:DeathBlow","champ:TornadoPunch","champ:Parry+1","champ:CrookedStrike","champ:HoldFirm","champ:FocusedDefense+1","champ:PerfectedStrike+1","champ:EndlessRage+1","champ:Backstep+1","champ:ShieldWall","expansioncontent:DashGenerateEvil","champ:FocusedDefense","champ:HeartStrike+1","Replay:SS_fish_1+1","champ:Endure","champ:TornadoPunch","champ:FaceSlap"],"relics":["champ:ChampionCrown","Lizard Tail","Strawberry","hubris:Towel","jedi:HeartOfTheCards","halation:ForbiddenBikini","aspiration:RitualStick","hubris:Icosahedron","Replay:WaspNest","ReplayFunnel","Nilry\u0027s Codex","Bag of Marbles","trackpad:Coffee","trackpad:HandOfMidas","trackpad:CultistFigurine","Replay:Baseball","conspire:TreasureMap","hubris:Spice","Blue Candle","wanderingMiniBosses:Inkheart"],"acts_visited":["Exordium","TheCity","TheBeyond"],"potions_floor_usage":[19,40,40,58,58],"damage_taken":[{"damage":15,"enemies":"Small Slimes","floor":2,"turns":5},{"damage":20,"enemies":"downfall:FleeingMerchant","floor":4,"turns":4},{"damage":11,"enemies":"Jaw Worm","floor":6,"turns":3},{"damage":0,"enemies":"conspire:RoseBush","floor":7,"turns":2},{"damage":6,"enemies":"Gremlin Gang","floor":10,"turns":4},{"damage":28,"enemies":"3 Louse","floor":12,"turns":4},{"damage":5,"enemies":"Blue Slaver","floor":16,"turns":2},{"damage":74,"enemies":"Exordium Thugs","floor":18,"turns":5},{"damage":95,"enemies":"DF_ARCHETYPE_STREAMLINE","floor":19,"turns":7},{"damage":5,"enemies":"3 Byrds","floor":22,"turns":4},{"damage":25,"enemies":"Chosen and Byrds","floor":23,"turns":3},{"damage":40,"enemies":"downfall:FleeingMerchant","floor":25,"turns":4},{"damage":0,"enemies":"Snecko","floor":30,"turns":5},{"damage":15,"enemies":"Snake Plant","floor":33,"turns":3},{"damage":30,"enemies":"Replay:Snechameleon","floor":34,"turns":4},{"damage":18,"enemies":"Chosen and Byrds","floor":35,"turns":4},{"damage":20,"enemies":"conspire:HollyBat","floor":39,"turns":7},{"damage":59,"enemies":"IC_MUSHROOM_ARCHETYPE","floor":40,"turns":5},{"damage":13,"enemies":"3 Shapes","floor":43,"turns":4},{"damage":10,"enemies":"Orb Walker","floor":44,"turns":2},{"damage":5,"enemies":"Spire Growth","floor":45,"turns":3},{"damage":10,"enemies":"downfall:FleeingMerchant","floor":47,"turns":2},{"damage":64,"enemies":"Maw","floor":48,"turns":7},{"damage":20,"enemies":"Sphere and 2 Shapes","floor":50,"turns":3},{"damage":32,"enemies":"Spire Growth","floor":52,"turns":2},{"damage":10,"enemies":"3 Darklings","floor":55,"turns":3},{"damage":13,"enemies":"Writhing Mass","floor":56,"turns":4},{"damage":30,"enemies":"Transient","floor":57,"turns":6},{"damage":56,"enemies":"WA_ARCHETYPE_DIVINITY","floor":58,"turns":7}],"seed_played":"-3421695479751072210","potions_obtained":[{"floor":0,"key":"hexamod:SoulburnPotion"},{"floor":0,"key":"conspire:TimeTravelPotion"},{"floor":0,"key":"Explosive Potion"},{"floor":16,"key":"DuplicationPotion"},{"floor":19,"key":"blueLaboratory:LouseDecoction"},{"floor":35,"key":"blueLaboratory:FruitPunch"},{"floor":39,"key":"champ:OpenerPotion"},{"floor":40,"key":"Dexterity Potion"},{"floor":50,"key":"ColorlessPotion"}],"is_trial":false,"path_per_floor":["R","M","?","$","?","M","M","T","T","M","R","M","R","?","R","M","T","M","B",null,"R","M","M","?","$","?","T","T","R","M","?","?","M","E","M","R","?","AVR","M","B",null,"R","M","M","M","?","$","M","T","M","?","M","?","R","M","M","M","B",null],"character_chosen":"THE_CHAMP","items_purchased":["champ:StrikeOfGenius","champ:ShieldWall","trackpad:CultistFigurine","Replay:Baseball","conspire:TreasureMap","hubris:Spice","champ:ShieldWall","expansioncontent:DashGenerateEvil"],"campfire_rested":1,"item_purchase_floors":[4,25,47,47,47,47,47,47],"current_hp_per_floor":[90,90,90,90,90,89,89,89,96,95,95,92,92,92,92,92,92,83,63,97,78,73,68,68,68,68,68,68,68,68,52,52,37,22,14,43,43,43,33,33,99,99,96,96,99,99,107,83,91,91,86,79,79,79,79,76,80,54],"gold":566,"neow_bonus":"THREE_SMALL_POTIONS","is_daily":false,"chose_seed":false,"campfire_upgraded":6,"win_rate":0.0,"timestamp":1611533317,"path_taken":["R","M","?","?","?","M","M","T","T","?","R","M","R","?","R","M","?","M","BOSS","R","M","M","?","$","?","T","T","R","M","?","?","?","E","M","R","?","AVR","M","BOSS","R","M","M","?","?","?","M","T","?","?","M","?","R","M","M","M","BOSS"],"items_purchased_type":["Card","Card","Relic","Relic","Relic","Relic","Card","Card"],"build_version":"2020-12-22","purchased_purges":0,"victory":true,"max_hp_per_floor":[90,90,90,90,90,90,90,90,97,97,97,97,97,97,97,97,97,97,97,97,97,97,97,97,97,97,97,97,97,97,97,97,97,97,97,97,97,97,97,99,99,99,99,99,99,99,107,107,115,107,107,107,107,107,107,107,107,107],"card_choices":[{"not_picked":["champ:AdrenalArmor","champ:FanOfKnives"],"picked":"champ:Duel","floor":2},{"not_picked":["champ:Parry","champ:BringItOn"],"picked":"champ:PreciseThrust","floor":4},{"not_picked":["champ:IgnorePain","champ:Circumvent"],"picked":"champ:EnGarde","floor":6},{"not_picked":["champ:FlashCut","champ:Parry"],"picked":"champ:EnragedBash","floor":7},{"not_picked":["champ:RapidStrikes","champ:PreciseThrust"],"picked":"champ:ArenaPreparation","floor":10},{"not_picked":["champ:RisingSlash","champ:FanOfKnives"],"picked":"champ:ShieldWall","floor":12},{"not_picked":["champ:Duel","champ:PreciseThrust"],"picked":"champ:AdrenalArmor","floor":16},{"not_picked":["champ:CrownThrow","champ:LastStand"],"picked":"champ:FanOfKnives","floor":18},{"not_picked":["champ:MurderStrike","champ:HeavySlash"],"picked":"champ:VampiricStrike","floor":19},{"not_picked":["champ:DefensiveShout","champ:RapidStrikes"],"picked":"champ:Encircle","floor":22},{"not_picked":["champ:BladeFlurry","champ:BerserkersShout"],"picked":"champ:PreciseThrust+1","floor":23},{"not_picked":["champ:BerserkersShout","champ:Devastate"],"picked":"champ:RecklessLeap+1","floor":25},{"not_picked":["champ:LastStand","champ:DefensiveShout"],"picked":"champ:ArenaPreparation","floor":30},{"not_picked":["champ:CrookedStrike+1","champ:PerfectedStrike"],"picked":"champ:DeathBlow","floor":33},{"not_picked":["champ:PreemptiveStrike","champ:FlashCut"],"picked":"champ:TornadoPunch","floor":34},{"not_picked":["champ:RapidStrikes","champ:EnragedBash"],"picked":"champ:Parry+1","floor":35},{"not_picked":["champ:PreciseThrust","champ:Endure+1"],"picked":"champ:CrookedStrike","floor":39},{"not_picked":["champ:UltimateStance","champ:HeavySlash"],"picked":"champ:HoldFirm","floor":40},{"not_picked":["champ:FanOfKnives+1","champ:BladeFlurry+1"],"picked":"champ:FocusedDefense+1","floor":43},{"not_picked":["champ:BringItOn","champ:UltimateStance"],"picked":"champ:PerfectedStrike+1","floor":44},{"not_picked":["champ:EnragedBash","champ:PreemptiveStrike+1"],"picked":"champ:EndlessRage+1","floor":45},{"not_picked":["champ:BringItOn","champ:RisingSlash+1"],"picked":"champ:Backstep+1","floor":47},{"not_picked":["champ:Duel+1","champ:Endure+1"],"picked":"champ:FocusedDefense","floor":48},{"not_picked":["champ:Circumvent","champ:BringItOn+1"],"picked":"hubris:SpiceAddiction","floor":50},{"not_picked":["champ:Backstep+1","champ:Haymaker+1"],"picked":"champ:HeartStrike+1","floor":52},{"not_picked":["expansioncontent:Hexaburn","expansioncontent:YouAreMine"],"picked":"Replay:SS_fish_1","floor":53},{"not_picked":["champ:Haymaker","champ:GutPunch+1"],"picked":"champ:Endure","floor":55},{"not_picked":["hubris:SpiceAddiction","champ:EndlessRage+1"],"picked":"champ:TornadoPunch","floor":56},{"not_picked":["champ:Devastate","champ:BerserkersShout+1"],"picked":"champ:FaceSlap","floor":57}],"player_experience":700002,"relics_obtained":[{"floor":8,"key":"Lizard Tail"},{"floor":9,"key":"Strawberry"},{"floor":17,"key":"jedi:HeartOfTheCards"},{"floor":27,"key":"Replay:WaspNest"},{"floor":28,"key":"ReplayFunnel"},{"floor":31,"key":"Nilry\u0027s Codex"},{"floor":34,"key":"Bag of Marbles"},{"floor":42,"key":"trackpad:HandOfMidas"},{"floor":49,"key":"hubris:Spice"},{"floor":57,"key":"wanderingMiniBosses:Inkheart"}],"event_choices":[{"damage_healed":0,"gold_gain":0,"player_choice":"Leave","damage_taken":0,"max_hp_gain":0,"max_hp_loss":0,"event_name":"conspire:Investor","floor":3,"gold_loss":0},{"damage_healed":0,"gold_gain":0,"player_choice":"Ignored","damage_taken":0,"max_hp_gain":0,"max_hp_loss":0,"event_name":"Ghosts","floor":26,"gold_loss":0},{"damage_healed":0,"gold_gain":0,"player_choice":"Ignored","damage_taken":0,"max_hp_gain":0,"max_hp_loss":0,"event_name":"NoteForYourself","floor":37,"gold_loss":0}],"is_beta":false,"boss_relics":[{"not_picked":["halation:MonkeysPaw","halation:PlatinumPhoenix"],"picked":"halation:ForbiddenBikini"},{"not_picked":["conspire:SeveredTorchhead","aspiration:SilentSkillbook"],"picked":"trackpad:Coffee"}],"items_purged_floors":[],"is_endless":false,"potions_floor_spawned":[6,10,16,18,19,22,23,35,39,40,50,52,55,56,57],"ascension_level":0}}