{"host":"6r341r9cz00j2qc1","time":1611536370,"event":{"mods":["BaseMod","Better Third Choice","GungeonMod","Hermit","Lobotomy","LobotomyExtend","Minty Spire (QoL Compilation)","Replay The Spire","Shop Mod","StSLib"],"gold_per_floor":[270,270,173,245,264,293,293,293,293,17,17,37,51,61,61,156,206,226,243,256,46,58,85,104,104,104,104,132,152,152,165,165,264,264,264,264],"floor_reached":35,"language":"ENG","playtime":2716,"items_purged":[],"score":474,"play_id":"ba9df3f3-b1e3-4ef4-969f-536144096a2f","local_time":"20210125015930","is_ascension_mode":false,"campfire_choices":[{"floor":8,"key":"REST"},{"floor":15,"key":"REST"},{"floor":27,"key":"REST"},{"data":"hermit:ShadowCloak","floor":30,"key":"SMITH"},{"data":"hermit:Glare","floor":32,"key":"SMITH"}],"circlet_count":0,"master_deck":["hermit:Strike_Hermit","hermit:Strike_Hermit","hermit:Strike_Hermit","hermit:Defend_Hermit","hermit:Defend_Hermit","hermit:Snapshot","hermit:Covet","OSAHOGD","hermit:Deadeye","Languid","Bloodbath","hermit:HighCaliber","Wellcheers","hermit:ShadowCloak+1","Regret","OldLady","hermit:Spite","hermit:Glare+1","MHz","hermit:Grudge+1","Mercenary","hermit:RoundhouseKick+1","hermit:Malice","Scorched","hermit:SprayPray","hermit:Snipe+1","hermit:Coalescence","hermit:Grudge+1","hermit:Virtue+1","hermit:Virtue+1","Magnetism+1","ReplayTheSpireMod:Private Reserves+1","Bandage Up+1","hermit:Misfire+1","BlueStar","hermit:Feint","hermit:BodyArmor","BlackArmy","hermit:SprayPray","hermit:SprayPray","hermit:Roughhouse+1","hermit:BlackWind+1","hermit:Malice+1","hermit:HighCaliber+1"],"relics":["hermit:Momento","CogitoBucket","LetterFromLob","CultistMask","ReplayTheSpireMod:CursedCoin","Vajra","Golden Egg","Du-Vu Doll","Simple Rune","Membership Card","Eternal Feather","Gremlin Food","BackwardClock","Tiny House","ReplayTheSpireMod:ShopPack","Ancient Tea Set","AspirationHeart","DemoMod:ClearGuonStone","MealTicket","Justitia_r","Astrolabe"],"acts_visited":["Exordium","TheCity","TheBeyond"],"potions_floor_usage":[16,16,22,22,22,23,31,33,35,35],"damage_taken":[{"damage":0,"enemies":"Cultist","floor":1,"turns":3},{"damage":2,"enemies":"Small Slimes","floor":5,"turns":4},{"damage":35,"enemies":"3 Sentries","floor":6,"turns":8},{"damage":0,"enemies":"2 Louse","floor":12,"turns":1},{"damage":11,"enemies":"Exordium Wildlife","floor":13,"turns":4},{"damage":18,"enemies":"2 Fungi Beasts","floor":14,"turns":4},{"damage":31,"enemies":"Slime Boss","floor":16,"turns":9},{"damage":30,"enemies":"Shell Parasite","floor":18,"turns":4},{"damage":11,"enemies":"3 Byrds","floor":19,"turns":4},{"damage":31,"enemies":"Snake Plant","floor":20,"turns":4},{"damage":0,"enemies":"Centurion and Healer","floor":22,"turns":3},{"damage":2,"enemies":"Gremlin Leader","floor":23,"turns":3},{"damage":1,"enemies":"3 Cultists","floor":24,"turns":3},{"damage":11,"enemies":"Replay:Snechameleon","floor":28,"turns":3},{"damage":26,"enemies":"Snake Plant","floor":29,"turns":6},{"damage":44,"enemies":"Chosen and Byrds","floor":31,"turns":5},{"damage":43,"enemies":"Collector","floor":33,"turns":8},{"damage":100,"enemies":"Orb Walker","floor":35,"turns":4}],"seed_played":"-8580821043072058170","potions_obtained":[{"floor":6,"key":"SkillPotion"},{"floor":12,"key":"Reflective Coating"},{"floor":16,"key":"SpeedPotion"},{"floor":17,"key":"DemoMod:BlankPotion"},{"floor":22,"key":"FearPotion"},{"floor":23,"key":"Reflective Coating"},{"floor":33,"key":"FearPotion"}],"is_trial":false,"path_per_floor":["M","?","$","T","M","E","?","R","T","$","?","M","M","M","R","B",null,"M","M","M","$","M","E","M","?","T","R","E","M","R","M","R","B",null,"M"],"character_chosen":"HERMIT","items_purchased":["ReplayTheSpireMod:CursedCoin","Vajra","Fruit Juice","Membership Card","Eternal Feather","ReplayTheSpireMod:ShopPack","hermit:Grudge","hermit:Virtue","Ancient Tea Set"],"campfire_rested":3,"item_purchase_floors":[3,3,3,10,10,21,21,21,21],"current_hp_per_floor":[75,75,75,75,73,40,40,62,62,62,62,62,55,38,72,61,85,63,53,27,27,39,37,42,42,42,94,91,79,95,57,84,62,95,0,0],"gold":264,"neow_bonus":"","is_daily":false,"chose_seed":false,"campfire_upgraded":2,"win_rate":0.0,"timestamp":1611536370,"path_taken":["M","?","$","?","M","E","?","R","T","$","?","M","M","M","R","BOSS","M","M","M","$","M","E","M","?","T","R","E","?","R","M","R","BOSS","M"],"items_purchased_type":["Relic","Relic","Potion","Relic","Relic","Relic","Card","Card","Relic"],"build_version":"2020-12-22","purchased_purges":0,"victory":false,"max_hp_per_floor":[75,75,75,75,75,75,75,75,75,75,75,75,75,75,75,80,85,85,85,85,85,95,95,95,95,95,95,95,95,95,95,95,95,95,95,95],"card_choices":[{"not_picked":["BeautyBeast","CrumblingArmor"],"picked":"OSAHOGD","floor":1},{"not_picked":["hermit:Shortfuse","hermit:Ricochet"],"picked":"hermit:Deadeye","floor":1},{"not_picked":["SnowQueen","SpiderBud"],"picked":"Bloodbath","floor":5},{"not_picked":["hermit:Snipe","hermit:Feint"],"picked":"hermit:HighCaliber","floor":5},{"not_picked":["CrumblingArmor","Murderer"],"picked":"Wellcheers","floor":6},{"not_picked":["hermit:HighCaliber","hermit:GhostlyPresence"],"picked":"hermit:ShadowCloak","floor":6},{"not_picked":["ShyLook","SpiderBud"],"picked":"OldLady","floor":12},{"not_picked":["hermit:Headshot","hermit:Coalescence"],"picked":"hermit:Spite","floor":12},{"not_picked":["SpiderBud","UniverseFragment"],"picked":"PunishingBird","floor":13},{"not_picked":["hermit:Gestalt","hermit:Maintenance"],"picked":"hermit:Glare","floor":13},{"not_picked":["VoidDream","RedShoes","MeatLantern"],"picked":"Singing Bowl","floor":14},{"not_picked":["SpiderBud","WallGazer"],"picked":"MHz","floor":14},{"not_picked":["hermit:SprayPray","hermit:Desperado"],"picked":"hermit:Grudge","floor":14},{"not_picked":["WhiteNight","CrumblingArmor","WallGazer"],"picked":"Singing Bowl","floor":16},{"not_picked":["SpiderBud","HappyTeddy"],"picked":"Mercenary","floor":16},{"not_picked":["hermit:OverwhelmingPower","hermit:Adapt"],"picked":"hermit:RoundhouseKick","floor":16},{"not_picked":["hermit:Gestalt","hermit:Enervate"],"picked":"hermit:Malice","floor":17},{"not_picked":["CrumblingArmor","CherryBlossoms"],"picked":"Scorched","floor":18},{"not_picked":["hermit:HoleUp","hermit:LuckOfTheDraw"],"picked":"hermit:SprayPray","floor":18},{"not_picked":["Porccubus","ShyLook","WhiteNight"],"picked":"Singing Bowl","floor":19},{"not_picked":["hermit:CalledShot","hermit:HighCaliber"],"picked":"hermit:Snipe+1","floor":19},{"not_picked":["SilentOrchestra","HeroicMonk"],"picked":"LongBird","floor":20},{"not_picked":["hermit:Gestalt","hermit:LoneWolf"],"picked":"hermit:Coalescence","floor":20},{"not_picked":["Mayhem","Violence"],"picked":"Magnetism","floor":21},{"not_picked":["Flash of Steel","ReplayTheSpireMod:Trickstab"],"picked":"ReplayTheSpireMod:Private Reserves","floor":21},{"not_picked":["DemoMod:Spice","Flash of Steel"],"picked":"Bandage Up","floor":21},{"not_picked":["LaLuna","FairyFestival","SpiderBud"],"picked":"Singing Bowl","floor":22},{"not_picked":["hermit:Dive+1","hermit:Shortfuse"],"picked":"hermit:Misfire+1","floor":22},{"not_picked":["Alriune","UniverseFragment","FairyFestival"],"picked":"Singing Bowl","floor":23},{"not_picked":["CENSORED","SpiderBud"],"picked":"BlueStar","floor":23},{"not_picked":["hermit:Dive","hermit:Showdown"],"picked":"hermit:Feint","floor":23},{"not_picked":["SnowQueen","CENSORED","MeatLantern"],"picked":"Singing Bowl","floor":24},{"not_picked":["hermit:FlashPowder","hermit:Manifest"],"picked":"hermit:BodyArmor","floor":24},{"not_picked":["HeroicMonk","LittlePrince","RedShoes"],"picked":"Singing Bowl","floor":28},{"not_picked":["CrumblingArmor","ShyLook"],"picked":"BlackArmy","floor":28},{"not_picked":["hermit:Manifest","hermit:Snipe"],"picked":"hermit:SprayPray","floor":28},{"not_picked":["Variant","CrumblingArmor","FairyFestival"],"picked":"Singing Bowl","floor":29},{"not_picked":["hermit:Gestalt","hermit:Manifest","hermit:Ricochet+1"],"picked":"SKIP","floor":29},{"not_picked":["CENSORED","BlackSwan","Alriune"],"picked":"Singing Bowl","floor":31},{"not_picked":["hermit:Gestalt","hermit:Enervate"],"picked":"hermit:SprayPray","floor":31},{"not_picked":["BlackSwan","VoidDream"],"picked":"BigBird","floor":33},{"not_picked":["hermit:Reprieve","hermit:FinalCanter"],"picked":"hermit:Roughhouse","floor":33}],"player_experience":456025,"relics_obtained":[{"floor":1,"key":"LetterFromLob"},{"floor":4,"key":"Golden Egg"},{"floor":6,"key":"Du-Vu Doll"},{"floor":9,"key":"Simple Rune"},{"floor":23,"key":"DemoMod:ClearGuonStone"},{"floor":26,"key":"MealTicket"}],"event_choices":[{"damage_healed":0,"gold_gain":0,"player_choice":"Trade","damage_taken":0,"relics_obtained":["CultistMask"],"max_hp_gain":0,"max_hp_loss":0,"event_name":"FaceTrader","floor":2,"gold_loss":0},{"damage_healed":0,"gold_gain":0,"player_choice":"Box","damage_taken":0,"relics_obtained":["Gremlin Food"],"max_hp_gain":0,"max_hp_loss":0,"event_name":"Big Fish","floor":11,"gold_loss":0,"cards_obtained":["Regret"]},{"damage_healed":0,"gold_gain":0,"player_choice":"Upgraded","damage_taken":0,"max_hp_gain":0,"max_hp_loss":0,"event_name":"Upgrade Shrine","floor":25,"gold_loss":0,"cards_upgraded":["hermit:Grudge"]}],"is_beta":false,"boss_relics":[{"not_picked":["Black Star","SlaversCollar"],"picked":"Tiny House"},{"not_picked":["Painkiller Herb","Kintsugi"],"picked":"Astrolabe"}],"items_purged_floors":[],"is_endless":false,"potions_floor_spawned":[6,12,16,18,22,23,33],"killed_by":"Orb Walker","ascension_level":0}}