{"host":"oi6p1guiqfwwvxym","time":1611561559,"event":{"mods":["BaseMod","Bestiary","Colored Map","Minty Spire (QoL Compilation)","Relic Stats"],"gold_per_floor":[113,133,209,221,15,15,48,48,72,98,173,173,173,186,186,262,312,326,326,284,17,17,17],"floor_reached":22,"language":"ENG","playtime":1035,"items_purged":[],"score":472,"play_id":"a0f16972-7826-486e-a679-7b03e7467283","local_time":"20210124235919","is_ascension_mode":true,"campfire_choices":[{"data":"Inflame","floor":6,"key":"SMITH"},{"floor":8,"key":"REST"},{"floor":13,"key":"REST"},{"floor":15,"key":"REST"}],"circlet_count":0,"master_deck":["AscendersBane","Strike_R+1","Strike_R+1","Strike_R+1","Strike_R+1","Strike_R+1","Defend_R+1","Defend_R+1","Defend_R+1","Defend_R+1","Bash","Inflame+1","Clothesline+1","Seeing Red","Wild Strike","True Grit","Fire Breathing+1","Dual Wield","Feed","Burning Pact","Uppercut","Reaper","Thunderclap"],"relics":["SlaversCollar","Membership Card","Red Skull","Toy Ornithopter","Juzu Bracelet","Tiny House","HornCleat","Orrery"],"acts_visited":["Exordium","TheCity"],"potions_floor_usage":[10,14,16,18],"damage_taken":[{"damage":11,"enemies":"Jaw Worm","floor":1,"turns":6},{"damage":2,"enemies":"2 Louse","floor":2,"turns":3},{"damage":7,"enemies":"Small Slimes","floor":4,"turns":3},{"damage":20,"enemies":"Gremlin Nob","floor":7,"turns":4},{"damage":38,"enemies":"3 Sentries","floor":10,"turns":8},{"damage":6,"enemies":"2 Fungi Beasts","floor":14,"turns":3},{"damage":0,"enemies":"Slime Boss","floor":16,"turns":5},{"damage":19,"enemies":"Chosen","floor":18,"turns":5},{"damage":32,"enemies":"2 Thieves","floor":20,"turns":5},{"damage":40,"enemies":"Snake Plant","floor":22,"turns":5}],"seed_played":"-4442181800230946261","potions_obtained":[{"floor":7,"key":"Weak Potion"},{"floor":10,"key":"Weak Potion"},{"floor":14,"key":"Weak Potion"},{"floor":17,"key":"SmokeBomb"}],"is_trial":false,"path_per_floor":["M","M","?","M","$","R","E","R","T","E","?","?","R","M","R","B",null,"M","?","M","$","M"],"character_chosen":"IRONCLAD","items_purchased":["Membership Card","Wild Strike","PowerPotion","Reaper","HornCleat","Orrery"],"campfire_rested":3,"item_purchase_floors":[5,5,5,21,21,21],"current_hp_per_floor":[57,55,55,48,48,48,28,50,50,17,6,6,28,27,49,54,75,61,61,29,29,0,0],"gold":17,"neow_bonus":"BOSS_RELIC","is_daily":false,"chose_seed":false,"campfire_upgraded":1,"win_rate":0.0,"timestamp":1611561559,"path_taken":["M","M","?","M","$","R","E","R","T","E","?","?","R","M","R","BOSS","M","?","M","$","M"],"items_purchased_type":["Relic","Card","Potion","Card","Relic","Relic"],"build_version":"2020-12-22","purchased_purges":0,"victory":false,"max_hp_per_floor":[75,75,75,75,75,75,75,75,75,75,75,75,75,75,75,75,80,80,80,80,80,80,80],"relic_stats":{"counters":[10,47],"Juzu Bracelet":0,"obtain_stats":[{"SlaversCollar":0,"Tiny House":17,"HornCleat":21,"Orrery":21,"Juzu Bracelet":10,"Membership Card":5,"Burning Blood":0,"Red Skull":7,"Toy Ornithopter":9},{"SlaversCollar":0,"Tiny House":7,"HornCleat":9,"Orrery":9,"Juzu Bracelet":5,"Membership Card":3,"Burning Blood":0,"Red Skull":4,"Toy Ornithopter":4},{"SlaversCollar":0,"Tiny House":32,"HornCleat":42,"Orrery":42,"Juzu Bracelet":24,"Membership Card":12,"Burning Blood":0,"Red Skull":16,"Toy Ornithopter":16}],"Toy Ornithopter":20},"card_choices":[{"not_picked":["Headbutt","Havoc"],"picked":"Inflame","floor":1},{"not_picked":["Shrug It Off","Seeing Red"],"picked":"Clothesline","floor":2},{"not_picked":["Perfected Strike","Dual Wield"],"picked":"Seeing Red","floor":4},{"not_picked":["Intimidate","Demon Form"],"picked":"True Grit","floor":7},{"not_picked":["Armaments","Disarm"],"picked":"Fire Breathing","floor":10},{"not_picked":["Clothesline","Cleave"],"picked":"Dual Wield","floor":14},{"not_picked":["Double Tap","Bludgeon"],"picked":"Feed","floor":16},{"not_picked":["Iron Wave","Warcry"],"picked":"Burning Pact","floor":18},{"not_picked":["Clothesline","Body Slam"],"picked":"Uppercut","floor":20},{"not_picked":["Dark Embrace+1","Clash"],"picked":"Thunderclap","floor":21}],"player_experience":388534,"relics_obtained":[{"floor":7,"key":"Red Skull"},{"floor":9,"key":"Toy Ornithopter"},{"floor":10,"key":"Juzu Bracelet"}],"event_choices":[{"damage_healed":0,"gold_gain":76,"player_choice":"Gained Gold","damage_taken":0,"max_hp_gain":0,"max_hp_loss":0,"event_name":"Golden Wing","floor":3,"gold_loss":0},{"damage_healed":0,"gold_gain":75,"player_choice":"Gather Gold","damage_taken":11,"max_hp_gain":0,"max_hp_loss":0,"event_name":"World of Goop","floor":11,"gold_loss":0},{"damage_healed":0,"gold_gain":0,"player_choice":"Grow","damage_taken":0,"max_hp_gain":0,"max_hp_loss":0,"event_name":"Living Wall","floor":12,"gold_loss":0,"cards_upgraded":["Fire Breathing"]},{"damage_healed":0,"gold_gain":0,"player_choice":"Simplicity","damage_taken":0,"max_hp_gain":0,"max_hp_loss":0,"event_name":"Back to Basics","floor":19,"gold_loss":0,"cards_upgraded":["Strike_R","Strike_R","Strike_R","Strike_R","Strike_R","Defend_R","Defend_R","Defend_R","Defend_R"]}],"is_beta":false,"boss_relics":[{"not_picked":["Empty Cage","Fusion Hammer"],"picked":"Tiny House"}],"items_purged_floors":[],"is_endless":false,"potions_floor_spawned":[7,10,14],"killed_by":"Snake Plant","ascension_level":19}}