{"host":"ELF","time":1611616880,"event":{"mods":["BaseMod","Bestiary","Minty Spire (QoL Compilation)","Relic Stats","Slay the Relics Exporter"],"gold_per_floor":[218,218,229,229,247,281,301,266,266,266,284,359,8,35,35,35,35],"floor_reached":16,"language":"ENG","playtime":745,"items_purged":[],"score":215,"play_id":"ba215965-a9f9-47b3-bd3c-11e8fd8f834e","local_time":"20210125172120","is_ascension_mode":true,"campfire_choices":[{"floor":10.0,"key":"REST"},{"data":"True Grit","floor":15.0,"key":"SMITH"}],"circlet_count":0,"master_deck":["AscendersBane","Strike_R","Strike_R","Strike_R","Strike_R","Strike_R+1","Defend_R","Defend_R","Defend_R+1","Defend_R","Bash","Wild Strike","Inflame","Pommel Strike+1","Sever Soul+1","Dual Wield","True Grit+1","Fire Breathing","Reaper+1"],"relics":["Burning Blood","Molten Egg 2","Matryoshka","Nunchaku","Letter Opener","Gremlin Horn","Bottled Tornado"],"acts_visited":["Exordium"],"potions_floor_usage":[16],"damage_taken":[{"damage":6.0,"enemies":"Cultist","floor":1.0,"turns":3.0},{"damage":0.0,"enemies":"2 Louse","floor":3.0,"turns":2.0},{"damage":0.0,"enemies":"Small Slimes","floor":5.0,"turns":3.0},{"damage":32.0,"enemies":"3 Sentries","floor":6.0,"turns":7.0},{"damage":2.0,"enemies":"2 Fungi Beasts","floor":7.0,"turns":3.0},{"damage":6.0,"enemies":"Looter","floor":11.0,"turns":4.0},{"damage":10.0,"enemies":"Lagavulin","floor":14.0,"turns":6.0},{"damage":46,"enemies":"The Guardian","floor":16,"turns":10}],"seed_played":"6795511723469983833","potions_obtained":[{"floor":3.0,"key":"Weak Potion"},{"floor":11.0,"key":"AttackPotion"},{"floor":14.0,"key":"Weak Potion"}],"is_trial":false,"path_per_floor":["M","?","M","?","M","E","M","?","T","R","M","?","$","E","R","B"],"character_chosen":"IRONCLAD","items_purchased":["Fire Breathing","Gremlin Horn"],"campfire_rested":1,"item_purchase_floors":[13,13],"current_hp_per_floor":[68,45,51,33,39,13,17,35,35,57,57,46,46,42,42,0,0],"gold":35,"neow_bonus":"HUNDRED_GOLD","is_daily":false,"chose_seed":false,"campfire_upgraded":1,"win_rate":0.0,"timestamp":1611616880,"path_taken":["M","?","M","?","M","E","M","?","T","R","M","?","?","E","R","BOSS"],"items_purchased_type":["Card","Relic"],"build_version":"2020-12-18","purchased_purges":0,"victory":false,"max_hp_per_floor":[75,75,75,75,75,75,75,75,75,75,75,75,75,75,75,75,75],"relic_stats":{"Nunchaku":[2],"Gremlin Horn":[0,0],"counters":[8,38],"Letter Opener":[10],"obtain_stats":[{"Nunchaku":9,"Matryoshka":6,"Gremlin Horn":13,"Molten Egg 2":4,"Letter Opener":9,"Bottled Tornado":14,"Burning Blood":0},{"Nunchaku":5,"Matryoshka":4,"Gremlin Horn":6,"Molten Egg 2":2,"Letter Opener":5,"Bottled Tornado":7,"Burning Blood":0},{"Nunchaku":18,"Matryoshka":15,"Gremlin Horn":22,"Molten Egg 2":5,"Letter Opener":18,"Bottled Tornado":28,"Burning Blood":0}],"Burning Blood":42},"card_choices":[{"not_picked":["Havoc","Headbutt"],"picked":"Wild Strike","floor":1.0},{"not_picked":["Havoc","Anger"],"picked":"Inflame","floor":3.0},{"not_picked":["Battle Trance","Shrug It Off"],"picked":"Pommel Strike+1","floor":5.0},{"not_picked":["Sentinel","Searing Blow+1"],"picked":"Sever Soul+1","floor":6.0},{"not_picked":["Sword Boomerang+1","Warcry"],"picked":"Dual Wield","floor":7.0},{"not_picked":["Double Tap","Shockwave"],"picked":"True Grit","floor":11.0},{"not_picked":["Warcry","Havoc"],"picked":"Reaper+1","floor":14.0}],"player_experience":3281354,"relics_obtained":[{"floor":6.0,"key":"Matryoshka"},{"floor":9.0,"key":"Nunchaku"},{"floor":9.0,"key":"Letter Opener"},{"floor":14.0,"key":"Bottled Tornado"}],"event_choices":[{"damage_healed":0.0,"max_hp_gain":0.0,"max_hp_loss":0.0,"gold_gain":0.0,"event_name":"Shining Light","player_choice":"Entered Light","floor":2.0,"gold_loss":0.0,"damage_taken":23.0,"cards_upgraded":["Strike_R","Defend_R"]},{"damage_healed":0.0,"max_hp_gain":0.0,"max_hp_loss":0.0,"gold_gain":0.0,"event_name":"Scrap Ooze","player_choice":"Success","floor":4.0,"gold_loss":0.0,"damage_taken":18.0,"relics_obtained":["Molten Egg 2"]},{"damage_healed":18.0,"max_hp_gain":0.0,"max_hp_loss":0.0,"gold_gain":0.0,"event_name":"The Cleric","player_choice":"Healed","floor":8.0,"gold_loss":35.0,"damage_taken":0.0},{"damage_healed":0.0,"max_hp_gain":0.0,"max_hp_loss":0.0,"gold_gain":75.0,"event_name":"World of Goop","player_choice":"Gather Gold","floor":12.0,"gold_loss":0.0,"damage_taken":11.0}],"is_beta":true,"boss_relics":[],"items_purged_floors":[],"is_endless":false,"potions_floor_spawned":[3,11,14],"killed_by":"The Guardian","ascension_level":19}}