{"host":"89iuq2p5kwriuwfq","time":1611589168,"event":{"mods":["BaseMod","Curses Come First","Minty Spire (QoL Compilation)","Permanent Neow","StSLib"],"gold_per_floor":[118,131,29,46,46,77,77,112,151,23,57,57,74,99,99,197,197,210,309,320,330,343,369,369,399,425,451,483,49,83,95,95,190,190,201,211,433,483,497,529,529,546,546,579,592,627,97,107,107,107,107,107,58,90,90],"floor_reached":56,"language":"ENG","playtime":4376,"items_purged":["Strike_B","Strike_B","Zap"],"score":1943,"play_id":"26900a7e-1220-42e1-821d-3c7c6e3c7c4d","local_time":"20210125153928","is_ascension_mode":true,"campfire_choices":[{"data":"Defragment","floor":15.0,"key":"SMITH"},{"data":"Capacitor","floor":24.0,"key":"SMITH"},{"data":"Multi-Cast","floor":32.0,"key":"SMITH"},{"data":"Creative AI","floor":41.0,"key":"SMITH"},{"floor":49.0,"key":"RECALL"},{"floor":52.0,"key":"DIG"}],"circlet_count":0,"master_deck":["Defend_B+1","Defend_B","Ball Lightning+1","Ball Lightning+1","Conserve Battery","Capacitor+1","Leap","Defragment+1","Ball Lightning+1","Cold Snap","Defragment+1","Coolheaded","Multi-Cast+1","Recycle+1","Defragment+1","Barrage+1","Cold Snap+1","Cold Snap","Ball Lightning","Coolheaded","Cold Snap+1","Auto Shields","Glacier+1","Creative AI+1","Coolheaded","BootSequence","Echo Form","Defragment+1","Defragment+1","Coolheaded"],"relics":["Cracked Core","Lantern","MawBank","Toy Ornithopter","Nunchaku","DataDisk","Astrolabe","Gremlin Horn","Bird Faced Urn","Bag of Marbles","Red Mask","Emotion Chip","Bottled Tornado","Regal Pillow","Philosopher\u0027s Stone","Dead Branch","Turnip","Shovel","Centennial Puzzle","Whetstone","DollysMirror","Cables","Strawberry"],"acts_visited":["Exordium","TheCity","TheBeyond","TheEnding"],"potions_floor_usage":[55,55,55,55,55],"damage_taken":[{"damage":0.0,"enemies":"Cultist","floor":1.0,"turns":3.0},{"damage":0.0,"enemies":"Small Slimes","floor":2.0,"turns":2.0},{"damage":2.0,"enemies":"Jaw Worm","floor":4.0,"turns":3.0},{"damage":14.0,"enemies":"Gremlin Nob","floor":6.0,"turns":4.0},{"damage":23.0,"enemies":"3 Sentries","floor":8.0,"turns":6.0},{"damage":9.0,"enemies":"Lagavulin","floor":11.0,"turns":4.0},{"damage":1.0,"enemies":"Large Slime","floor":13.0,"turns":3.0},{"damage":16.0,"enemies":"3 Sentries","floor":14.0,"turns":5.0},{"damage":0.0,"enemies":"Hexaghost","floor":16.0,"turns":6.0},{"damage":0.0,"enemies":"Spheric Guardian","floor":18.0,"turns":3.0},{"damage":0.0,"enemies":"Shell Parasite","floor":20.0,"turns":5.0},{"damage":16.0,"enemies":"Snake Plant","floor":21.0,"turns":3.0},{"damage":10.0,"enemies":"Snecko","floor":22.0,"turns":4.0},{"damage":0.0,"enemies":"Gremlin Leader","floor":23.0,"turns":6.0},{"damage":33.0,"enemies":"Slavers","floor":25.0,"turns":5.0},{"damage":20.0,"enemies":"Masked Bandits","floor":27.0,"turns":4.0},{"damage":0.0,"enemies":"Book of Stabbing","floor":28.0,"turns":5.0},{"damage":10.0,"enemies":"Slavers","floor":30.0,"turns":4.0},{"damage":1.0,"enemies":"Sentry and Sphere","floor":31.0,"turns":4.0},{"damage":9.0,"enemies":"Champ","floor":33.0,"turns":10.0},{"damage":0.0,"enemies":"Orb Walker","floor":35.0,"turns":4.0},{"damage":6.0,"enemies":"3 Darklings","floor":36.0,"turns":5.0},{"damage":0.0,"enemies":"Mind Bloom Boss Battle","floor":38.0,"turns":6.0},{"damage":0.0,"enemies":"Maw","floor":39.0,"turns":7.0},{"damage":4.0,"enemies":"Giant Head","floor":40.0,"turns":8.0},{"damage":3.0,"enemies":"4 Shapes","floor":42.0,"turns":3.0},{"damage":1.0,"enemies":"Reptomancer","floor":44.0,"turns":8.0},{"damage":21.0,"enemies":"Transient","floor":45.0,"turns":5.0},{"damage":2.0,"enemies":"Giant Head","floor":46.0,"turns":8.0},{"damage":0.0,"enemies":"3 Darklings","floor":48.0,"turns":4.0},{"damage":13.0,"enemies":"Time Eater","floor":50.0,"turns":12.0},{"damage":12,"enemies":"Shield and Spear","floor":54,"turns":11},{"damage":34,"enemies":"The Heart","floor":55,"turns":7}],"seed_played":"-2097641126318993876","potions_obtained":[{"floor":1.0,"key":"Ancient Potion"},{"floor":6.0,"key":"Regen Potion"},{"floor":8.0,"key":"GamblersBrew"},{"floor":14.0,"key":"SneckoOil"},{"floor":16.0,"key":"ColorlessPotion"},{"floor":20.0,"key":"LiquidBronze"},{"floor":25.0,"key":"FairyPotion"},{"floor":28.0,"key":"LiquidBronze"},{"floor":31.0,"key":"FocusPotion"},{"floor":38.0,"key":"Strength Potion"},{"floor":39.0,"key":"FocusPotion"}],"is_trial":false,"path_per_floor":["M","M","$","M","?","E","?","E","T","$","E","?","M","E","R","B",null,"M","?","M","M","M","E","R","E","T","?","E","$","E","M","R","B",null,"M","M","?","?","M","E","R","M","T","E","M","E","$","M","R","B",null,"R","$","E","B",null],"character_chosen":"DEFECT","items_purchased":["Conserve Battery","Defragment","Ball Lightning","Cold Snap","Bottled Tornado","Auto Shields","Whetstone","DollysMirror","EntropicBrew","Coolheaded"],"campfire_rested":0,"item_purchase_floors":[3,10,10,10,29,29,47,47,47,53],"current_hp_per_floor":[68,68,68,66,66,52,38,30,30,30,26,26,25,9,9,9,53,53,53,53,37,27,37,37,9,9,19,25,25,28,33,33,32,59,68,68,68,68,68,68,68,65,65,68,53,68,68,68,68,68,68,68,68,75,53],"gold":90,"neow_bonus":"REMOVE_TWO","is_daily":false,"chose_seed":false,"campfire_upgraded":4,"win_rate":0.0,"timestamp":1611589168,"path_taken":["M","M","$","?","?","E","?","E","T","?","E","?","M","E","R","BOSS","M","?","M","M","M","E","R","E","T","?","E","$","E","M","R","BOSS","M","M","?","?","M","E","R","M","T","E","M","E","$","M","R","BOSS","R","$","E","BOSS"],"items_purchased_type":["Card","Card","Card","Card","Relic","Card","Relic","Relic","Potion","Card"],"build_version":"2020-12-22","purchased_purges":3,"victory":true,"max_hp_per_floor":[68,68,68,68,68,68,68,68,68,68,68,68,68,68,68,68,68,68,68,68,68,68,68,68,68,68,68,68,68,68,68,68,68,68,68,68,68,68,68,68,68,68,68,68,68,68,68,68,68,68,68,68,68,75,75],"card_choices":[{"not_picked":["Double Energy","Coolheaded"],"picked":"Ball Lightning","floor":1.0},{"not_picked":["Rebound","Leap"],"picked":"Ball Lightning","floor":2.0},{"not_picked":["Rebound","Compile Driver"],"picked":"Capacitor","floor":4.0},{"not_picked":["Scrape","All For One","Steam Power"],"picked":"SKIP","floor":6.0},{"not_picked":["Reprogram","Barrage"],"picked":"Leap","floor":8.0},{"not_picked":["Cold Snap","Conserve Battery"],"picked":"Defragment","floor":11.0},{"not_picked":["Reprogram","Beam Cell","Go for the Eyes"],"picked":"SKIP","floor":13.0},{"not_picked":["Sweeping Beam","Compile Driver"],"picked":"Coolheaded","floor":14.0},{"not_picked":["Hyperbeam","Echo Form"],"picked":"Multi-Cast","floor":16.0},{"not_picked":["Gash","Go for the Eyes"],"picked":"Cold Snap+1","floor":18.0},{"not_picked":["Beam Cell","Skim"],"picked":"Cold Snap","floor":20.0},{"not_picked":["Cold Snap","Redo+1"],"picked":"Ball Lightning","floor":21.0},{"not_picked":["Cold Snap","Conserve Battery+1","Darkness+1"],"picked":"SKIP","floor":22.0},{"not_picked":["Consume+1","Lockon"],"picked":"Coolheaded","floor":23.0},{"not_picked":["Hello World","Stack","Creative AI"],"picked":"SKIP","floor":25.0},{"not_picked":["Heatsinks","Reboot"],"picked":"Cold Snap+1","floor":28.0},{"not_picked":["Buffer","Beam Cell"],"picked":"Glacier+1","floor":30.0},{"not_picked":["Conserve Battery","Stack+1","Sunder+1"],"picked":"SKIP","floor":31.0},{"not_picked":["All For One","Biased Cognition"],"picked":"Creative AI","floor":33.0},{"not_picked":["FTL","Compile Driver+1","Redo"],"picked":"SKIP","floor":35.0},{"not_picked":["Conserve Battery","Cold Snap"],"picked":"Coolheaded","floor":36.0},{"not_picked":["Aggregate+1","Stack+1","Leap"],"picked":"SKIP","floor":39.0},{"not_picked":["Stack+1","Go for the Eyes"],"picked":"BootSequence","floor":40.0},{"not_picked":["Lockon","Rebound+1"],"picked":"Echo Form","floor":42.0},{"not_picked":["Conserve Battery","Hologram+1","Turbo+1"],"picked":"SKIP","floor":44.0},{"not_picked":["Redo","Melter","Gash"],"picked":"SKIP","floor":45.0},{"not_picked":["Double Energy+1","Go for the Eyes+1","Rainbow"],"picked":"SKIP","floor":46.0},{"not_picked":["Coolheaded","BootSequence+1"],"picked":"Defragment+1","floor":48.0},{"not_picked":["Darkness","Rip and Tear","Melter"],"picked":"SKIP","floor":54}],"player_experience":576317,"relics_obtained":[{"floor":6.0,"key":"Lantern"},{"floor":8.0,"key":"MawBank"},{"floor":9.0,"key":"Toy Ornithopter"},{"floor":11.0,"key":"Nunchaku"},{"floor":14.0,"key":"DataDisk"},{"floor":23.0,"key":"Gremlin Horn"},{"floor":25.0,"key":"Bird Faced Urn"},{"floor":26.0,"key":"Bag of Marbles"},{"floor":27.0,"key":"Red Mask"},{"floor":28.0,"key":"Emotion Chip"},{"floor":30.0,"key":"Regal Pillow"},{"floor":38.0,"key":"Dead Branch"},{"floor":40.0,"key":"Turnip"},{"floor":44.0,"key":"Shovel"},{"floor":46.0,"key":"Centennial Puzzle"},{"floor":52.0,"key":"Cables"},{"floor":54,"key":"Strawberry"}],"event_choices":[{"damage_healed":0.0,"max_hp_gain":0.0,"max_hp_loss":0.0,"gold_gain":0.0,"event_name":"The Cleric","player_choice":"Leave","floor":5.0,"gold_loss":0.0,"damage_taken":0.0},{"damage_healed":0.0,"max_hp_gain":0.0,"max_hp_loss":0.0,"gold_gain":0.0,"event_name":"Shining Light","player_choice":"Entered Light","floor":7.0,"gold_loss":0.0,"damage_taken":14.0,"cards_upgraded":["Ball Lightning","Defend_B"]},{"damage_healed":0.0,"max_hp_gain":0.0,"max_hp_loss":0.0,"gold_gain":0.0,"event_name":"Living Wall","player_choice":"Grow","floor":12.0,"gold_loss":0.0,"damage_taken":0.0,"cards_upgraded":["Defragment"]},{"damage_healed":0.0,"max_hp_gain":0.0,"max_hp_loss":0.0,"gold_gain":99.0,"event_name":"Nest","player_choice":"Stole From Cult","floor":19.0,"gold_loss":0.0,"damage_taken":0.0},{"damage_healed":0.0,"max_hp_gain":0.0,"max_hp_loss":0.0,"gold_gain":0.0,"event_name":"Masked Bandits","player_choice":"Fought Bandits","floor":27.0,"gold_loss":0.0,"damage_taken":0.0},{"damage_healed":0.0,"max_hp_gain":0.0,"max_hp_loss":0.0,"gold_gain":222.0,"event_name":"Tomb of Lord Red Mask","player_choice":"Wore Mask","floor":37.0,"gold_loss":0.0,"damage_taken":0.0},{"damage_healed":0.0,"max_hp_gain":0.0,"max_hp_loss":0.0,"gold_gain":0.0,"event_name":"MindBloom","player_choice":"Fight","floor":38.0,"gold_loss":0.0,"damage_taken":0.0}],"is_beta":false,"boss_relics":[{"not_picked":["Cursed Key","Tiny House"],"picked":"Astrolabe"},{"not_picked":["Runic Pyramid","Black Star"],"picked":"Philosopher\u0027s Stone"}],"items_purged_floors":[3,29,47],"is_endless":false,"potions_floor_spawned":[1,6,8,14,16,20,22,25,28,31,38,39,40,48],"ascension_level":8}}