{"host":"Arthrogeddon","time":1611591781,"event":{"mods":["BaseMod","Beaked The Cultist","ChefMod","Downfall","Glutton Mod","Hermit","Highlight Path","Infinite Spire","Mad Scientist","Minty Spire (QoL Compilation)","StSLib","The Construct","The Cursed","The Disciple","The Hierophant","The Marked","The Mystic","The Necromancer","The Runesmith","The Witch"],"gold_per_floor":[111,128,147,147,165,165,175,192,192,192,192,210,210,224,224,322,322,336,355,355,355],"floor_reached":20,"language":"ENG","playtime":3932,"items_purged":[],"score":170,"play_id":"cce50eaf-246f-4e28-91aa-a618424cb1a6","local_time":"20210125172301","is_ascension_mode":false,"campfire_choices":[{"data":"hermit:Determination","floor":6.0,"key":"SMITH"},{"data":"hermit:Snipe","floor":10.0,"key":"SMITH"},{"floor":13,"key":"REST"},{"floor":15,"key":"REST"}],"circlet_count":0,"master_deck":["hermit:Strike_Hermit","hermit:Strike_Hermit","hermit:Strike_Hermit","hermit:Defend_Hermit","hermit:Defend_Hermit","hermit:Defend_Hermit","hermit:Defend_Hermit","hermit:Snapshot","hermit:Covet","hermit:Snipe+1","hermit:ItchyTrigger","hermit:Determination+1","hermit:GhostlyPresence","hermit:TakeAim","hermit:ShadowCloak","hermit:HighNoon","hermit:Vantage","hermit:Vantage"],"relics":["hermit:Momento","Bird Faced Urn","Black Star"],"acts_visited":["Exordium","TheCity"],"potions_floor_usage":[16,16,19,20,20],"damage_taken":[{"damage":7.0,"enemies":"infinitespire:Voidling","floor":1.0,"turns":5.0},{"damage":1.0,"enemies":"Cultist","floor":2.0,"turns":3.0},{"damage":0.0,"enemies":"2 Louse","floor":3.0,"turns":2.0},{"damage":11.0,"enemies":"Lots of Slimes","floor":5.0,"turns":8.0},{"damage":33.0,"enemies":"Gremlin Gang","floor":7.0,"turns":5.0},{"damage":6.0,"enemies":"2 Fungi Beasts","floor":8.0,"turns":5.0},{"damage":12,"enemies":"Large Slime","floor":12,"turns":7},{"damage":7,"enemies":"3 Louse","floor":14,"turns":3},{"damage":30,"enemies":"Hexaghost","floor":16,"turns":13},{"damage":42,"enemies":"Spheric Guardian","floor":18,"turns":10},{"damage":60,"enemies":"Chosen","floor":19,"turns":9},{"damage":12,"enemies":"Sentry and Sphere","floor":20,"turns":3}],"seed_played":"-3134849585163083753","potions_obtained":[{"floor":3.0,"key":"Ancient Potion"},{"floor":12,"key":"DuplicationPotion"},{"floor":14,"key":"SkillPotion"},{"floor":16,"key":"Regen Potion"},{"floor":19,"key":"LiquidBronze"}],"is_trial":false,"path_per_floor":["M","M","M","?","M","R","M","M","T","R","?","M","R","M","R","B",null,"M","M","M"],"character_chosen":"HERMIT","items_purchased":[],"campfire_rested":2,"item_purchase_floors":[],"current_hp_per_floor":[79,78,78,78,67,67,34,28,28,28,20,10,34,29,53,27,82,44,7,0,0],"gold":355,"neow_bonus":"TEN_PERCENT_HP_BONUS","is_daily":false,"chose_seed":false,"campfire_upgraded":2,"win_rate":0.0,"timestamp":1611591781,"path_taken":["M","M","?","?","M","R","M","M","T","R","?","M","R","M","R","BOSS","M","M","?"],"items_purchased_type":[],"build_version":"2020-11-17","purchased_purges":0,"victory":false,"max_hp_per_floor":[82,82,82,82,82,82,82,82,82,82,82,82,82,82,82,82,82,82,82,82,82],"card_choices":[{"not_picked":["hermit:Coalescence","hermit:Headshot"],"picked":"hermit:Snipe","floor":1.0},{"not_picked":["hermit:Misfire","hermit:Spite"],"picked":"hermit:ItchyTrigger","floor":2.0},{"not_picked":["hermit:ItchyTrigger","hermit:Roulette","hermit:HoleUp"],"picked":"SKIP","floor":3.0},{"not_picked":["hermit:Snipe","hermit:GoldenBullet"],"picked":"hermit:Determination","floor":5.0},{"not_picked":["hermit:Showdown","hermit:Ricochet"],"picked":"hermit:GhostlyPresence","floor":7.0},{"not_picked":["hermit:Misfire","hermit:TakeCover","hermit:SprayPray"],"picked":"SKIP","floor":8.0},{"not_picked":["hermit:Misfire","hermit:TakeCover","hermit:SprayPray"],"picked":"SKIP","floor":8.0},{"not_picked":["hermit:Determination","hermit:Enervate"],"picked":"hermit:TakeAim","floor":12},{"not_picked":["hermit:Snipe","hermit:Brawl"],"picked":"hermit:ShadowCloak","floor":14},{"not_picked":["hermit:Magnum","hermit:Purgatory"],"picked":"hermit:HighNoon","floor":16},{"not_picked":["hermit:TrackingShot","hermit:FlashPowder"],"picked":"hermit:Vantage","floor":18},{"not_picked":["hermit:CalledShot","hermit:GoldenBullet"],"picked":"hermit:Vantage","floor":19}],"player_experience":13648,"relics_obtained":[{"floor":9.0,"key":"Bird Faced Urn"}],"event_choices":[{"cards_removed":["hermit:Strike_Hermit"],"damage_healed":0.0,"max_hp_gain":0.0,"max_hp_loss":0.0,"gold_gain":0.0,"event_name":"Living Wall","player_choice":"Forget","floor":4.0,"gold_loss":0.0,"damage_taken":0.0},{"damage_healed":0,"gold_gain":0,"player_choice":"Damaged","damage_taken":8,"max_hp_gain":0,"max_hp_loss":0,"event_name":"Wheel of Change","floor":11,"gold_loss":0}],"is_beta":true,"boss_relics":[{"not_picked":["Runesmith:UraniumAnvil","Runic Pyramid"],"picked":"Black Star"}],"items_purged_floors":[],"is_endless":false,"potions_floor_spawned":[3,12,14,16,19],"killed_by":"Sentry and Sphere","ascension_level":0}}