{"host":"i1h39d0gfh5c6uxl","time":1611562435,"event":{"mods":["AchievementEnabler","BaseMod","Colored Map","Colored Powertips","Highlight Path","Minty Spire (QoL Compilation)"],"gold_per_floor":[117,117,137,155,174,174,200,200,226,243,243,262,292,292,292,394,394,411,423,442,442,455,455,485,504,504,504,504],"floor_reached":27,"language":"ENG","playtime":1256,"items_purged":[],"score":237,"play_id":"c694abb3-4984-458f-893e-77d698113d0b","local_time":"20210125161355","is_ascension_mode":false,"campfire_choices":[{"data":"Bash","floor":6,"key":"SMITH"},{"data":"True Grit","floor":8,"key":"SMITH"},{"data":"Cleave","floor":15,"key":"SMITH"},{"floor":23,"key":"REST"}],"circlet_count":0,"master_deck":["Strike_R","Strike_R","Defend_R","Defend_R","Bash+1","Limit Break+1","Corruption+1","Uppercut+1","Cleave+1","Shrug It Off","True Grit+1","Sentinel","Pommel Strike","Shrug It Off","Combust","Demon Form","Dual Wield+1","Dark Embrace"],"relics":["Astrolabe"],"acts_visited":["Exordium","TheCity"],"potions_floor_usage":[3,18,24,24,27],"damage_taken":[{"damage":6,"enemies":"Jaw Worm","floor":1,"turns":3},{"damage":0,"enemies":"Small Slimes","floor":3,"turns":2},{"damage":0,"enemies":"Cultist","floor":4,"turns":3},{"damage":4,"enemies":"Blue Slaver","floor":5,"turns":4},{"damage":13,"enemies":"Lagavulin","floor":7,"turns":6},{"damage":2,"enemies":"3 Louse","floor":10,"turns":3},{"damage":0,"enemies":"Gremlin Gang","floor":12,"turns":4},{"damage":40,"enemies":"Hexaghost","floor":16,"turns":10},{"damage":20,"enemies":"Shell Parasite","floor":18,"turns":5},{"damage":4,"enemies":"Spheric Guardian","floor":19,"turns":5},{"damage":20,"enemies":"Snake Plant","floor":20,"turns":6},{"damage":15,"enemies":"Centurion and Healer","floor":22,"turns":6},{"damage":61,"enemies":"Book of Stabbing","floor":24,"turns":7},{"damage":1,"enemies":"Snecko","floor":25,"turns":3},{"damage":32,"enemies":"Chosen and Byrds","floor":27,"turns":4}],"seed_played":"1889178088797886186","potions_obtained":[{"floor":1,"key":"SneckoOil"},{"floor":3,"key":"BlessingOfTheForge"},{"floor":10,"key":"Swift Potion"},{"floor":12,"key":"FairyPotion"},{"floor":19,"key":"SpeedPotion"},{"floor":24,"key":"LiquidBronze"}],"is_trial":false,"path_per_floor":["M","?","M","M","M","R","E","R","T","M","?","M","?","?","R","B",null,"M","M","M","?","M","R","E","M","T","M"],"character_chosen":"IRONCLAD","items_purchased":[],"campfire_rested":1,"item_purchase_floors":[],"current_hp_per_floor":[74,74,74,74,70,70,57,57,57,55,55,55,55,55,55,15,80,60,56,36,36,21,45,8,7,7,0,0],"gold":504,"neow_bonus":"BOSS_RELIC","is_daily":false,"chose_seed":false,"campfire_upgraded":3,"win_rate":0.0,"timestamp":1611562435,"path_taken":["M","?","M","M","M","R","E","R","T","M","?","?","?","?","R","BOSS","M","?","M","?","M","R","E","M","T","M"],"items_purchased_type":[],"build_version":"2020-12-22","purchased_purges":0,"victory":false,"max_hp_per_floor":[80,80,80,80,80,80,80,80,80,80,80,80,80,80,80,80,80,80,80,80,80,80,80,80,80,80,80,80],"card_choices":[{"not_picked":["Sentinel","Warcry"],"picked":"Cleave","floor":1},{"not_picked":["Wild Strike","Dual Wield"],"picked":"Shrug It Off","floor":3},{"not_picked":["Iron Wave","Body Slam","Havoc"],"picked":"SKIP","floor":4},{"not_picked":["Thunderclap","Perfected Strike"],"picked":"True Grit","floor":5},{"not_picked":["Pummel","Body Slam"],"picked":"Sentinel","floor":7},{"not_picked":["Armaments","Flex"],"picked":"Pommel Strike","floor":10},{"not_picked":["Bloodletting","Body Slam"],"picked":"Shrug It Off","floor":12},{"not_picked":["Brutality","Barricade"],"picked":"Demon Form","floor":16},{"not_picked":["Warcry","Whirlwind+1","Dropkick"],"picked":"SKIP","floor":18},{"not_picked":["Flex","Havoc"],"picked":"Dual Wield+1","floor":19},{"not_picked":["Havoc","Shockwave"],"picked":"Dark Embrace","floor":20},{"not_picked":["Wild Strike+1","Havoc","Iron Wave+1"],"picked":"SKIP","floor":22},{"not_picked":["Whirlwind","Wild Strike","Evolve"],"picked":"SKIP","floor":24},{"not_picked":["Inflame+1","Clash+1","Iron Wave"],"picked":"SKIP","floor":25}],"player_experience":1381316,"relics_obtained":[],"event_choices":[{"damage_healed":0,"gold_gain":0,"player_choice":"Fled","damage_taken":0,"max_hp_gain":0,"max_hp_loss":0,"event_name":"Scrap Ooze","floor":2,"gold_loss":0},{"cards_removed":["Strike_R"],"damage_healed":0,"gold_gain":0,"player_choice":"Offered Basic","damage_taken":0,"max_hp_gain":0,"max_hp_loss":0,"event_name":"Bonfire Elementals","floor":11,"gold_loss":0},{"damage_healed":0,"gold_gain":30,"player_choice":"Searched \u00271\u0027 times","damage_taken":0,"max_hp_gain":0,"max_hp_loss":0,"event_name":"Dead Adventurer","floor":13,"gold_loss":0},{"damage_healed":0,"gold_gain":0,"cards_transformed":["Strike_R"],"player_choice":"Transformed","damage_taken":0,"max_hp_gain":0,"max_hp_loss":0,"event_name":"Transmorgrifier","floor":14,"gold_loss":0,"cards_obtained":["Combust"]}],"is_beta":false,"boss_relics":[{"not_picked":["Pandora\u0027s Box","Ectoplasm","Tiny House"]}],"items_purged_floors":[],"is_endless":false,"potions_floor_spawned":[1,3,10,12,19,22,24],"killed_by":"Chosen and Byrds","ascension_level":0}}