{"host":"6qo42zgaknezulyg","time":1611581289,"event":{"mods":["2.2 Compatiblity","BaseMod","Faster Ascension Climbing","Keyboard Shortcuts","Minty Spire (QoL Compilation)","Permanent Neow","Quick Restart","StSLib","SuperFastMode","The Runesmith"],"gold_per_floor":[119,119,139,154,164,164,195,195,219,250,250,250,265,190,190,265,265,281,281,293,312,345,380,380,413,413,413,424,424,164,177,177,255,255,265,265,245,260,273,308,325,325,325,325,325,375,391,411,411,411,411],"floor_reached":52,"language":"ENG","playtime":2543,"items_purged":["Runesmith:Strike_RS","Runesmith:CraftFirestone"],"score":2164,"play_id":"3a67f643-11e9-4633-a355-4cd4b336962a","local_time":"20210125222809","is_ascension_mode":true,"campfire_choices":[{"data":"Runesmith:FieryHammer","floor":6.0,"key":"SMITH"},{"floor":11.0,"key":"REST"},{"data":"Runesmith:BackupBattery","floor":15.0,"key":"SMITH"},{"floor":24.0,"key":"REST"},{"floor":27.0,"key":"REST"},{"data":"Runesmith:GrandSlam","floor":32.0,"key":"SMITH"},{"data":"Runesmith:GrandSlam","floor":42,"key":"SMITH"},{"data":"Runesmith:CreatorForm","floor":45,"key":"SMITH"},{"floor":49,"key":"REST"}],"circlet_count":0,"master_deck":["AscendersBane","Runesmith:Defend_RS","Runesmith:Defend_RS","Runesmith:Defend_RS","Runesmith:Defend_RS","Runesmith:Fortify","Runesmith:FieryHammer+1","Runesmith:RunicBlueprint","Runesmith:Firewall","Runesmith:NanitesCloud","Runesmith:Superposition","Runesmith:BackupBattery+1","Runesmith:GrandSlam+1","Runesmith:NanitesCloud","Runesmith:GrandSlam+1","Runesmith:CreatorForm+1"],"relics":["Runesmith:BrokenRuby","Bag of Preparation","Pen Nib","Oddly Smooth Stone","Snecko Eye","Enchiridion","Red Mask","Anchor","Runesmith:Locket","Sundial","Busted Crown","Art of War","Bottled Lightning","Calipers"],"acts_visited":["Exordium","TheCity","TheBeyond"],"potions_floor_usage":[41,50,51],"damage_taken":[{"damage":0.0,"enemies":"2 Louse","floor":1.0,"turns":1.0},{"damage":1.0,"enemies":"Cultist","floor":3.0,"turns":4.0},{"damage":0.0,"enemies":"Small Slimes","floor":4.0,"turns":4.0},{"damage":12.0,"enemies":"2 Fungi Beasts","floor":5.0,"turns":3.0},{"damage":3.0,"enemies":"Lagavulin","floor":7.0,"turns":8.0},{"damage":25.0,"enemies":"3 Sentries","floor":10.0,"turns":6.0},{"damage":9.0,"enemies":"Exordium Wildlife","floor":13.0,"turns":6.0},{"damage":7.0,"enemies":"Slime Boss","floor":16.0,"turns":8.0},{"damage":0.0,"enemies":"Spheric Guardian","floor":18.0,"turns":3.0},{"damage":0.0,"enemies":"3 Byrds","floor":20.0,"turns":3.0},{"damage":0.0,"enemies":"Snecko","floor":21.0,"turns":5.0},{"damage":12.0,"enemies":"Masked Bandits","floor":22.0,"turns":2.0},{"damage":17.0,"enemies":"Slavers","floor":23.0,"turns":3.0},{"damage":0.0,"enemies":"Gremlin Leader","floor":25.0,"turns":5.0},{"damage":8.0,"enemies":"Shelled Parasite and Fungi","floor":28.0,"turns":3.0},{"damage":0.0,"enemies":"Chosen and Byrds","floor":31.0,"turns":5.0},{"damage":0.0,"enemies":"Champ","floor":33.0,"turns":7.0},{"damage":4.0,"enemies":"3 Shapes","floor":35.0,"turns":3.0},{"damage":0.0,"enemies":"3 Darklings","floor":38.0,"turns":3.0},{"damage":0.0,"enemies":"Writhing Mass","floor":39.0,"turns":4.0},{"damage":0.0,"enemies":"Nemesis","floor":40.0,"turns":5.0},{"damage":6,"enemies":"Spire Growth","floor":41,"turns":3},{"damage":19,"enemies":"2 Orb Walkers","floor":46,"turns":6},{"damage":0,"enemies":"4 Shapes","floor":47,"turns":5},{"damage":0,"enemies":"Jaw Worm Horde","floor":48,"turns":4},{"damage":8,"enemies":"Awakened One","floor":50,"turns":11},{"damage":0,"enemies":"Donu and Deca","floor":51,"turns":9}],"seed_played":"-4439359579454531359","potions_obtained":[{"floor":3.0,"key":"SpeedPotion"},{"floor":4.0,"key":"CultistPotion"},{"floor":10.0,"key":"EssenceOfSteel"},{"floor":13.0,"key":"SneckoOil"},{"floor":16.0,"key":"FearPotion"},{"floor":18.0,"key":"Regen Potion"},{"floor":22.0,"key":"BlessingOfTheForge"},{"floor":28.0,"key":"Ancient Potion"},{"floor":35.0,"key":"Swift Potion"},{"floor":37.0,"key":"Energy Potion"},{"floor":41,"key":"SteroidPotion"},{"floor":48,"key":"Explosive Potion"}],"is_trial":false,"path_per_floor":["M","?","M","M","M","R","E","?","T","E","R","?","M","$","R","B",null,"M","?","M","M","?","E","R","E","T","R","M","?","$","M","R","B",null,"M","?","?","M","M","E","M","R","T","?","R","?","M","M","R","B","B",null],"character_chosen":"RUNESMITH_CLASS","items_purchased":["Runesmith:GrandSlam"],"campfire_rested":4,"item_purchase_floors":[30],"current_hp_per_floor":[44,44,43,43,31,31,28,28,28,3,22,22,13,13,13,6,51,51,30,39,39,27,10,29,29,29,48,40,40,40,40,40,40,60,56,56,56,56,56,56,50,50,50,50,50,31,31,31,49,41,41],"gold":411,"neow_bonus":"TRANSFORM_TWO_CARDS","is_daily":false,"chose_seed":false,"campfire_upgraded":5,"win_rate":0.0,"timestamp":1611581289,"path_taken":["M","?","M","M","?","R","E","?","T","E","R","?","M","?","R","BOSS","M","?","M","M","?","E","R","E","T","R","?","?","$","M","R","BOSS","M","?","?","M","M","E","?","R","T","?","R","?","M","M","R","BOSS","BOSS"],"items_purchased_type":["Card"],"build_version":"2020-12-22","purchased_purges":2,"victory":true,"max_hp_per_floor":[66,66,66,66,66,66,66,66,66,66,66,66,66,66,66,66,66,66,66,66,66,66,66,66,66,66,66,66,66,66,66,66,66,66,66,66,66,66,66,66,66,66,66,63,63,63,63,63,63,63,63],"card_choices":[{"not_picked":["Runesmith:EarthShield","Runesmith:Malloc","Runesmith:EnergizedChisel"],"picked":"SKIP","floor":1.0},{"not_picked":["Runesmith:Grindstone","Runesmith:RuneHurl","Runesmith:HeatExchange"],"picked":"SKIP","floor":3.0},{"not_picked":["Runesmith:RuneHurl","Runesmith:HeatExchange","Runesmith:CraftProtectio"],"picked":"SKIP","floor":4.0},{"not_picked":["Runesmith:EnergizedChisel","Runesmith:StaticCage"],"picked":"Runesmith:Firewall","floor":5.0},{"not_picked":["Runesmith:MakeshiftArmor","Runesmith:Augment"],"picked":"Runesmith:NanitesCloud","floor":7.0},{"not_picked":["Runesmith:NegativeSpace","Runesmith:RuneHurl"],"picked":"Runesmith:Superposition","floor":10.0},{"not_picked":["Runesmith:RunicBlueprint","Runesmith:Electrocute"],"picked":"Runesmith:BackupBattery","floor":13.0},{"not_picked":["Runesmith:LightningRod","Runesmith:Duplicate"],"picked":"Runesmith:GrandSlam","floor":16.0},{"not_picked":["Runesmith:HammerThrow+1","Runesmith:Accelerate","Runesmith:CraftProtectio"],"picked":"SKIP","floor":18.0},{"not_picked":["Runesmith:CraftProtectio","Runesmith:PerfectChisel","Runesmith:HammerThrow"],"picked":"SKIP","floor":20.0},{"not_picked":["Runesmith:StaticCage","Runesmith:ChiselStab"],"picked":"Runesmith:NanitesCloud","floor":21.0},{"not_picked":["Runesmith:EarthShield","Runesmith:Repurpose","Runesmith:Discharge"],"picked":"SKIP","floor":23.0},{"not_picked":["Runesmith:CraftIncendium","Runesmith:OneForEveryone","Runesmith:MakeshiftArmor"],"picked":"SKIP","floor":25.0},{"not_picked":["Runesmith:CraftProtectio","Runesmith:PerfectChisel","Runesmith:Augment"],"picked":"SKIP","floor":28.0},{"not_picked":["Runesmith:CraftProtectio","Runesmith:PerfectChisel","Runesmith:Augment"],"picked":"SKIP","floor":28.0},{"not_picked":["Runesmith:StaticCage","Runesmith:BackupBattery","Runesmith:CraftProtectio"],"picked":"SKIP","floor":31.0},{"not_picked":["Runesmith:Duplicate","Runesmith:LightningRod"],"picked":"Runesmith:CreatorForm","floor":33.0},{"not_picked":["Runesmith:Refine"],"picked":"SKIP","floor":35.0},{"not_picked":["Runesmith:HeatedChisel"],"picked":"SKIP","floor":38.0},{"not_picked":["Runesmith:HeatedChisel+1"],"picked":"SKIP","floor":39.0},{"not_picked":["Runesmith:FieryHammer+1"],"picked":"SKIP","floor":40.0},{"not_picked":["Runesmith:FieryHammer+1"],"picked":"SKIP","floor":40.0},{"not_picked":["Runesmith:CraftIncendium+1"],"picked":"SKIP","floor":41},{"not_picked":["Runesmith:CraftIncendium+1"],"picked":"SKIP","floor":41},{"not_picked":["Runesmith:StaticCage"],"picked":"SKIP","floor":47},{"not_picked":["Runesmith:HeatedChisel"],"picked":"SKIP","floor":48}],"player_experience":732920,"relics_obtained":[{"floor":7.0,"key":"Bag of Preparation"},{"floor":9.0,"key":"Pen Nib"},{"floor":10.0,"key":"Oddly Smooth Stone"},{"floor":19.0,"key":"Enchiridion"},{"floor":22.0,"key":"Red Mask"},{"floor":23.0,"key":"Anchor"},{"floor":25.0,"key":"Runesmith:Locket"},{"floor":26.0,"key":"Sundial"},{"floor":40.0,"key":"Art of War"},{"floor":43,"key":"Bottled Lightning"},{"floor":46,"key":"Calipers"}],"event_choices":[{"cards_removed":["Runesmith:Strike_RS"],"damage_healed":0.0,"max_hp_gain":0.0,"max_hp_loss":0.0,"gold_gain":0.0,"event_name":"Bonfire Elementals","player_choice":"Offered Basic","floor":2.0,"gold_loss":0.0,"damage_taken":0.0},{"damage_healed":0.0,"max_hp_gain":0.0,"max_hp_loss":0.0,"gold_gain":0.0,"event_name":"Liars Game","player_choice":"Ignored","floor":8.0,"gold_loss":0.0,"damage_taken":0.0},{"damage_healed":0.0,"max_hp_gain":0.0,"max_hp_loss":0.0,"gold_gain":0.0,"event_name":"Shining Light","player_choice":"Ignored","floor":12.0,"gold_loss":0.0,"damage_taken":0.0},{"damage_healed":0.0,"max_hp_gain":0.0,"max_hp_loss":0.0,"gold_gain":0.0,"event_name":"Cursed Tome","player_choice":"Obtained Book","floor":19.0,"gold_loss":0.0,"damage_taken":21.0},{"damage_healed":0.0,"max_hp_gain":0.0,"max_hp_loss":0.0,"gold_gain":0.0,"event_name":"Masked Bandits","player_choice":"Fought Bandits","floor":22.0,"gold_loss":0.0,"damage_taken":0.0},{"damage_healed":0.0,"max_hp_gain":0.0,"max_hp_loss":0.0,"gold_gain":0.0,"event_name":"Ghosts","player_choice":"Ignored","floor":29.0,"gold_loss":0.0,"damage_taken":0.0},{"damage_healed":0.0,"max_hp_gain":0.0,"max_hp_loss":0.0,"gold_gain":0.0,"event_name":"SensoryStone","player_choice":"Memory 1","floor":36.0,"gold_loss":0.0,"damage_taken":0.0},{"damage_healed":0.0,"max_hp_gain":0.0,"max_hp_loss":0.0,"gold_gain":0.0,"event_name":"The Woman in Blue","player_choice":"Bought 1 Potion","floor":37.0,"gold_loss":0.0,"damage_taken":0.0},{"damage_healed":0,"gold_gain":0,"player_choice":"Max HP","damage_taken":0,"max_hp_gain":0,"max_hp_loss":3,"event_name":"Winding Halls","floor":44,"gold_loss":0},{"damage_healed":0,"gold_gain":0,"player_choice":"Fight","damage_taken":0,"max_hp_gain":0,"max_hp_loss":0,"event_name":"Mysterious Sphere","floor":46,"gold_loss":0}],"is_beta":false,"boss_relics":[{"not_picked":["Sozu","Astrolabe"],"picked":"Snecko Eye"},{"not_picked":["Empty Cage","Runesmith:UraniumAnvil"],"picked":"Busted Crown"}],"items_purged_floors":[14,30],"is_endless":false,"potions_floor_spawned":[3,4,10,13,16,18,22,28,31,35,41,48],"ascension_level":20}}