{"host":"jpcy2bclvs7juczu","time":1611582220,"event":{"mods":["Alarm Clock","BaseMod","Bestiary","Block Reminder","Colored Map","Colored Powertips","Curses Come First","Dark Map","Minty Spire (QoL Compilation)","Quick Restart","RNG Fix","Relic Stats","Slay the Relics Exporter","SpireBot","StSLib","ojb\u0027s Better Paths Mod","ojb\u0027s Info Mod","slay the spire mod where everything is the same but ironclad has a cowboy hat"],"gold_per_floor":[368,368,383,399,415,415,440,440,518,539,579,579,37,61,61,156,156,176,195,16,35,35,69,69,109,109,125,175,188,211,244,244,244,244],"floor_reached":33,"language":"ENG","playtime":2610,"items_purged":["Strike_R","Strike_R"],"score":688,"play_id":"4557f28c-d777-471d-bfc5-d43e03014d69","local_time":"20210125084340","is_ascension_mode":true,"campfire_choices":[{"data":"Uppercut","floor":6,"key":"SMITH"},{"data":"Bludgeon","floor":12,"key":"SMITH"},{"data":"Flex","floor":15,"key":"SMITH"},{"data":"True Grit","floor":24,"key":"SMITH"},{"data":"Double Tap","floor":32,"key":"SMITH"}],"circlet_count":0,"master_deck":["AscendersBane","Strike_R","Strike_R","Strike_R","Defend_R","Defend_R","Defend_R","Defend_R","Bash","Clothesline","Cleave","Uppercut+1","Bludgeon+1","Metallicize","Headbutt","Flex+1","True Grit+1","Double Tap+1","Ghostly Armor","Feel No Pain","Shrug It Off","Impervious","Evolve","Second Wind","Bludgeon","Immolate"],"relics":["Burning Blood","Magic Flower","Matryoshka","Golden Idol","Centennial Puzzle","Singing Bowl","Potion Belt","ClockworkSouvenir","Omamori","Snecko Eye","Mango","Vajra","Art of War","Dead Branch","Blood Vial"],"acts_visited":["Exordium","TheCity"],"potions_floor_usage":[11,23,31,31,33,33],"damage_taken":[{"damage":4,"enemies":"2 Louse","floor":1,"turns":3},{"damage":2,"enemies":"Cultist","floor":3,"turns":4},{"damage":4,"enemies":"Small Slimes","floor":4,"turns":3},{"damage":5,"enemies":"Exordium Wildlife","floor":5,"turns":4},{"damage":35,"enemies":"3 Sentries","floor":7,"turns":8},{"damage":8,"enemies":"Looter","floor":10,"turns":2},{"damage":6,"enemies":"Gremlin Nob","floor":11,"turns":3},{"damage":0,"enemies":"Large Slime","floor":14,"turns":2},{"damage":48,"enemies":"The Guardian","floor":16,"turns":7},{"damage":0,"enemies":"Spheric Guardian","floor":18,"turns":1},{"damage":0,"enemies":"2 Thieves","floor":19,"turns":2},{"damage":0,"enemies":"Snecko","floor":21,"turns":3},{"damage":7,"enemies":"Book of Stabbing","floor":23,"turns":3},{"damage":0,"enemies":"Gremlin Leader","floor":25,"turns":4},{"damage":0,"enemies":"3 Cultists","floor":27,"turns":4},{"damage":0,"enemies":"Centurion and Healer","floor":29,"turns":3},{"damage":0,"enemies":"Snake Plant","floor":30,"turns":1},{"damage":7,"enemies":"Slavers","floor":31,"turns":4},{"damage":87,"enemies":"Automaton","floor":33,"turns":8}],"seed_played":"6397932963296703135","potions_obtained":[{"floor":1,"key":"GamblersBrew"},{"floor":10,"key":"SmokeBomb"},{"floor":14,"key":"BlessingOfTheForge"},{"floor":18,"key":"LiquidMemories"},{"floor":25,"key":"Energy Potion"}],"is_trial":false,"path_per_floor":["M","?","M","M","M","R","E","?","T","M","E","R","$","M","R","B",null,"M","M","$","M","?","E","R","E","T","M","?","M","M","E","R","B"],"character_chosen":"IRONCLAD","items_purchased":["ClockworkSouvenir","Omamori","Flex","SkillPotion","Block Potion","Feel No Pain"],"campfire_rested":0,"item_purchase_floors":[13,13,13,13,13,20],"current_hp_per_floor":[68,50,57,62,66,66,40,40,40,41,46,46,46,55,55,16,52,61,66,66,66,66,80,80,82,82,82,82,82,84,84,84,0,0],"gold":244,"neow_bonus":"TWO_FIFTY_GOLD","is_daily":false,"chose_seed":false,"campfire_upgraded":5,"win_rate":0.0,"timestamp":1611582220,"path_taken":["M","?","M","M","M","R","E","?","T","M","E","R","$","M","R","BOSS","M","M","$","M","?","E","R","E","T","M","?","M","M","E","R","BOSS"],"items_purchased_type":["Relic","Relic","Card","Potion","Potion","Card"],"build_version":"2020-12-22","purchased_purges":2,"victory":false,"max_hp_per_floor":[68,68,68,68,68,68,68,62,62,62,64,64,64,64,64,64,64,64,66,66,66,66,80,80,82,82,82,82,82,84,84,84,84,84],"relic_stats":{"Blood Vial":0,"Centennial Puzzle":[18],"Singing Bowl":8,"counters":[19,69],"Golden Idol":81,"Dead Branch":[23],"Magic Flower":[29],"Snecko Eye":[61,63,60,53],"Art of War":[1],"obtain_stats":[{"Potion Belt":11,"Singing Bowl":9,"Golden Idol":8,"Dead Branch":26,"Magic Flower":2,"Vajra":25,"Mango":23,"Omamori":13,"Burning Blood":0,"ClockworkSouvenir":13,"Blood Vial":31,"Centennial Puzzle":9,"Matryoshka":7,"Snecko Eye":17,"Art of War":26},{"Potion Belt":7,"Singing Bowl":5,"Golden Idol":5,"Dead Branch":14,"Magic Flower":1,"Vajra":14,"Mango":13,"Omamori":7,"Burning Blood":0,"ClockworkSouvenir":7,"Blood Vial":18,"Centennial Puzzle":5,"Matryoshka":5,"Snecko Eye":9,"Art of War":14},{"Potion Belt":27,"Singing Bowl":22,"Golden Idol":22,"Dead Branch":49,"Magic Flower":3,"Vajra":49,"Mango":45,"Omamori":27,"Burning Blood":0,"ClockworkSouvenir":27,"Blood Vial":61,"Centennial Puzzle":22,"Matryoshka":22,"Snecko Eye":36,"Art of War":49}],"Burning Blood":102},"card_choices":[{"not_picked":["Combust","Dual Wield"],"picked":"Clothesline","floor":1},{"not_picked":["Shrug It Off","Havoc"],"picked":"Cleave","floor":3},{"not_picked":["Pommel Strike","Pummel"],"picked":"Uppercut","floor":4},{"not_picked":["Clothesline","Thunderclap"],"picked":"Bludgeon","floor":5},{"not_picked":["Reckless Charge","Cleave"],"picked":"Metallicize","floor":7},{"not_picked":["Cleave","Second Wind"],"picked":"Headbutt","floor":10},{"not_picked":["Body Slam","Pummel","Sword Boomerang"],"picked":"Singing Bowl","floor":11},{"not_picked":["Inflame","Flex"],"picked":"True Grit","floor":14},{"not_picked":["Corruption","Brutality"],"picked":"Double Tap","floor":16},{"not_picked":["Armaments","Iron Wave"],"picked":"Ghostly Armor","floor":18},{"not_picked":["True Grit","Warcry","Havoc"],"picked":"Singing Bowl","floor":19},{"not_picked":["Dropkick","Flex"],"picked":"Shrug It Off","floor":21},{"not_picked":["Sword Boomerang","Armaments"],"picked":"Evolve","floor":23},{"not_picked":["Sword Boomerang","Rage","Body Slam"],"picked":"Singing Bowl","floor":25},{"not_picked":["Battle Trance","Twin Strike"],"picked":"Second Wind","floor":27},{"not_picked":["Sword Boomerang","Flex"],"picked":"Bludgeon","floor":29},{"not_picked":["Heavy Blade","Perfected Strike","Combust"],"picked":"Singing Bowl","floor":30},{"not_picked":["Sword Boomerang","Cleave+1"],"picked":"Immolate","floor":31}],"player_experience":1490382,"relics_obtained":[{"floor":7,"key":"Matryoshka"},{"floor":9,"key":"Centennial Puzzle"},{"floor":9,"key":"Singing Bowl"},{"floor":11,"key":"Potion Belt"},{"floor":23,"key":"Mango"},{"floor":25,"key":"Vajra"},{"floor":26,"key":"Art of War"},{"floor":26,"key":"Dead Branch"},{"floor":31,"key":"Blood Vial"}],"event_choices":[{"damage_healed":0,"gold_gain":0,"player_choice":"Success","damage_taken":18,"relics_obtained":["Magic Flower"],"max_hp_gain":0,"max_hp_loss":0,"event_name":"Scrap Ooze","floor":2,"gold_loss":0},{"damage_healed":0,"gold_gain":0,"player_choice":"Lose Max HP","damage_taken":0,"relics_obtained":["Golden Idol"],"max_hp_gain":0,"max_hp_loss":6,"event_name":"Golden Idol","floor":8,"gold_loss":0},{"damage_healed":0,"gold_gain":0,"player_choice":"Read","damage_taken":0,"max_hp_gain":0,"max_hp_loss":0,"event_name":"The Library","floor":22,"gold_loss":0,"cards_obtained":["Impervious"]},{"damage_healed":0,"gold_gain":50,"player_choice":"Stole From Cult","damage_taken":0,"max_hp_gain":0,"max_hp_loss":0,"event_name":"Nest","floor":28,"gold_loss":0}],"is_beta":false,"boss_relics":[{"not_picked":["Runic Dome","SlaversCollar"],"picked":"Snecko Eye"}],"items_purged_floors":[13,20],"is_endless":false,"potions_floor_spawned":[1,10,14,18,25,29,30],"killed_by":"Automaton","ascension_level":20}}