{"host":"8u7tvcybuv0u72fd","time":1611549717,"event":{"mods":["BaseMod","BetterRewards","Colored Map","Colored Powertips","Minty Spire (QoL Compilation)","Quick Restart","Shop Mod"],"gold_per_floor":[114,141,153,176,196,196,246,246,323,365,384,406,422,422,422,529,538,561,561,395,415,325,325,354,354,354,384,403,403,403,415,415,526,526,555,575,575,212,235,265,265,36,36,55,55,65,84,111,111,111,111,111,49,86,86],"floor_reached":56,"language":"ENG","playtime":2843,"items_purged":["Strike_R","Defend_R"],"score":1608,"play_id":"c1523121-d354-4e28-a6ca-ed14ca98d284","local_time":"20210124234156","is_ascension_mode":false,"campfire_choices":[{"data":"Uppercut","floor":6.0,"key":"SMITH"},{"data":"Rampage","floor":8.0,"key":"SMITH"},{"data":"Good Instincts","floor":15.0,"key":"SMITH"},{"data":"Limit Break","floor":23.0,"key":"SMITH"},{"data":"Shrug It Off","floor":25.0,"key":"SMITH"},{"data":"Inflame","floor":30.0,"key":"SMITH"},{"data":"Bash","floor":32.0,"key":"SMITH"},{"data":"Barricade","floor":41,"key":"SMITH"},{"floor":45,"key":"REST"},{"floor":49,"key":"RECALL"},{"data":"Flex","floor":52,"key":"SMITH"}],"circlet_count":0,"master_deck":["Strike_R+1","Strike_R+1","Strike_R+1","Defend_R+1","Defend_R+1","Defend_R+1","Bash+1","Good Instincts+1","Shrug It Off+1","Rampage+1","Uppercut+1","Flex+1","Headbutt","Limit Break+1","CurseOfTheBell","Inflame+1","Sword Boomerang+1","True Grit+1","Heavy Blade+1","Barricade+1","Pommel Strike+1","Iron Wave+1","Disarm+1","Flame Barrier+1","Rage+1","Secret Technique+1","Enlightenment+1","Jack Of All Trades+1","Impervious+1","Entrench+1"],"relics":["Burning Blood","Membership Card","PreservedInsect","Ornamental Fan","Turnip","CeramicFish","Champion Belt","Du-Vu Doll","Blue Candle","Prayer Wheel","Ginger","Toxic Egg 2","Pantograph","MerchantsRug","Blood Vial","Potion Belt","Red Mask","Velvet Choker","Matryoshka","Frozen Eye","InkBottle","Boot","ClockworkSouvenir","Pear","Oddly Smooth Stone","TungstenRod","Orichalcum"],"acts_visited":["TheCity","TheBeyond","TheEnding"],"potions_floor_usage":[40,40,44,55,55,55,55,55],"damage_taken":[{"damage":0.0,"enemies":"Cultist","floor":1.0,"turns":3.0},{"damage":0.0,"enemies":"Small Slimes","floor":2.0,"turns":3.0},{"damage":1.0,"enemies":"Jaw Worm","floor":3.0,"turns":4.0},{"damage":0.0,"enemies":"Exordium Wildlife","floor":4.0,"turns":4.0},{"damage":0.0,"enemies":"Gremlin Gang","floor":5.0,"turns":2.0},{"damage":6.0,"enemies":"Gremlin Nob","floor":10.0,"turns":4.0},{"damage":4.0,"enemies":"Exordium Thugs","floor":11.0,"turns":4.0},{"damage":1.0,"enemies":"Looter","floor":12.0,"turns":3.0},{"damage":0.0,"enemies":"Large Slime","floor":13.0,"turns":6.0},{"damage":7.0,"enemies":"Slime Boss","floor":16.0,"turns":10.0},{"damage":6.0,"enemies":"3 Byrds","floor":18.0,"turns":3.0},{"damage":9.0,"enemies":"Shell Parasite","floor":21.0,"turns":5.0},{"damage":5.0,"enemies":"Cultist and Chosen","floor":24.0,"turns":6.0},{"damage":8.0,"enemies":"Masked Bandits","floor":27.0,"turns":4.0},{"damage":23.0,"enemies":"Shelled Parasite and Fungi","floor":28.0,"turns":5.0},{"damage":23.0,"enemies":"Snake Plant","floor":31.0,"turns":4.0},{"damage":3.0,"enemies":"Champ","floor":33.0,"turns":9.0},{"damage":14.0,"enemies":"3 Darklings","floor":35.0,"turns":6.0},{"damage":0.0,"enemies":"Orb Walker","floor":36.0,"turns":2.0},{"damage":20.0,"enemies":"Writhing Mass","floor":39.0,"turns":4.0},{"damage":27,"enemies":"Reptomancer","floor":40,"turns":5},{"damage":12,"enemies":"Spire Growth","floor":44,"turns":5},{"damage":3,"enemies":"Sphere and 2 Shapes","floor":46,"turns":4},{"damage":6,"enemies":"Maw","floor":47,"turns":6},{"damage":10,"enemies":"Time Eater","floor":50,"turns":10},{"damage":22,"enemies":"Shield and Spear","floor":54,"turns":5},{"damage":11,"enemies":"The Heart","floor":55,"turns":11}],"seed_played":"-8611856776597326316","potions_obtained":[{"floor":3.0,"key":"LiquidMemories"},{"floor":4.0,"key":"LiquidBronze"},{"floor":11.0,"key":"SneckoOil"},{"floor":13.0,"key":"PowerPotion"},{"floor":21.0,"key":"Ancient Potion"},{"floor":22.0,"key":"Fire Potion"},{"floor":22.0,"key":"Dexterity Potion"},{"floor":22.0,"key":"DistilledChaos"},{"floor":24.0,"key":"Strength Potion"},{"floor":28.0,"key":"Swift Potion"},{"floor":31.0,"key":"Weak Potion"},{"floor":33.0,"key":"Swift Potion"},{"floor":40,"key":"SmokeBomb"}],"is_trial":false,"path_per_floor":["M","M","M","M","M","R","?","R","T","E","M","M","M","T","R","B",null,"M","?","$","M","$","R","M","R","T","?","M","?","R","M","R","B",null,"M","M","?","$","M","E","R","$","T","M","R","M","M","?","R","B",null,"R","$","E","B",null],"character_chosen":"IRONCLAD","items_purchased":["Membership Card","PreservedInsect","Ornamental Fan","Good Instincts","Shrug It Off","Explosive Potion","CeramicFish","Calipers","BloodPotion","Strength Potion","Pantograph","MerchantsRug","Blood Vial","Cauldron","LiquidBronze","Matryoshka","Frozen Eye","InkBottle","ClockworkSouvenir","Pear","Disarm+1","FearPotion","TungstenRod","LiquidBronze","Impervious+1","Fire Potion"],"campfire_rested":1,"item_purchase_floors":[0,0,0,0,0,0,0,0,0,0,20,20,22,22,38,38,38,38,42,42,42,42,53,53,53,53],"current_hp_per_floor":[38,44,65,71,77,77,77,77,77,77,79,80,80,80,80,79,86,86,86,86,83,83,83,86,86,86,84,69,69,69,54,54,84,86,78,86,86,86,72,53,53,63,63,59,96,96,96,86,86,92,96,96,96,80,91],"gold":86,"neow_bonus":"","is_daily":false,"chose_seed":false,"campfire_upgraded":9,"win_rate":0.0,"timestamp":1611549716,"path_taken":["M","M","M","?","M","R","?","R","T","E","M","M","M","?","R","BOSS","M","?","$","?","?","R","M","R","T","?","M","?","R","M","R","BOSS","M","M","?","$","M","E","R","$","T","?","R","?","M","?","R","BOSS","R","$","E","BOSS"],"items_purchased_type":["Relic","Relic","Relic","Card","Card","Potion","Relic","Relic","Potion","Potion","Relic","Relic","Relic","Relic","Potion","Relic","Relic","Relic","Relic","Relic","Card","Potion","Relic","Potion","Card","Potion"],"build_version":"2020-12-22","purchased_purges":2,"victory":true,"max_hp_per_floor":[80,80,80,80,80,80,80,80,80,80,80,80,80,80,80,80,86,86,86,86,86,86,86,86,86,86,86,86,86,86,86,86,86,86,86,86,86,86,86,86,86,96,96,96,96,96,96,96,96,96,96,96,96,96,96],"card_choices":[{"not_picked":["Twin Strike","Sentinel","Clothesline"],"picked":"SKIP","floor":1.0},{"not_picked":["Iron Wave","Sentinel"],"picked":"Rampage","floor":2.0},{"not_picked":["Whirlwind","Thunderclap","Havoc"],"picked":"SKIP","floor":3.0},{"not_picked":["Flame Barrier","Warcry"],"picked":"Uppercut","floor":4.0},{"not_picked":["Dark Embrace","Rupture","Clothesline"],"picked":"SKIP","floor":5.0},{"not_picked":["Evolve","Sever Soul"],"picked":"Flex","floor":10.0},{"not_picked":["Whirlwind","Twin Strike","Shockwave"],"picked":"SKIP","floor":11.0},{"not_picked":["Bludgeon","Havoc","Armaments"],"picked":"SKIP","floor":11.0},{"not_picked":["Metallicize","Anger"],"picked":"Headbutt","floor":12.0},{"not_picked":["Power Through","Headbutt","Wild Strike"],"picked":"SKIP","floor":12.0},{"not_picked":["Perfected Strike","Iron Wave","Anger"],"picked":"SKIP","floor":13.0},{"not_picked":["Sword Boomerang","Perfected Strike","Headbutt"],"picked":"SKIP","floor":13.0},{"not_picked":["Perfected Strike","Iron Wave","Anger"],"picked":"SKIP","floor":13.0},{"not_picked":["Sword Boomerang","Perfected Strike","Headbutt"],"picked":"SKIP","floor":13.0},{"not_picked":["Fiend Fire","Demon Form"],"picked":"Limit Break","floor":16.0},{"not_picked":["Armaments+1","Headbutt+1"],"picked":"Inflame","floor":18.0},{"not_picked":["Flex+1","Anger+1","Rampage"],"picked":"SKIP","floor":18.0},{"not_picked":["Pommel Strike","Rupture","True Grit+1"],"picked":"SKIP","floor":21.0},{"not_picked":["Combust","Warcry+1","Flex+1"],"picked":"SKIP","floor":21.0},{"not_picked":["Intimidate+1","Reckless Charge"],"picked":"Sword Boomerang+1","floor":24.0},{"not_picked":["Heavy Blade","Cleave"],"picked":"True Grit+1","floor":24.0},{"not_picked":["Battle Trance+1","Dual Wield+1"],"picked":"Heavy Blade+1","floor":28.0},{"not_picked":["Reaper","Whirlwind+1","Anger"],"picked":"SKIP","floor":28.0},{"not_picked":["Dark Embrace","Uppercut","Shockwave+1"],"picked":"SKIP","floor":31.0},{"not_picked":["Thunderclap","Wild Strike","Burning Pact+1"],"picked":"SKIP","floor":31.0},{"not_picked":["Corruption","Brutality"],"picked":"Barricade","floor":33.0},{"not_picked":["Heavy Blade","Twin Strike"],"picked":"Pommel Strike+1","floor":35.0},{"not_picked":["Uppercut","Thunderclap","Clash"],"picked":"SKIP","floor":35.0},{"not_picked":["Anger","Spot Weakness+1","Sword Boomerang+1"],"picked":"SKIP","floor":36.0},{"not_picked":["Wild Strike","Barricade","Headbutt"],"picked":"SKIP","floor":36.0},{"not_picked":["Pommel Strike+1","Armaments+1"],"picked":"Iron Wave+1","floor":39.0},{"not_picked":["Heavy Blade+1","Fire Breathing+1","Sword Boomerang+1"],"picked":"SKIP","floor":39.0},{"not_picked":["Rampage+1","Shrug It Off+1","Evolve+1"],"picked":"SKIP","floor":40},{"not_picked":["Hemokinesis+1","Infernal Blade+1"],"picked":"Flame Barrier+1","floor":44},{"not_picked":["Iron Wave","Cleave+1","Havoc+1"],"picked":"SKIP","floor":44},{"not_picked":["Rampage+1","Shockwave+1","Sword Boomerang+1"],"picked":"SKIP","floor":46},{"not_picked":["Clothesline","Headbutt+1","Iron Wave"],"picked":"SKIP","floor":46},{"not_picked":["Bloodletting+1","Sever Soul+1"],"picked":"Rage+1","floor":47},{"not_picked":["Burning Pact+1","Disarm+1","Dark Embrace+1"],"picked":"SKIP","floor":47},{"not_picked":["PanicButton+1","Master of Strategy+1"],"picked":"Secret Technique+1","floor":48},{"not_picked":["Swift Strike","Transmutation+1"],"picked":"Enlightenment+1","floor":48},{"not_picked":["Trip+1","Impatience+1"],"picked":"Jack Of All Trades+1","floor":48},{"not_picked":["Headbutt+1","Twin Strike"],"picked":"Entrench+1","floor":54}],"player_experience":1414539,"relics_obtained":[{"floor":9.0,"key":"Blue Candle"},{"floor":10.0,"key":"Prayer Wheel"},{"floor":14.0,"key":"Darkstone Periapt"},{"floor":17.0,"key":"Ginger"},{"floor":17.0,"key":"Regal Pillow"},{"floor":17.0,"key":"Toxic Egg 2"},{"floor":26.0,"key":"Potion Belt"},{"floor":27.0,"key":"Red Mask"},{"floor":40,"key":"Boot"},{"floor":43,"key":"Oddly Smooth Stone"},{"floor":54,"key":"Orichalcum"}],"event_choices":[{"damage_healed":0.0,"max_hp_gain":0.0,"max_hp_loss":0.0,"gold_gain":50.0,"event_name":"Golden Wing","player_choice":"Gained Gold","floor":7.0,"gold_loss":0.0,"damage_taken":0.0},{"damage_healed":0.0,"max_hp_gain":0.0,"max_hp_loss":0.0,"gold_gain":0.0,"event_name":"Duplicator","player_choice":"Ignored","floor":19.0,"gold_loss":0.0,"damage_taken":0.0},{"damage_healed":0.0,"max_hp_gain":0.0,"max_hp_loss":0.0,"gold_gain":0.0,"event_name":"Masked Bandits","player_choice":"Fought Bandits","floor":27.0,"gold_loss":0.0,"damage_taken":0.0},{"damage_healed":0.0,"max_hp_gain":0.0,"max_hp_loss":0.0,"gold_gain":0.0,"event_name":"Back to Basics","player_choice":"Simplicity","floor":29.0,"gold_loss":0.0,"damage_taken":0.0,"cards_upgraded":["Strike_R","Strike_R","Strike_R","Strike_R","Defend_R","Defend_R","Defend_R"]},{"cards_removed":["Strike_R"],"damage_healed":0.0,"max_hp_gain":0.0,"max_hp_loss":0.0,"gold_gain":0.0,"event_name":"Purifier","player_choice":"Purged","floor":37.0,"gold_loss":0.0,"damage_taken":0.0},{"damage_healed":0,"gold_gain":0,"player_choice":"Memory 3","damage_taken":10,"max_hp_gain":0,"max_hp_loss":0,"event_name":"SensoryStone","floor":48,"gold_loss":0}],"is_beta":false,"boss_relics":[{"not_picked":["Ectoplasm","SacredBark"],"picked":"Calling Bell"},{"not_picked":["Runic Dome","Runic Cube"],"picked":"Velvet Choker"}],"items_purged_floors":[0,0],"is_endless":false,"potions_floor_spawned":[3,4,11,13,21,24,28,31,33,39,40],"ascension_level":0}}