{"host":"jhy70w0yh8dayqay","time":1611556980,"event":{"mods":["AchievementEnabler","BaseMod","Colored Map","Colored Powertips","DeckTracker","Minty Spire (QoL Compilation)","Permanent Neow","SuperFastMode"],"gold_per_floor":[119,137,152,168,181,181,210,226,226,243,196,196,224,224,224,224,224],"floor_reached":16,"language":"KOR","playtime":549,"items_purged":[],"score":195,"play_id":"53071d9a-c2a5-4bdc-bff6-6446e65752ac","local_time":"20210125154300","is_ascension_mode":true,"campfire_choices":[{"data":"MentalFortress","floor":6,"key":"SMITH"},{"floor":12,"key":"REST"},{"floor":15,"key":"REST"}],"circlet_count":0,"master_deck":["Strike_P","Strike_P","Strike_P","Strike_P","Defend_P","Defend_P","Defend_P","Defend_P","Eruption+1","Vigilance","FlurryOfBlows","MentalFortress+1","DeusExMachina","TalkToTheHand","FlurryOfBlows","Halt"],"relics":["PureWater","Gremlin Horn","Bottled Tornado","Singing Bowl","Dream Catcher"],"acts_visited":["Exordium"],"potions_floor_usage":[7,8,13],"damage_taken":[{"damage":0,"enemies":"Small Slimes","floor":1,"turns":3},{"damage":0,"enemies":"Cultist","floor":2,"turns":2},{"damage":1,"enemies":"2 Louse","floor":3,"turns":2},{"damage":7,"enemies":"Looter","floor":4,"turns":4},{"damage":17,"enemies":"3 Louse","floor":5,"turns":5},{"damage":0,"enemies":"Gremlin Nob","floor":7,"turns":2},{"damage":16,"enemies":"Exordium Thugs","floor":8,"turns":4},{"damage":7,"enemies":"Exordium Wildlife","floor":10,"turns":6},{"damage":29,"enemies":"Lagavulin","floor":13,"turns":4},{"damage":41,"enemies":"Hexaghost","floor":16,"turns":9}],"seed_played":"-259786752618086790","potions_obtained":[{"floor":2,"key":"Block Potion"},{"floor":5,"key":"SneckoOil"},{"floor":8,"key":"EssenceOfSteel"},{"floor":10,"key":"SkillPotion"}],"is_trial":false,"path_per_floor":["M","M","M","M","M","R","E","M","T","M","?","R","E","?","R","B"],"character_chosen":"WATCHER","items_purchased":[],"campfire_rested":2,"item_purchase_floors":[],"current_hp_per_floor":[65,65,64,57,40,40,40,24,24,17,17,38,11,11,33,0,0],"gold":224,"neow_bonus":"UPGRADE_CARD","is_daily":false,"chose_seed":false,"campfire_upgraded":1,"win_rate":0.0,"timestamp":1611556980,"path_taken":["M","M","M","M","M","R","E","M","T","M","?","R","E","?","R","BOSS"],"items_purchased_type":[],"build_version":"2020-12-22","purchased_purges":0,"victory":false,"max_hp_per_floor":[72,72,72,72,72,72,72,72,72,72,72,72,74,74,74,74,74],"card_choices":[{"not_picked":["CutThroughFate","ClearTheMind"],"picked":"FlurryOfBlows","floor":1},{"not_picked":["Pray","CutThroughFate"],"picked":"MentalFortress","floor":2},{"not_picked":["Pray","Evaluate","Weave"],"picked":"SKIP","floor":3},{"not_picked":["Vengeance","CutThroughFate","ThirdEye"],"picked":"SKIP","floor":4},{"not_picked":["BattleHymn","JustLucky","Crescendo"],"picked":"SKIP","floor":5},{"not_picked":["Nirvana","MasterReality"],"picked":"DeusExMachina","floor":7},{"not_picked":["FollowUp","CutThroughFate"],"picked":"TalkToTheHand","floor":8},{"not_picked":["ThirdEye","WindmillStrike"],"picked":"FlurryOfBlows","floor":10},{"not_picked":["SashWhip","Alpha","Worship"],"picked":"Singing Bowl","floor":13},{"not_picked":["Fasting2","WreathOfFlame"],"picked":"Halt","floor":15}],"player_experience":421505,"relics_obtained":[{"floor":7,"key":"Gremlin Horn"},{"floor":9,"key":"Bottled Tornado"},{"floor":13,"key":"Singing Bowl"}],"event_choices":[{"damage_healed":0,"gold_gain":0,"player_choice":"Left Gold","damage_taken":0,"max_hp_gain":0,"max_hp_loss":0,"event_name":"World of Goop","floor":11,"gold_loss":47},{"damage_healed":0,"gold_gain":0,"player_choice":"Gave Potion","damage_taken":0,"relics_obtained":["Dream Catcher"],"max_hp_gain":0,"max_hp_loss":0,"event_name":"WeMeetAgain","floor":14,"gold_loss":0}],"is_beta":false,"boss_relics":[],"items_purged_floors":[],"is_endless":false,"potions_floor_spawned":[2,5,8,10],"killed_by":"Hexaghost","ascension_level":8}}