{"host":"0i8dz4ityulxi1rd","time":1611590908,"event":{"mods":["BaseMod","Colored Map","Colored Powertips","Custom Start","Highlight Path","Hubris","Keyboard Shortcuts","Minty Spire (QoL Compilation)","StSLib","SuperFastMode"],"gold_per_floor":[116,32,307,320,331,363,363,438,491,491,521,532,582,582,582,582,582],"floor_reached":16,"language":"KOR","playtime":226,"items_purged":[],"score":216,"play_id":"514aa5a6-4b4f-4cd7-ad60-b80d46d1389b","local_time":"20210126010828","is_ascension_mode":true,"campfire_choices":[{"data":"Fire Breathing","floor":7,"key":"SMITH"},{"data":"Bash","floor":10,"key":"SMITH"},{"data":"Pommel Strike","floor":15,"key":"SMITH"}],"circlet_count":0,"master_deck":["AscendersBane","Strike_R","Strike_R","Strike_R","Strike_R","Strike_R","Defend_R","Defend_R","Defend_R","Defend_R","Bash+1","Wild Strike","Fire Breathing+1","Regret","Wild Strike","Sever Soul","Pommel Strike+1"],"relics":["Burning Blood","NeowsBlessing","Tiny Chest","Juzu Bracelet","MealTicket"],"acts_visited":["Exordium"],"potions_floor_usage":[6,16,16],"damage_taken":[{"damage":0,"enemies":"Cultist","floor":1,"turns":1},{"damage":0,"enemies":"Small Slimes","floor":4,"turns":1},{"damage":0,"enemies":"2 Louse","floor":5,"turns":1},{"damage":27,"enemies":"3 Sentries","floor":6,"turns":5},{"damage":29,"enemies":"Lagavulin","floor":11,"turns":5},{"damage":19,"enemies":"Looter","floor":12,"turns":3},{"damage":19,"enemies":"Hexaghost","floor":16,"turns":5}],"seed_played":"8739155654927348700","potions_obtained":[{"floor":4,"key":"Block Potion"},{"floor":6,"key":"Explosive Potion"},{"floor":11,"key":"Regen Potion"}],"is_trial":false,"path_per_floor":["M","$","?","M","M","E","R","?","T","R","E","M","?","?","R","B"],"character_chosen":"IRONCLAD","items_purchased":["Fire Breathing"],"campfire_rested":0,"item_purchase_floors":[2],"current_hp_per_floor":[74,74,74,75,75,54,54,43,43,43,20,7,7,7,7,0,0],"gold":582,"neow_bonus":"THREE_ENEMY_KILL","is_daily":false,"chose_seed":false,"campfire_upgraded":3,"win_rate":0.0,"timestamp":1611590908,"path_taken":["M","$","?","?","M","E","R","?","T","R","E","M","?","?","R","BOSS"],"items_purchased_type":["Card"],"build_version":"2020-12-22","purchased_purges":0,"victory":false,"max_hp_per_floor":[75,75,75,75,75,75,75,75,75,75,75,75,75,75,75,75,75],"card_choices":[{"not_picked":["Headbutt","Armaments"],"picked":"Wild Strike","floor":1},{"not_picked":["Armaments","Clash"],"picked":"Wild Strike","floor":4},{"not_picked":["Twin Strike","Dropkick"],"picked":"Sever Soul","floor":5},{"not_picked":["Cleave","Headbutt","Blood for Blood"],"picked":"SKIP","floor":6},{"not_picked":["Carnage","Iron Wave"],"picked":"Pommel Strike","floor":11},{"not_picked":["Combust","Armaments","Perfected Strike"],"picked":"SKIP","floor":12}],"player_experience":1325058,"relics_obtained":[{"floor":6,"key":"Tiny Chest"},{"floor":9,"key":"Juzu Bracelet"},{"floor":11,"key":"MealTicket"}],"event_choices":[{"damage_healed":0,"gold_gain":275,"player_choice":"Desecrate","damage_taken":0,"max_hp_gain":0,"max_hp_loss":0,"event_name":"Golden Shrine","floor":3,"gold_loss":0,"cards_obtained":["Regret"]},{"damage_healed":0,"gold_gain":75,"player_choice":"Gather Gold","damage_taken":11,"max_hp_gain":0,"max_hp_loss":0,"event_name":"World of Goop","floor":8,"gold_loss":0},{"damage_healed":0,"gold_gain":50,"player_choice":"Gained Gold","damage_taken":0,"max_hp_gain":0,"max_hp_loss":0,"event_name":"Golden Wing","floor":13,"gold_loss":0},{"damage_healed":0,"gold_gain":0,"player_choice":"Ignored","damage_taken":0,"max_hp_gain":0,"max_hp_loss":0,"event_name":"Liars Game","floor":14,"gold_loss":0}],"is_beta":false,"boss_relics":[],"items_purged_floors":[],"is_endless":false,"potions_floor_spawned":[4,6,11],"killed_by":"Hexaghost","ascension_level":20}}