{"host":"p62uqwu04pp7leh9","time":1611565306,"event":{"mods":["BaseMod","Block Reminder","Colored Map","Colored Powertips","Minty Spire (QoL Compilation)","Relic Stats"],"gold_per_floor":[118,68,68,80,92,92,103,28,73,73,89,104,139,158,158,158,158],"floor_reached":16,"language":"ENG","playtime":925,"items_purged":["Strike_R"],"score":114,"play_id":"aa917b8e-a7fe-4e80-bac3-523353e6540d","local_time":"20210125030146","is_ascension_mode":true,"campfire_choices":[{"data":"Demon Form","floor":6,"key":"SMITH"},{"data":"Infernal Blade","floor":15,"key":"SMITH"}],"circlet_count":0,"master_deck":["Strike_R","Strike_R","Strike_R","Strike_R","Defend_R","Defend_R","Defend_R","Defend_R","Bash","Demon Form+1","Armaments","Reaper","Seeing Red","Regret","Pummel","Headbutt","Infernal Blade+1"],"relics":["Burning Blood","Oddly Smooth Stone","Red Skull","Blood Vial","Mummified Hand"],"acts_visited":["Exordium"],"potions_floor_usage":[12,16],"damage_taken":[{"damage":19,"enemies":"Small Slimes","floor":1,"turns":5},{"damage":0,"enemies":"Jaw Worm","floor":4,"turns":3},{"damage":14,"enemies":"Cultist","floor":5,"turns":5},{"damage":64,"enemies":"Gremlin Gang","floor":7,"turns":6},{"damage":40,"enemies":"Lots of Slimes","floor":11,"turns":5},{"damage":28,"enemies":"Exordium Thugs","floor":12,"turns":7},{"damage":18,"enemies":"Lagavulin","floor":13,"turns":7},{"damage":16,"enemies":"Looter","floor":14,"turns":3},{"damage":49,"enemies":"Slime Boss","floor":16,"turns":7}],"seed_played":"-37688153018018612","potions_obtained":[{"floor":1,"key":"EssenceOfSteel"},{"floor":5,"key":"Weak Potion"},{"floor":13,"key":"Swift Potion"},{"floor":14,"key":"DistilledChaos"}],"is_trial":false,"path_per_floor":["M","?","?","M","M","R","M","$","T","?","M","M","E","M","R","B"],"character_chosen":"IRONCLAD","items_purchased":[],"campfire_rested":0,"item_purchase_floors":[],"current_hp_per_floor":[67,67,64,70,66,66,43,43,43,43,55,55,45,45,45,0,0],"gold":158,"neow_bonus":"THREE_RARE_CARDS","is_daily":false,"chose_seed":false,"campfire_upgraded":2,"win_rate":0.0,"timestamp":1611565306,"path_taken":["M","?","?","M","M","R","M","?","T","?","?","?","E","M","R","BOSS"],"items_purchased_type":[],"build_version":"2020-12-22","purchased_purges":1,"victory":false,"max_hp_per_floor":[80,80,80,80,80,80,80,80,80,80,80,80,80,80,80,80,80],"relic_stats":{"Blood Vial":10,"counters":[9,48],"Mummified Hand":[1],"obtain_stats":[{"Blood Vial":10,"Mummified Hand":13,"Oddly Smooth Stone":3,"Burning Blood":0,"Red Skull":9},{"Blood Vial":4,"Mummified Hand":7,"Oddly Smooth Stone":1,"Burning Blood":0,"Red Skull":4},{"Blood Vial":19,"Mummified Hand":38,"Oddly Smooth Stone":5,"Burning Blood":0,"Red Skull":19}],"Burning Blood":48},"card_choices":[{"not_picked":["Impervious","Double Tap"],"picked":"Demon Form","floor":0},{"not_picked":["True Grit","Power Through"],"picked":"Armaments","floor":1},{"not_picked":["Anger","Power Through"],"picked":"Reaper","floor":4},{"not_picked":["Hemokinesis","Sentinel","Clash"],"picked":"SKIP","floor":5},{"not_picked":["Feel No Pain","Twin Strike"],"picked":"Seeing Red","floor":7},{"not_picked":["Clothesline","Clash"],"picked":"Pummel","floor":11},{"not_picked":["Twin Strike","Clash","Rampage"],"picked":"SKIP","floor":12},{"not_picked":["Sever Soul","Rupture"],"picked":"Headbutt","floor":13},{"not_picked":["Sword Boomerang","Clash"],"picked":"Infernal Blade","floor":14}],"player_experience":324094,"relics_obtained":[{"floor":9,"key":"Red Skull"},{"floor":13,"key":"Mummified Hand"}],"event_choices":[{"cards_removed":["Clumsy"],"damage_healed":0,"gold_gain":0,"player_choice":"Card Removal","damage_taken":0,"max_hp_gain":0,"max_hp_loss":0,"event_name":"The Cleric","floor":2,"gold_loss":50},{"damage_healed":0,"gold_gain":0,"player_choice":"Success","damage_taken":3,"relics_obtained":["Oddly Smooth Stone"],"max_hp_gain":0,"max_hp_loss":0,"event_name":"Scrap Ooze","floor":3,"gold_loss":0},{"damage_healed":0,"gold_gain":0,"player_choice":"Box","damage_taken":0,"relics_obtained":["Blood Vial"],"max_hp_gain":0,"max_hp_loss":0,"event_name":"Big Fish","floor":10,"gold_loss":0,"cards_obtained":["Regret"]}],"is_beta":false,"boss_relics":[],"items_purged_floors":[8],"is_endless":false,"potions_floor_spawned":[1,5,13,14],"killed_by":"Slime Boss","ascension_level":2}}