{"host":"xi8yg1ddhptuxb9d","time":1611583654,"event":{"mods":["AchievementEnabler","AlwaysNeverKeys","BaseMod","Block Reminder","Minty Spire (QoL Compilation)","Relic Sorter","StSLib"],"gold_per_floor":[119,119,142,161,6,6,41,41,41,41,60,93,93,124,124,220,220,243,256,279,122,122,122,151,166,166,266,279,279,304,316,316,390,390,410,410,422,422,153,182,194,226,238,285,297,329,360,385,397,409],"floor_reached":51,"language":"ENG","playtime":3000,"items_purged":["Injury"],"score":1561,"play_id":"a8d16d86-a001-40e5-86bd-9a3c50c12d62","local_time":"20210125090734","is_ascension_mode":true,"campfire_choices":[{"data":"After Image","floor":6.0,"key":"SMITH"},{"data":"After Image","floor":8.0,"key":"SMITH"},{"data":"Neutralize","floor":13.0,"key":"SMITH"},{"data":"Venomology","floor":15.0,"key":"SMITH"},{"data":"Finisher","floor":23.0,"key":"SMITH"},{"data":"Burst","floor":29.0,"key":"SMITH"},{"data":"Finisher","floor":32.0,"key":"SMITH"},{"data":"Infinite Blades","floor":41.0,"key":"SMITH"},{"data":"Accuracy","floor":45.0,"key":"SMITH"},{"data":"Calculated Gamble","floor":49.0,"key":"SMITH"}],"circlet_count":0,"master_deck":["AscendersBane","Strike_G","Strike_G","Strike_G","Strike_G","Defend_G","Defend_G","Defend_G","Defend_G","Defend_G","Survivor","Neutralize+1","Dagger Throw","Blade Dance","After Image+1","After Image+1","Venomology+1","Blade Dance","Calculated Gamble+1","Burst+1","Cloak And Dagger","Dagger Throw","Finisher+1","Backflip","Backflip+1","Finisher+1","Dagger Spray","Corpse Explosion","Quick Slash","Dark Shackles","Master of Strategy","Infinite Blades+1","Acrobatics","Quick Slash+1","Accuracy+1","PiercingWail"],"relics":["Ring of the Snake","Bloody Idol","Matryoshka","PreservedInsect","Eternal Feather","Vajra","Gremlin Horn","Cursed Key","Bronze Scales","Gambling Chip","Turnip","Bottled Lightning","Potion Belt","WristBlade","Oddly Smooth Stone","MawBank","Akabeko"],"acts_visited":["Exordium","TheCity","TheBeyond"],"potions_floor_usage":[50,50,50,50,50,50],"damage_taken":[{"damage":4.0,"enemies":"Cultist","floor":1.0,"turns":4.0},{"damage":0.0,"enemies":"2 Louse","floor":3.0,"turns":3.0},{"damage":6.0,"enemies":"Jaw Worm","floor":4.0,"turns":4.0},{"damage":31.0,"enemies":"Gremlin Nob","floor":7.0,"turns":6.0},{"damage":2.0,"enemies":"Blue Slaver","floor":11.0,"turns":6.0},{"damage":1.0,"enemies":"3 Sentries","floor":12.0,"turns":7.0},{"damage":0.0,"enemies":"Lagavulin","floor":14.0,"turns":5.0},{"damage":0.0,"enemies":"The Guardian","floor":16.0,"turns":14.0},{"damage":4.0,"enemies":"Shell Parasite","floor":18.0,"turns":5.0},{"damage":1.0,"enemies":"3 Byrds","floor":19.0,"turns":5.0},{"damage":0.0,"enemies":"Centurion and Healer","floor":20.0,"turns":5.0},{"damage":9.0,"enemies":"Book of Stabbing","floor":24.0,"turns":4.0},{"damage":5.0,"enemies":"Sentry and Sphere","floor":25.0,"turns":4.0},{"damage":2.0,"enemies":"Colosseum Slavers","floor":27.0,"turns":5.0},{"damage":0.0,"enemies":"Colosseum Nobs","floor":27.0,"turns":4.0},{"damage":0.0,"enemies":"Snecko","floor":28.0,"turns":3.0},{"damage":8.0,"enemies":"Slavers","floor":30.0,"turns":4.0},{"damage":0.0,"enemies":"Snake Plant","floor":31.0,"turns":3.0},{"damage":40.0,"enemies":"Champ","floor":33.0,"turns":15.0},{"damage":8.0,"enemies":"3 Shapes","floor":35.0,"turns":2.0},{"damage":5.0,"enemies":"Orb Walker","floor":37.0,"turns":2.0},{"damage":0.0,"enemies":"Reptomancer","floor":40.0,"turns":4.0},{"damage":7.0,"enemies":"Spire Growth","floor":42.0,"turns":4.0},{"damage":4.0,"enemies":"Giant Head","floor":44.0,"turns":6.0},{"damage":0.0,"enemies":"Jaw Worm Horde","floor":46.0,"turns":3.0},{"damage":43.0,"enemies":"Writhing Mass","floor":47.0,"turns":5.0},{"damage":10.0,"enemies":"Maw","floor":48.0,"turns":6.0},{"damage":31,"enemies":"Donu and Deca","floor":50,"turns":4}],"seed_played":"8097335406839136860","potions_obtained":[{"floor":7.0,"key":"Block Potion"},{"floor":14.0,"key":"Fire Potion"},{"floor":30.0,"key":"GhostInAJar"},{"floor":31.0,"key":"CunningPotion"},{"floor":33.0,"key":"Dexterity Potion"}],"is_trial":false,"path_per_floor":["M","?","M","M","$","R","E","R","T","?","M","E","R","E","R","B",null,"M","M","M","$","?","R","E","M","T","?","M","R","E","M","R","B",null,"M","?","M","?","$","E","R","M","T","E","R","M","M","M","R","B",null],"character_chosen":"THE_SILENT","items_purchased":["After Image","Bronze Scales","Infinite Blades","Oddly Smooth Stone","Acrobatics"],"campfire_rested":0,"item_purchase_floors":[5,21,39,39,39],"current_hp_per_floor":[61,61,61,55,55,55,24,24,24,24,22,21,30,30,39,39,64,60,59,59,59,59,71,67,67,67,70,72,72,69,72,72,37,63,60,60,60,50,50,55,72,70,72,72,72,72,34,34,60,34],"gold":421,"neow_bonus":"TEN_PERCENT_HP_BONUS","is_daily":false,"chose_seed":false,"campfire_upgraded":10,"win_rate":0.0,"timestamp":1611583654,"path_taken":["M","?","M","M","$","R","E","R","T","?","M","E","R","E","R","BOSS","M","M","M","?","?","R","E","M","T","?","M","R","E","M","R","BOSS","M","?","M","?","$","E","R","M","T","E","R","M","M","?","R","BOSS"],"items_purchased_type":["Card","Relic","Card","Relic","Card"],"build_version":"2020-12-22","purchased_purges":1,"victory":true,"max_hp_per_floor":[72,72,72,72,72,72,72,72,72,72,72,72,72,72,72,72,72,72,72,72,72,72,72,72,72,72,72,72,72,72,72,72,72,72,72,72,72,72,72,72,72,72,72,72,72,72,72,72,72,72],"card_choices":[{"not_picked":["Acrobatics","PiercingWail"],"picked":"Dagger Throw","floor":1.0},{"not_picked":["Prepared","Expertise"],"picked":"Blade Dance","floor":3.0},{"not_picked":["Blade Dance","Well Laid Plans"],"picked":"After Image","floor":4.0},{"not_picked":["Slice","Quick Slash"],"picked":"Venomology","floor":7.0},{"not_picked":["Endless Agony","Dagger Throw"],"picked":"Blade Dance","floor":11.0},{"not_picked":["Terror","Blade Dance","Acrobatics"],"picked":"SKIP","floor":12.0},{"not_picked":["PiercingWail","Deadly Poison"],"picked":"Calculated Gamble","floor":14.0},{"not_picked":["Unload","Venomology"],"picked":"Burst","floor":16.0},{"not_picked":["Slice","Underhanded Strike"],"picked":"Cloak And Dagger","floor":18.0},{"not_picked":["All Out Attack","Flying Knee"],"picked":"Dagger Throw","floor":19.0},{"not_picked":["Slice","Distraction"],"picked":"Finisher","floor":20.0},{"not_picked":["Skewer","Deflect","Acrobatics"],"picked":"SKIP","floor":24.0},{"not_picked":["Skewer","Deflect"],"picked":"Acrobatics","floor":24.0},{"not_picked":["Underhanded Strike","Deflect"],"picked":"Backflip","floor":25.0},{"not_picked":["Heel Hook","Deflect"],"picked":"Backflip+1","floor":27.0},{"not_picked":["Acrobatics","Expertise"],"picked":"Finisher","floor":28.0},{"not_picked":["Unload","Deadly Poison","Catalyst"],"picked":"SKIP","floor":30.0},{"not_picked":["Finisher","Flying Knee"],"picked":"Dagger Spray","floor":31.0},{"not_picked":["Die Die Die","Doppelganger"],"picked":"Corpse Explosion","floor":33.0},{"not_picked":["Dash+1","Acrobatics+1","Crippling Poison"],"picked":"SKIP","floor":35.0},{"not_picked":["Escape Plan","Flechettes+1"],"picked":"Quick Slash","floor":37.0},{"not_picked":["Good Instincts","Flash of Steel"],"picked":"Dark Shackles","floor":38.0},{"not_picked":["Apotheosis","Enlightenment"],"picked":"Master of Strategy","floor":38.0},{"not_picked":["Sucker Punch","Acrobatics"],"picked":"Quick Slash+1","floor":40.0},{"not_picked":["Bane+1","Bouncing Flask","Quick Slash"],"picked":"SKIP","floor":42.0},{"not_picked":["Acrobatics","Slice"],"picked":"Accuracy","floor":44.0},{"not_picked":["Malaise","Skewer","Bane+1"],"picked":"SKIP","floor":46.0},{"not_picked":["Tactician","Poisoned Stab","Outmaneuver"],"picked":"SKIP","floor":47.0},{"not_picked":["Sucker Punch","Outmaneuver"],"picked":"PiercingWail","floor":48.0}],"player_experience":665401,"relics_obtained":[{"floor":7.0,"key":"Matryoshka"},{"floor":9.0,"key":"PreservedInsect"},{"floor":9.0,"key":"Eternal Feather"},{"floor":12.0,"key":"Vajra"},{"floor":14.0,"key":"Gremlin Horn"},{"floor":24.0,"key":"Gambling Chip"},{"floor":27.0,"key":"Turnip"},{"floor":27.0,"key":"Bottled Lightning"},{"floor":30.0,"key":"Potion Belt"},{"floor":40.0,"key":"MawBank"},{"floor":44.0,"key":"Akabeko"}],"event_choices":[{"damage_healed":0.0,"max_hp_gain":0.0,"max_hp_loss":0.0,"gold_gain":0.0,"event_name":"Golden Idol","player_choice":"Take Wound","floor":2.0,"gold_loss":0.0,"damage_taken":0.0,"relics_obtained":["Golden Idol"],"cards_obtained":["Injury"]},{"cards_removed":["Strike_G"],"damage_healed":0.0,"max_hp_gain":0.0,"max_hp_loss":0.0,"gold_gain":0.0,"event_name":"Purifier","player_choice":"Purged","floor":10.0,"gold_loss":0.0,"damage_taken":0.0},{"damage_healed":0.0,"max_hp_gain":0.0,"max_hp_loss":0.0,"gold_gain":0.0,"event_name":"Forgotten Altar","player_choice":"Gave Idol","floor":22.0,"relics_lost":["Golden Idol"],"gold_loss":0.0,"damage_taken":0.0,"relics_obtained":["Bloody Idol"]},{"damage_healed":0.0,"max_hp_gain":0.0,"max_hp_loss":0.0,"gold_gain":0.0,"event_name":"Colosseum","player_choice":"Fight","floor":27.0,"gold_loss":0.0,"damage_taken":0.0},{"damage_healed":0.0,"max_hp_gain":0.0,"max_hp_loss":0.0,"gold_gain":0.0,"event_name":"Colosseum","player_choice":"Fought Nobs","floor":27.0,"gold_loss":0.0,"damage_taken":0.0},{"cards_removed":["Acrobatics"],"damage_healed":0.0,"max_hp_gain":0.0,"max_hp_loss":0.0,"gold_gain":0.0,"event_name":"Falling","player_choice":"Removed Skill","floor":36.0,"gold_loss":0.0,"damage_taken":0.0},{"damage_healed":0.0,"max_hp_gain":0.0,"max_hp_loss":0.0,"gold_gain":0.0,"event_name":"SensoryStone","player_choice":"Memory 3","floor":38.0,"gold_loss":0.0,"damage_taken":10.0}],"is_beta":false,"boss_relics":[{"not_picked":["Runic Pyramid","Fusion Hammer"],"picked":"Cursed Key"},{"not_picked":["Philosopher\u0027s Stone","HoveringKite"],"picked":"WristBlade"}],"items_purged_floors":[5],"is_endless":false,"potions_floor_spawned":[7,11,12,14,19,27,28,30,31,33,42,44],"ascension_level":17}}