{"host":"mgar08cquislqm55","time":1611584733,"event":{"mods":["ATMod(°¢èªMod)","BaseMod","HololiveMod","Minty Spire (QoL Compilation)","StSLib","noobMod"],"gold_per_floor":[83,102,113,125,142,167,167,194,194,232,232,232],"floor_reached":11,"language":"ZHS","playtime":467,"items_purged":[],"score":137,"play_id":"9c3277b0-a649-4b1d-bb41-4badf926cde2","local_time":"20210125222533","is_ascension_mode":false,"campfire_choices":[{"floor":7,"key":"RECALL"}],"circlet_count":0,"master_deck":["Hololive_CallHimemoriLuna","Hololive_CallUruhaRushia","Hololive_CallCivia","Hololive_CallKiryuuCoco","Hololive_CallRoboco","Hololive_OvertimeWork","Hololive_FlyingPonyTail","Hololive_CallAiraniIofifteen","Hololive_Sequa","Hololive_CallMinatoAqua"],"relics":["Hololive_TheStar","AT_ATBox","ice","Hololive_TheOnlyOne","NeowsBlessing","Calipers","AT_MibuBalloonWealth","AT_SpeedBoots"],"acts_visited":["Exordium"],"potions_floor_usage":[],"damage_taken":[{"damage":0,"enemies":"2 Louse","floor":1,"turns":1},{"damage":0,"enemies":"Jaw Worm","floor":2,"turns":1},{"damage":0,"enemies":"Cultist","floor":3,"turns":1},{"damage":0,"enemies":"3 Louse","floor":4,"turns":3},{"damage":0,"enemies":"Large Slime","floor":5,"turns":4},{"damage":0,"enemies":"3 Sentries","floor":6,"turns":4},{"damage":0,"enemies":"Gremlin Nob","floor":8,"turns":4},{"damage":0,"enemies":"Looter","floor":10,"turns":3},{"damage":0,"enemies":"3 Sentries","floor":11,"turns":3}],"seed_played":"-4291370043321338274","potions_obtained":[{"floor":1,"key":"CultistPotion"},{"floor":5,"key":"SteroidPotion"},{"floor":6,"key":"ColorlessPotion"},{"floor":10,"key":"Strength Potion"}],"is_trial":false,"path_per_floor":["M","M","M","M","M","E","R","E","T","M","E"],"character_chosen":"Hololive_HololiveCharacter","items_purchased":[],"campfire_rested":0,"item_purchase_floors":[],"current_hp_per_floor":[35,35,35,35,35,35,35,35,35,35,35,35],"gold":232,"neow_bonus":"THREE_ENEMY_KILL","is_daily":false,"chose_seed":false,"campfire_upgraded":0,"win_rate":0.0,"timestamp":1611584733,"path_taken":["M","M","M","M","M","E","R","E","T","M","E"],"items_purchased_type":[],"build_version":"2020-12-22","purchased_purges":0,"victory":false,"max_hp_per_floor":[35,35,35,35,35,35,35,35,35,35,35,35],"card_choices":[{"not_picked":["Hololive_CocoNews","Hololive_CallFriendA","Hololive_ILoveYou"],"picked":"Hololive_CallHoushouMarine","floor":1},{"not_picked":["Hololive_CallKiryuuCoco","Hololive_Sequa","Hololive_CocoNews"],"picked":"Hololive_OvertimeWork","floor":2},{"not_picked":["Hololive_LuckPotion","Hololive_Psychosis","Hololive_Trident"],"picked":"Hololive_FlyingPonyTail","floor":3},{"not_picked":["Hololive_Rebound","Hololive_CallKiryuuCoco","Hololive_CallUruhaRushia"],"picked":"Hololive_CallAiraniIofifteen","floor":4},{"not_picked":["Hololive_CallTokoyamiTowa","Hololive_CocoNews","Hololive_HuntDinosaur"],"picked":"Hololive_Sequa","floor":5},{"not_picked":["Hololive_Psychosis","Hololive_CandyCastle","Hololive_CallYuzukiChoco"],"picked":"Hololive_CallFriendA","floor":6},{"not_picked":["Hololive_DurableLive","Hololive_CocoNews","Hololive_Sequa"],"picked":"Hololive_CallShishiroBotan","floor":8},{"not_picked":["Hololive_CallAkaiHaato","Hololive_Psychosis","Hololive_Trident"],"picked":"Hololive_CallMinatoAqua","floor":10}],"player_experience":31727,"relics_obtained":[{"floor":6,"key":"Calipers"},{"floor":8,"key":"AT_MibuBalloonWealth"},{"floor":9,"key":"AT_SpeedBoots"}],"event_choices":[],"is_beta":false,"boss_relics":[],"items_purged_floors":[],"is_endless":false,"potions_floor_spawned":[1,5,6,10],"killed_by":"3 Sentries","ascension_level":0}}