{"host":"r53pw7z744tg3fxg","time":1611609847,"event":{"mods":["AchievementEnabler","BaseMod","Colored Map","Colored Powertips","Highlight Path","Minty Spire (QoL Compilation)","Quick Restart","Transform Curses"],"gold_per_floor":[112,112,162,177,8,8,42,117,166,179,220,220,23,41,41,135,135,158,178,201,201,201],"floor_reached":21,"language":"ENG","playtime":575,"items_purged":[],"score":442,"play_id":"49e2164e-8a8c-496b-9f7b-f3a9b95a789d","local_time":"20210125142407","is_ascension_mode":true,"campfire_choices":[{"data":"Eruption","floor":6.0,"key":"SMITH"},{"floor":15.0,"key":"REST"}],"circlet_count":0,"master_deck":["AscendersBane","Strike_P+1","Strike_P","Strike_P","Strike_P","Defend_P","Defend_P","Defend_P","Defend_P","Eruption+1","Vigilance","LikeWater","Injury","FollowUp","Conclude+1","PathToVictory","Establishment","Halt","EmptyBody","Devotion","Prostrate","BowlingBash+1"],"relics":["HolyWater","NeowsBlessing","Golden Idol","Pen Nib","Kunai","Akabeko","Ancient Tea Set","Blue Candle","Whetstone"],"acts_visited":["Exordium","TheCity"],"potions_floor_usage":[],"damage_taken":[{"damage":0.0,"enemies":"Small Slimes","floor":1.0,"turns":1.0},{"damage":0.0,"enemies":"Cultist","floor":4.0,"turns":1.0},{"damage":0.0,"enemies":"Lagavulin","floor":7.0,"turns":1.0},{"damage":7.0,"enemies":"Jaw Worm","floor":10.0,"turns":3.0},{"damage":0.0,"enemies":"Gremlin Nob","floor":11.0,"turns":2.0},{"damage":6.0,"enemies":"Exordium Wildlife","floor":14.0,"turns":5.0},{"damage":27.0,"enemies":"Slime Boss","floor":16.0,"turns":8.0},{"damage":29.0,"enemies":"Shell Parasite","floor":18.0,"turns":6.0},{"damage":0.0,"enemies":"Chosen","floor":19.0,"turns":3.0},{"damage":20,"enemies":"Centurion and Healer","floor":20,"turns":7},{"damage":12,"enemies":"3 Cultists","floor":21,"turns":5}],"seed_played":"-206972000665192989","potions_obtained":[{"floor":1.0,"key":"Swift Potion"},{"floor":10.0,"key":"SkillPotion"},{"floor":16.0,"key":"SteroidPotion"},{"floor":18.0,"key":"SpeedPotion"}],"is_trial":false,"path_per_floor":["M","?","?","M","$","R","E","?","T","M","E","T","$","M","R","B",null,"M","M","M","M"],"character_chosen":"WATCHER","items_purchased":["Pen Nib","Whetstone","Halt"],"campfire_rested":1,"item_purchase_floors":[5,13,13],"current_hp_per_floor":[61,61,61,61,61,61,61,50,50,43,43,43,43,37,57,30,59,30,30,10,0,0],"gold":201,"neow_bonus":"THREE_ENEMY_KILL","is_daily":false,"chose_seed":false,"campfire_upgraded":1,"win_rate":0.0,"timestamp":1611609847,"path_taken":["M","?","?","?","$","R","E","?","T","M","E","?","?","M","R","BOSS","M","M","?","M"],"items_purchased_type":["Relic","Relic","Card"],"build_version":"2020-12-22","purchased_purges":0,"victory":false,"max_hp_per_floor":[68,68,68,68,68,68,68,68,68,68,68,68,68,68,68,68,68,68,68,68,68,68],"card_choices":[{"not_picked":["EmptyMind","InnerPeace"],"picked":"LikeWater","floor":1.0},{"not_picked":["ClearTheMind","Halt"],"picked":"FollowUp","floor":4.0},{"not_picked":["Omniscience","CutThroughFate"],"picked":"Conclude","floor":7.0},{"not_picked":["Halt","SashWhip"],"picked":"PathToVictory","floor":10.0},{"not_picked":["DeceiveReality","EmptyBody"],"picked":"Establishment","floor":11.0},{"not_picked":["Consecrate","CutThroughFate"],"picked":"EmptyBody","floor":14.0},{"not_picked":["Vault","SpiritShield"],"picked":"Devotion","floor":16.0},{"not_picked":["FollowUp","Meditate","Vengeance+1"],"picked":"SKIP","floor":18.0},{"not_picked":["Swivel","FearNoEvil"],"picked":"Prostrate","floor":19.0},{"not_picked":["Halt","Vengeance"],"picked":"BowlingBash+1","floor":20}],"player_experience":1354739,"relics_obtained":[{"floor":7.0,"key":"Kunai"},{"floor":9.0,"key":"Akabeko"},{"floor":11.0,"key":"Ancient Tea Set"},{"floor":12.0,"key":"Blue Candle"}],"event_choices":[{"damage_healed":0.0,"max_hp_gain":0.0,"max_hp_loss":0.0,"gold_gain":0.0,"event_name":"Golden Idol","player_choice":"Take Wound","floor":2.0,"gold_loss":0.0,"damage_taken":0.0,"relics_obtained":["Golden Idol"],"cards_obtained":["Injury"]},{"damage_healed":0.0,"max_hp_gain":0.0,"max_hp_loss":0.0,"gold_gain":50.0,"event_name":"Golden Shrine","player_choice":"Pray","floor":3.0,"gold_loss":0.0,"damage_taken":0.0},{"damage_healed":0.0,"max_hp_gain":0.0,"max_hp_loss":0.0,"gold_gain":75.0,"event_name":"World of Goop","player_choice":"Gather Gold","floor":8.0,"gold_loss":0.0,"damage_taken":11.0}],"is_beta":false,"boss_relics":[{"not_picked":["Philosopher\u0027s Stone","Sozu"],"picked":"HolyWater"}],"items_purged_floors":[],"is_endless":false,"potions_floor_spawned":[1,10,16,18],"killed_by":"3 Cultists","ascension_level":17}}