{"host":"bhbf7zxbh2qxgvbr","time":1611579698,"event":{"mods":["BaseMod","Chen","Friendly Minions","Marisa£®ÏF”Í°°ƒß¿Ì…≥£©","Minty Spire (QoL Compilation)","Quick Restart","Reimu£®≤©¿ˆ¡È√Œ£©","Remilia£®¿Ÿ√◊¿Ú—«£©","StSLib","The Administrix","The Servant 0.9.4","Youmu£®ªÍ∆«—˝√Œ£©"],"gold_per_floor":[112,67,17,27,27,27,53,53,80,96,109,128,159,84,84,186,186,197,215,233,244,244,244,263,263,263],"floor_reached":25,"language":"ZHS","playtime":790,"items_purged":["Strike_MRS"],"score":288,"play_id":"ddfa6957-dca1-4269-9fbf-19d64cae2353","local_time":"20210125210138","is_ascension_mode":true,"campfire_choices":[{"data":"MilkyWay","floor":6,"key":"SMITH"},{"data":"MilkyWay","floor":8,"key":"SMITH"},{"data":"GalacticHalo","floor":15,"key":"SMITH"},{"data":"MachineGunSpark","floor":23,"key":"SMITH"}],"circlet_count":0,"master_deck":["Strike_MRS","Defend_MRS+1","Defend_MRS+1","Defend_MRS","Defend_MRS","MasterSpark","UpSweep","MilkyWay+1","MilkyWay+1","GalacticHalo+1","UnstableBomb","MachineGunSpark+1"],"relics":["MiniHakkero","NeowsBlessing","Pantograph","StrikeDummy","Philosopher\u0027s Stone"],"acts_visited":["Exordium","TheCity"],"potions_floor_usage":[13,16,21,24,25,25],"damage_taken":[{"damage":0,"enemies":"Jaw Worm","floor":1,"turns":1},{"damage":0,"enemies":"2 Louse","floor":4,"turns":1},{"damage":0,"enemies":"Gremlin Nob","floor":7,"turns":1},{"damage":0,"enemies":"Cultist","floor":10,"turns":3},{"damage":5,"enemies":"Gremlin Gang","floor":11,"turns":5},{"damage":3,"enemies":"3 Louse","floor":12,"turns":3},{"damage":3,"enemies":"Lagavulin","floor":13,"turns":7},{"damage":57,"enemies":"Slime Boss","floor":16,"turns":8},{"damage":0,"enemies":"Shell Parasite","floor":18,"turns":3},{"damage":5,"enemies":"Spheric Guardian","floor":19,"turns":4},{"damage":0,"enemies":"Centurion and Healer","floor":20,"turns":5},{"damage":19,"enemies":"Snake Plant","floor":21,"turns":5},{"damage":35,"enemies":"3 Cultists","floor":24,"turns":6},{"damage":18,"enemies":"Slavers","floor":25,"turns":4}],"seed_played":"-1576108855194320364","potions_obtained":[{"floor":7,"key":"Explosive Potion"},{"floor":10,"key":"FearPotion"},{"floor":11,"key":"SteroidPotion"},{"floor":13,"key":"FearPotion"},{"floor":16,"key":"PowerPotion"},{"floor":21,"key":"StarNLove"}],"is_trial":false,"path_per_floor":["M","$","?","M","?","R","E","R","T","M","M","M","E","$","R","B",null,"M","M","M","M","?","R","M","E"],"character_chosen":"MARISA","items_purchased":["MilkyWay"],"campfire_rested":0,"item_purchase_floors":[2],"current_hp_per_floor":[75,75,75,75,60,60,60,60,60,60,55,52,49,49,49,17,75,75,70,70,51,51,51,16,0,0],"gold":263,"neow_bonus":"THREE_ENEMY_KILL","is_daily":false,"chose_seed":false,"campfire_upgraded":4,"win_rate":0.0,"timestamp":1611579698,"path_taken":["M","$","?","M","?","R","E","R","T","M","M","M","E","$","R","BOSS","M","?","M","?","?","R","M","E"],"items_purchased_type":["Card"],"build_version":"2020-12-22","purchased_purges":1,"victory":false,"max_hp_per_floor":[75,75,75,75,75,75,75,75,75,75,75,75,75,75,75,75,75,75,75,75,75,75,75,75,75,75],"card_choices":[{"not_picked":["WitchLeyline","EventHorizon"],"picked":"MilkyWay","floor":1},{"not_picked":["WitchOfGreed","FairyDestructionRay","IllusionStar"],"picked":"SKIP","floor":4},{"not_picked":["OneTimeOff","MaximisePower","UnstableBomb"],"picked":"SKIP","floor":7},{"not_picked":["NonDirectionalLaser","StarlightTyphoon","OneTimeOff"],"picked":"SKIP","floor":10},{"not_picked":["NonDirectionalLaser","StarlightTyphoon","OneTimeOff"],"picked":"SKIP","floor":10},{"not_picked":["GravityBeat","WitchOfGreed","GalacticHalo"],"picked":"SKIP","floor":11},{"not_picked":["GravityBeat","WitchOfGreed"],"picked":"GalacticHalo","floor":11},{"not_picked":["ShootingEcho","MagicAbsorber"],"picked":"UnstableBomb","floor":12},{"not_picked":["NonDirectionalLaser","SporeBomb","WitchOfGreed"],"picked":"SKIP","floor":13},{"not_picked":["AsteroidBelt","DC+1"],"picked":"MachineGunSpark","floor":18},{"not_picked":["MeteoricShower","AsteroidBelt","EventHorizon"],"picked":"SKIP","floor":19},{"not_picked":["DeepEcoloBomb","AsteroidBelt+1","GrandCross+1"],"picked":"SKIP","floor":20},{"not_picked":["PropBag","SporeBomb","GrandCross"],"picked":"SKIP","floor":21},{"not_picked":["SporeBomb","OpenUniverse","DragonMeteor"],"picked":"SKIP","floor":24}],"player_experience":371930,"relics_obtained":[{"floor":7,"key":"Pantograph"},{"floor":13,"key":"StrikeDummy"}],"event_choices":[{"cards_removed":["Strike_MRS"],"damage_healed":0,"gold_gain":0,"player_choice":"Card Removal","damage_taken":0,"max_hp_gain":0,"max_hp_loss":0,"event_name":"The Cleric","floor":3,"gold_loss":50},{"damage_healed":0,"gold_gain":0,"player_choice":"Entered Light","damage_taken":15,"max_hp_gain":0,"max_hp_loss":0,"event_name":"Shining Light","floor":5,"gold_loss":0,"cards_upgraded":["Defend_MRS","Defend_MRS"]},{"cards_removed":["Strike_MRS"],"damage_healed":0,"gold_gain":0,"player_choice":"Elegance","damage_taken":0,"max_hp_gain":0,"max_hp_loss":0,"event_name":"Back to Basics","floor":22,"gold_loss":0}],"is_beta":false,"boss_relics":[{"not_picked":["Sozu","SlaversCollar"],"picked":"Philosopher\u0027s Stone"}],"items_purged_floors":[14],"is_endless":false,"potions_floor_spawned":[7,10,11,13,16,21],"killed_by":"Slavers","ascension_level":4}}