{"host":"d7fiu2yjkssjxoz6","time":1611615615,"event":{"mods":["AchievementEnabler","BaseMod","Duelist Mod","Minty Spire (QoL Compilation)","StSLib"],"gold_per_floor":[138,148,148,163,163,175,175,203,203,194,14,43,43,43,43,104,104,99,99,8,0,0,0,0,0,0,0,0,0,0,0,0,0,0,0,0,0,0,0,0,0,0,0,0,0,0,0,0,0,0,0,0,0,0,0],"floor_reached":56,"language":"ENG","playtime":3992,"items_purged":["theDuelist:GravekeeperCurse"],"score":1921,"play_id":"9b8701a0-def8-4c68-b29e-cb401509330c","local_time":"20210125150015","is_ascension_mode":true,"campfire_choices":[{"data":"theDuelist:VioletCrystal","floor":7.0,"key":"SMITH"},{"data":"theDuelist:KamionTimelord","floor":15.0,"key":"SMITH"},{"floor":24.0,"key":"REST"},{"floor":27.0,"key":"RECALL"},{"floor":32.0,"key":"REST"},{"floor":41.0,"key":"REST"},{"floor":47.0,"key":"REST"},{"data":"theDuelist:KamionTimelord","floor":49,"key":"SMITH"},{"data":"theDuelist:WhiteRoseDragon","floor":52,"key":"SMITH"}],"circlet_count":0,"master_deck":["theDuelist:AngelTrumpeter","AscendersBane","theDuelist:CactusBouncer","theDuelist:CastleWalls","theDuelist:CastleWalls","theDuelist:DarkworldThorns","theDuelist:Inmato","theDuelist:JerryBeansMan","theDuelist:JerryBeansMan","theDuelist:Sparks","theDuelist:Sparks","theDuelist:VioletCrystal+1","theDuelist:RoseArcher","theDuelist:Nameless:Power:MaskedDragon","theDuelist:Nameless:War:AllyJustice","theDuelist:EarthquakeGiant","theDuelist:VioletCrystal","theDuelist:EarthquakeGiant","theDuelist:KamionTimelord+1","theDuelist:RevivalRose","theDuelist:YellowBelliedOni+1","theDuelist:YellowBelliedOni+1","theDuelist:DarkworldThorns","theDuelist:WorldTree+1","theDuelist:RevivalRose","Discovery+1","theDuelist:WorldTree+1","theDuelist:WhiteRoseDragon+1","theDuelist:ForbiddenLance","theDuelist:KamionTimelord+1","theDuelist:JerryBeansMan+1","theDuelist:JerryBeansMan","theDuelist:PredaplantChimerafflesia","theDuelist:MillenniumShield+1","theDuelist:BotanicalLion","theDuelist:LonefireBlossom+1","theDuelist:PotDuality","theDuelist:PredaplantChimerafflesia+1","theDuelist:PredaplantChimerafflesia+1","theDuelist:PotDichotomy+1","theDuelist:DeltaMagnet","theDuelist:SilverApples","theDuelist:RoseArcher+1","theDuelist:PredaplantChimerafflesia","theDuelist:BotanicalLion","theDuelist:SuperSolarNutrient+1"],"relics":["theDuelist:MillenniumPuzzle","theDuelist:CardPoolRelic","theDuelist:CardPoolBasicRelic","theDuelist:BoosterPackPoolRelic","theDuelist:CardPoolAddRelic","theDuelist:CardPoolMinusRelic","theDuelist:CardPoolSaveRelic","theDuelist:CardPoolOptionsRelic","theDuelist:MillenniumArmor","Frozen Egg 2","Potion Belt","theDuelist:MerchantPendant","theDuelist:PointPass","Unceasing Top","CultistMask","Ectoplasm","theDuelist:SummonAnchorRare","theDuelist:ZoneToken","Self Forming Clay","Peace Pipe","Runic Pyramid","theDuelist:SpellMaxHPRelic","Tingsha","Prayer Wheel","MawBank","Happy Flower","Blood Vial","Red Skull"],"acts_visited":["Exordium","TheCity","TheBeyond","TheEnding"],"potions_floor_usage":[55,55,55,55],"damage_taken":[{"damage":7.0,"enemies":"2 Louse","floor":1.0,"turns":3.0},{"damage":0.0,"enemies":"Jaw Worm","floor":2.0,"turns":4.0},{"damage":5.0,"enemies":"Small Slimes","floor":4.0,"turns":2.0},{"damage":25.0,"enemies":"Lagavulin","floor":6.0,"turns":7.0},{"damage":3.0,"enemies":"Gremlin Nob","floor":8.0,"turns":4.0},{"damage":1.0,"enemies":"3 Louse","floor":10.0,"turns":3.0},{"damage":12.0,"enemies":"Lagavulin","floor":12.0,"turns":6.0},{"damage":12.0,"enemies":"The Guardian","floor":16.0,"turns":7.0},{"damage":0.0,"enemies":"Chosen","floor":18.0,"turns":6.0},{"damage":28.0,"enemies":"2 Thieves","floor":21.0,"turns":4.0},{"damage":19.0,"enemies":"Book of Stabbing","floor":23.0,"turns":5.0},{"damage":14.0,"enemies":"theDuelist:KaibaA2","floor":28.0,"turns":5.0},{"damage":8.0,"enemies":"Snecko","floor":29.0,"turns":5.0},{"damage":9.0,"enemies":"Gremlin Leader","floor":31.0,"turns":4.0},{"damage":10.0,"enemies":"Champ","floor":33.0,"turns":11.0},{"damage":0.0,"enemies":"Orb Walker","floor":35.0,"turns":4.0},{"damage":15.0,"enemies":"3 Shapes","floor":36.0,"turns":6.0},{"damage":14.0,"enemies":"Transient","floor":38.0,"turns":5.0},{"damage":61.0,"enemies":"Transient","floor":39.0,"turns":10.0},{"damage":10.0,"enemies":"Reptomancer","floor":40.0,"turns":6.0},{"damage":9.0,"enemies":"Spire Growth","floor":42.0,"turns":5.0},{"damage":25.0,"enemies":"Jaw Worm Horde","floor":45.0,"turns":5.0},{"damage":0.0,"enemies":"Giant Head","floor":46.0,"turns":7.0},{"damage":28.0,"enemies":"3 Darklings","floor":48.0,"turns":5.0},{"damage":9,"enemies":"Time Eater","floor":50,"turns":12},{"damage":58,"enemies":"Shield and Spear","floor":54,"turns":7},{"damage":30,"enemies":"The Heart","floor":55,"turns":8}],"seed_played":"-2738530738426346976","potions_obtained":[{"floor":1.0,"key":"FairyPotion"},{"floor":4.0,"key":"Fire Potion"},{"floor":6.0,"key":"SpeedPotion"},{"floor":16.0,"key":"LiquidMemories"},{"floor":18.0,"key":"AttackPotion"},{"floor":29.0,"key":"EssenceOfSteel"},{"floor":31.0,"key":"SteroidPotion"},{"floor":42.0,"key":"Ancient Potion"},{"floor":46.0,"key":"theDuelist:DebuffFuryPotion"},{"floor":48.0,"key":"PowerPotion"}],"is_trial":false,"path_per_floor":["M","M","?","M","?","E","R","E","T","M","$","E","?","?","R","B",null,"M","?","$","M","?","E","R","$","T","R","E","M","?","E","R","B",null,"M","M","?","M","?","E","R","M","T","?","M","E","R","M","R","B",null,"R","$","E","B",null],"character_chosen":"THE_DUELIST","items_purchased":["theDuelist:MerchantPendant","theDuelist:PointPass","theDuelist:RevivalRose","theDuelist:YellowBelliedOni+1","theDuelist:YellowBelliedOni+1","theDuelist:DarkworldThorns","theDuelist:WorldTree+1","theDuelist:WhiteRoseDragon"],"campfire_rested":4,"item_purchase_floors":[11,11,11,11,11,11,20,20],"current_hp_per_floor":[73,73,81,76,88,63,63,60,60,59,59,47,74,74,74,62,97,97,91,91,63,57,38,70,70,70,70,56,48,48,39,70,60,94,94,79,79,65,5,31,62,54,54,54,29,29,61,35,35,28,87,87,87,32,4],"gold":0,"neow_bonus":"TEN_PERCENT_HP_BONUS","is_daily":false,"chose_seed":false,"campfire_upgraded":4,"win_rate":0.0,"timestamp":1611615615,"path_taken":["M","M","?","M","?","E","R","E","T","M","?","E","?","?","R","BOSS","M","?","$","?","?","E","R","$","T","R","E","?","?","E","R","BOSS","M","?","?","M","?","E","R","M","T","?","M","E","R","M","R","BOSS","R","$","E","BOSS"],"items_purchased_type":["Relic","Relic","Card","Card","Card","Card","Card","Card"],"build_version":"2020-12-22","purchased_purges":1,"victory":true,"max_hp_per_floor":[88,88,96,96,108,108,108,108,108,108,108,108,108,108,108,108,108,108,108,108,108,108,108,108,108,108,108,108,108,105,105,105,105,105,105,105,105,105,106,106,106,107,107,107,107,107,107,107,107,107,107,107,107,108,108],"card_choices":[{"not_picked":["theDuelist:WorldTree","theDuelist:BloomingDarkestRose","theDuelist:SplendidRose"],"picked":"theDuelist:VioletCrystal","floor":1.0},{"not_picked":["theDuelist:VenomShot+1","theDuelist:WorldTree+1","theDuelist:RagingMadPlants+1","theDuelist:OneForOne+1"],"picked":"theDuelist:RoseArcher","floor":2.0},{"not_picked":["theDuelist:HammerShot","theDuelist:LightningDarts","theDuelist:LightningVortex","theDuelist:SmashingGround"],"picked":"theDuelist:EarthquakeGiant","floor":4.0},{"not_picked":["theDuelist:WorldTree","theDuelist:BloomingDarkestRose","theDuelist:SplendidRose"],"picked":"theDuelist:VioletCrystal","floor":6.0},{"not_picked":["theDuelist:CrystalRose","theDuelist:DokiDoki","theDuelist:EarthEffigy","theDuelist:EvilswarmHeliotrope"],"picked":"theDuelist:EarthquakeGiant","floor":8.0},{"not_picked":["theDuelist:QueenAngelRoses","theDuelist:PredaplantSarraceniant+1"],"picked":"theDuelist:KamionTimelord","floor":10.0},{"not_picked":["theDuelist:CactusBouncer","theDuelist:JerryBeansMan","theDuelist:PredaplantFlytrap","theDuelist:Invigoration"],"picked":"theDuelist:WorldTree+1","floor":12.0},{"not_picked":["theDuelist:KamionTimelord","theDuelist:HeartUnderdog+1","theDuelist:BeastFangs","theDuelist:PredaplantSarraceniant+1"],"picked":"theDuelist:RevivalRose","floor":16.0},{"not_picked":["Blind","Good Instincts","Swift Strike"],"picked":"Discovery+1","floor":18.0},{"not_picked":["theDuelist:DarklordSuperbia","theDuelist:Fissure","theDuelist:GraniteLoyalist","theDuelist:Hinotama"],"picked":"theDuelist:ForbiddenLance","floor":21.0},{"not_picked":["theDuelist:BlackRoseDragon","theDuelist:PredaplantDrosophyllum","theDuelist:WitchBlackRose","theDuelist:RoseWitch"],"picked":"theDuelist:KamionTimelord","floor":23.0},{"not_picked":["theDuelist:CactusBouncer","theDuelist:PredaplantFlytrap+1","theDuelist:Invigoration","theDuelist:TwilightRoseKnight+1"],"picked":"theDuelist:JerryBeansMan+1","floor":28.0},{"not_picked":["theDuelist:BotanicalLion","theDuelist:VenomShot","theDuelist:PredaplantSpinodionaea","theDuelist:FallenAngelRoses"],"picked":"theDuelist:JerryBeansMan","floor":29.0},{"not_picked":["theDuelist:ClearKuriboh","theDuelist:Cloning","theDuelist:MagicalStone+1","theDuelist:SphereKuriboh+1"],"picked":"theDuelist:RagingMadPlants+1","floor":31.0},{"not_picked":["theDuelist:BeastFangs+1","theDuelist:RoseArcher+1","theDuelist:BlackRoseMoonlight","theDuelist:PredaplantSarraceniant+1"],"picked":"theDuelist:PredaplantChimerafflesia","floor":33.0},{"not_picked":["theDuelist:MudGolem+1","theDuelist:DokiDoki","theDuelist:Metronome+1","theDuelist:SmashingGround+1"],"picked":"theDuelist:MillenniumShield+1","floor":35.0},{"not_picked":["theDuelist:JerryBeansMan","theDuelist:WormApocalypse+1","theDuelist:PredaplantChlamydosundew","theDuelist:BloomingDarkestRose+1"],"picked":"theDuelist:BotanicalLion","floor":36.0},{"not_picked":["theDuelist:BotanicalLion+1","theDuelist:JerryBeansMan+1","theDuelist:SuperSolarNutrient+1","theDuelist:SplendidRose+1"],"picked":"theDuelist:LonefireBlossom+1","floor":38.0},{"not_picked":["theDuelist:Fissure+1","theDuelist:LightningVortex","theDuelist:MiracleFertilizer","theDuelist:CheerfulCoffin+1"],"picked":"theDuelist:PotDuality","floor":39.0},{"not_picked":["theDuelist:SeedCannon+1","theDuelist:PlantFoodChain+1","theDuelist:HeartUnderdog+1","theDuelist:RevivalRose+1"],"picked":"theDuelist:PredaplantChimerafflesia+1","floor":40.0},{"not_picked":["theDuelist:PredaplantDrosophyllum","theDuelist:AngelTrumpeter"],"picked":"theDuelist:PredaplantChimerafflesia+1","floor":42.0},{"not_picked":["theDuelist:LightningVortex","theDuelist:DarkCreator","theDuelist:SphereKuriboh+1","theDuelist:HarpieFeather+1"],"picked":"theDuelist:PotDichotomy+1","floor":42.0},{"not_picked":["theDuelist:BotanicalLion","theDuelist:LonefireBlossom","theDuelist:WormApocalypse+1","theDuelist:RosePaladin+1"],"picked":"theDuelist:SilverApples","floor":45.0},{"not_picked":["theDuelist:AttackTheMoon","theDuelist:DarklordSuperbia+1","theDuelist:WormKing+1","theDuelist:GaiaMidNightSun","theDuelist:Hinotama+1"],"picked":"SKIP","floor":45.0},{"not_picked":["theDuelist:HeartUnderdog+1","theDuelist:BeastFangs+1"],"picked":"theDuelist:RoseArcher+1","floor":46.0},{"not_picked":["theDuelist:HeartUnderdog+1","theDuelist:QueenAngelRoses+1","theDuelist:BlackRoseMoonlight","theDuelist:PredaplantSarraceniant+1"],"picked":"theDuelist:PredaplantChimerafflesia","floor":48.0},{"not_picked":["theDuelist:JerryBeansMan+1","theDuelist:LonefireBlossom","theDuelist:CheerfulCoffin+1","theDuelist:WorldCarrot+1"],"picked":"theDuelist:BotanicalLion","floor":48.0},{"not_picked":["theDuelist:JerryBeansMan+1","theDuelist:SilverApples+1","theDuelist:BotanicalLion+1","theDuelist:PredaplantPterapenthes+1"],"picked":"theDuelist:SuperSolarNutrient+1","floor":54}],"player_experience":289671,"relics_obtained":[{"floor":6.0,"key":"theDuelist:MillenniumArmor"},{"floor":8.0,"key":"Frozen Egg 2"},{"floor":9.0,"key":"Potion Belt"},{"floor":12.0,"key":"Unceasing Top"},{"floor":23.0,"key":"theDuelist:ZoneToken"},{"floor":28.0,"key":"Self Forming Clay"},{"floor":31.0,"key":"Peace Pipe"},{"floor":39.0,"key":"theDuelist:SpellMaxHPRelic"},{"floor":39.0,"key":"Tingsha"},{"floor":39.0,"key":"Prayer Wheel"},{"floor":40.0,"key":"MawBank"},{"floor":43.0,"key":"Happy Flower"},{"floor":46.0,"key":"Blood Vial"},{"floor":54,"key":"Red Skull"}],"event_choices":[{"power_reward":4.0,"total_magic_score":23.0,"gold_gain":0.0,"duelist":true,"damage_taken":0.0,"relics_obtained":[],"points":12.0,"war_reward":4.0,"max_hp_gain":8.0,"max_hp_loss":0.0,"spent_points":{"magic":0.0,"greed":0.0,"war":4.0,"power":4.0,"hunger":4.0},"event_name":"Nameless Tomb","hunger_reward":4.0,"floor":3.0,"gold_loss":0.0,"cards_obtained":["theDuelist:Nameless:Power:MaskedDragon","theDuelist:Nameless:War:AllyJustice"]},{"damage_healed":0.0,"max_hp_gain":0.0,"max_hp_loss":0.0,"gold_gain":0.0,"event_name":"Tomb of the Nameless","player_choice":"Break - +12 Max HP","duelist":true,"floor":5.0,"gold_loss":0.0,"damage_taken":0.0},{"damage_healed":27.0,"max_hp_gain":0.0,"max_hp_loss":0.0,"gold_gain":0.0,"event_name":"Mushrooms","player_choice":"Healed and dodged fight","floor":13.0,"gold_loss":0.0,"damage_taken":0.0,"cards_obtained":["Parasite"]},{"damage_healed":0.0,"max_hp_gain":0.0,"max_hp_loss":0.0,"gold_gain":0.0,"event_name":"FaceTrader","player_choice":"Trade","floor":14.0,"gold_loss":0.0,"damage_taken":0.0,"relics_obtained":["CultistMask"]},{"damage_healed":0.0,"max_hp_gain":0.0,"max_hp_loss":0.0,"gold_gain":0.0,"event_name":"Knowing Skull","player_choice":"","floor":19.0,"potions_obtained":[],"gold_loss":0.0,"damage_taken":6.0,"cards_obtained":[]},{"damage_healed":0.0,"max_hp_gain":0.0,"max_hp_loss":0.0,"gold_gain":0.0,"event_name":"Aknamkanon\u0027s Tomb","player_choice":"Dig - random Duelist relic","duelist":true,"floor":22.0,"gold_loss":0.0,"damage_taken":0.0},{"cards_removed":["Parasite","theDuelist:CursedBill","theDuelist:PsiCurse"],"damage_healed":0.0,"max_hp_gain":0.0,"max_hp_loss":0.0,"gold_gain":0.0,"event_name":"Fountain of Cleansing","player_choice":"Removed Curses","floor":30.0,"gold_loss":0.0,"damage_taken":0.0},{"cards_removed":["theDuelist:RagingMadPlants"],"damage_healed":0.0,"max_hp_gain":0.0,"max_hp_loss":0.0,"gold_gain":0.0,"event_name":"Falling","player_choice":"Removed Skill","floor":37.0,"gold_loss":0.0,"damage_taken":0.0},{"damage_healed":0.0,"max_hp_gain":0.0,"max_hp_loss":0.0,"gold_gain":0.0,"event_name":"Battle City","player_choice":"Fight","duelist":true,"floor":39.0,"gold_loss":0.0,"damage_taken":0.0},{"damage_healed":0.0,"max_hp_gain":0.0,"max_hp_loss":0.0,"gold_gain":0.0,"event_name":"Egyptian Village","player_choice":"Delta Electro","duelist":true,"floor":44.0,"gold_loss":0.0,"damage_taken":0.0,"cards_obtained":["Delta Electromagnet Warrior"]}],"is_beta":false,"boss_relics":[{"not_picked":["theDuelist:HauntedRelic","Philosopher\u0027s Stone"],"picked":"Ectoplasm"},{"not_picked":["SacredBark","Tiny House"],"picked":"Runic Pyramid"}],"items_purged_floors":[11],"is_endless":false,"potions_floor_spawned":[1,4,6,16,18,29,31,35,38,42,46,48,54],"ascension_level":11}}