{"host":"mg6qqnp83j5r6p2r","time":1611544049,"event":{"mods":["BaseMod","Colored Map","Colored Powertips","Highlight Path","Minty Spire (QoL Compilation)","Rare Cards Sparkle","Relic Sorter","Relic Stats","StSLib"],"gold_per_floor":[112,125,144,160,160,160,194,104,104,130,156,170,199,124,124,229,229,240,240,140,140,140,171,186,217,217,40,40,59,85,102,102,102,102],"floor_reached":33,"language":"ENG","playtime":3317,"items_purged":["Strike_R","Strike_R","Defend_R"],"score":380,"play_id":"50a190a4-e5b7-4a61-88d7-fe65520b4033","local_time":"20210124210729","is_ascension_mode":true,"campfire_choices":[{"data":"Hemokinesis","floor":6,"key":"SMITH"},{"floor":15,"key":"RECALL"},{"data":"Flame Barrier","floor":28,"key":"SMITH"},{"data":"Disarm","floor":32,"key":"SMITH"}],"circlet_count":0,"master_deck":["Defend_R+1","Defend_R","Defend_R","Bash","Exhume","Shrug It Off","Hemokinesis+1","Cleave","Shrug It Off+1","Anger","Bandage Up","Metallicize","Offering","Bite","Bite","Bite","Bite","Bite","Flame Barrier+1","Ghostly Armor","Feel No Pain","Disarm+1"],"relics":["Burning Blood","Happy Flower","Darkstone Periapt","Odd Mushroom","Lantern","Busted Crown","Meat on the Bone","Tiny Chest","Bird Faced Urn","Molten Egg 2","War Paint"],"acts_visited":["Exordium","TheCity"],"potions_floor_usage":[16,16,16,29,30],"damage_taken":[{"damage":5,"enemies":"2 Louse","floor":1,"turns":3},{"damage":1,"enemies":"Jaw Worm","floor":2,"turns":5},{"damage":6,"enemies":"Small Slimes","floor":3,"turns":3},{"damage":11,"enemies":"Looter","floor":4,"turns":2},{"damage":21,"enemies":"Lagavulin","floor":7,"turns":6},{"damage":34,"enemies":"3 Sentries","floor":10,"turns":8},{"damage":12,"enemies":"The Mushroom Lair","floor":11,"turns":4},{"damage":10,"enemies":"Exordium Wildlife","floor":12,"turns":3},{"damage":15,"enemies":"Lagavulin","floor":13,"turns":8},{"damage":17,"enemies":"Hexaghost","floor":16,"turns":10},{"damage":23,"enemies":"3 Byrds","floor":18,"turns":7},{"damage":31,"enemies":"Slavers","floor":23,"turns":8},{"damage":28,"enemies":"Shell Parasite","floor":24,"turns":7},{"damage":49,"enemies":"Book of Stabbing","floor":25,"turns":6},{"damage":26,"enemies":"Snake Plant","floor":29,"turns":5},{"damage":27,"enemies":"Slavers","floor":30,"turns":7},{"damage":12,"enemies":"Centurion and Healer","floor":31,"turns":11},{"damage":105,"enemies":"Champ","floor":33,"turns":17}],"seed_played":"-8251171631681772501","potions_obtained":[{"floor":3,"key":"EssenceOfSteel"},{"floor":7,"key":"LiquidMemories"},{"floor":10,"key":"EssenceOfSteel"},{"floor":23,"key":"Ancient Potion"},{"floor":25,"key":"LiquidMemories"},{"floor":29,"key":"Fire Potion"}],"is_trial":false,"path_per_floor":["M","M","M","M","?","R","E","$","T","E","?","M","E","$","R","B",null,"M","?","$","?","?","E","M","E","T","$","R","M","E","M","R","B"],"character_chosen":"IRONCLAD","items_purchased":["Bandage Up","BloodPotion"],"campfire_rested":0,"item_purchase_floors":[8,27],"current_hp_per_floor":[80,80,80,75,80,80,65,65,65,45,43,47,46,46,46,43,85,72,72,72,59,59,56,55,42,42,42,42,59,59,59,59,0,0],"gold":102,"neow_bonus":"ONE_RANDOM_RARE_CARD","is_daily":false,"chose_seed":false,"campfire_upgraded":3,"win_rate":0.0,"timestamp":1611544049,"path_taken":["M","M","M","M","?","R","E","?","T","E","?","M","E","$","R","BOSS","M","?","$","?","?","E","M","E","T","$","R","M","E","M","R","BOSS"],"items_purchased_type":["Card","Potion"],"build_version":"2020-12-22","purchased_purges":3,"victory":false,"max_hp_per_floor":[80,80,80,80,85,85,85,85,85,85,85,85,85,85,85,85,85,85,85,85,59,59,59,59,59,59,59,59,59,59,59,59,59,59],"relic_stats":{"Darkstone Periapt":0,"Busted Crown":14,"Happy Flower":[33],"counters":[18,120],"Bird Faced Urn":[12],"Tiny Chest":0,"War Paint":["Shrug It Off","Defend_R"],"obtain_stats":[{"Darkstone Periapt":10,"Lantern":13,"Busted Crown":17,"Happy Flower":7,"Bird Faced Urn":25,"Tiny Chest":23,"Molten Egg 2":26,"Odd Mushroom":11,"War Paint":30,"Burning Blood":0,"Meat on the Bone":19},{"Darkstone Periapt":6,"Lantern":9,"Busted Crown":10,"Happy Flower":5,"Bird Faced Urn":14,"Tiny Chest":12,"Molten Egg 2":14,"Odd Mushroom":7,"War Paint":16,"Burning Blood":0,"Meat on the Bone":11},{"Darkstone Periapt":27,"Lantern":42,"Busted Crown":52,"Happy Flower":19,"Bird Faced Urn":80,"Tiny Chest":67,"Molten Egg 2":80,"Odd Mushroom":31,"War Paint":92,"Burning Blood":0,"Meat on the Bone":59}],"Burning Blood":86,"Meat on the Bone":12},"card_choices":[{"not_picked":["Battle Trance","Pummel"],"picked":"Shrug It Off","floor":1},{"not_picked":["Combust","Headbutt"],"picked":"Hemokinesis","floor":2},{"not_picked":["Havoc","Thunderclap"],"picked":"Cleave","floor":3},{"not_picked":["True Grit","Flex"],"picked":"Shrug It Off","floor":4},{"not_picked":["Rampage","Armaments"],"picked":"Anger","floor":7},{"not_picked":["Inflame","Body Slam","Exhume"],"picked":"SKIP","floor":10},{"not_picked":["Blood for Blood","Sever Soul","Twin Strike"],"picked":"SKIP","floor":12},{"not_picked":["Warcry","Clothesline"],"picked":"Metallicize","floor":13},{"not_picked":["Brutality","Impervious"],"picked":"Offering","floor":16},{"not_picked":["Wild Strike"],"picked":"SKIP","floor":18},{"not_picked":["Sever Soul"],"picked":"SKIP","floor":23},{"not_picked":[],"picked":"Ghostly Armor","floor":24},{"not_picked":["Sever Soul"],"picked":"SKIP","floor":25},{"not_picked":[],"picked":"Feel No Pain","floor":29},{"not_picked":["Sword Boomerang+1"],"picked":"SKIP","floor":30},{"not_picked":[],"picked":"Disarm","floor":31}],"player_experience":211229,"relics_obtained":[{"floor":7,"key":"Happy Flower"},{"floor":10,"key":"Darkstone Periapt"},{"floor":11,"key":"Odd Mushroom"},{"floor":13,"key":"Lantern"},{"floor":23,"key":"Tiny Chest"},{"floor":25,"key":"Bird Faced Urn"},{"floor":26,"key":"Molten Egg 2"},{"floor":30,"key":"War Paint"}],"event_choices":[{"damage_healed":0,"gold_gain":0,"player_choice":"Donut","damage_taken":0,"max_hp_gain":5,"max_hp_loss":0,"event_name":"Big Fish","floor":5,"gold_loss":0},{"damage_healed":0,"gold_gain":0,"player_choice":"Fought Mushrooms","damage_taken":0,"max_hp_gain":0,"max_hp_loss":0,"event_name":"Mushrooms","floor":11,"gold_loss":0},{"damage_healed":0,"gold_gain":0,"player_choice":"Opened","damage_taken":0,"relics_obtained":["Meat on the Bone"],"max_hp_gain":0,"max_hp_loss":0,"event_name":"The Mausoleum","floor":19,"gold_loss":0},{"damage_healed":0,"gold_gain":0,"player_choice":"Became a vampire","damage_taken":0,"max_hp_gain":0,"max_hp_loss":26,"event_name":"Vampires","floor":21,"gold_loss":0,"cards_obtained":["Bite","Bite","Bite","Bite","Bite"]},{"damage_healed":0,"gold_gain":0,"player_choice":"Read","damage_taken":0,"max_hp_gain":0,"max_hp_loss":0,"event_name":"The Library","floor":22,"gold_loss":0,"cards_obtained":["Flame Barrier"]}],"is_beta":false,"boss_relics":[{"not_picked":["Fusion Hammer","Runic Pyramid"],"picked":"Busted Crown"}],"items_purged_floors":[14,20,27],"is_endless":false,"potions_floor_spawned":[3,7,10,11,12,23,25,29],"killed_by":"Champ","ascension_level":2}}