{"host":"kvdgttz6fg1t1san","time":1611554403,"event":{"mods":["Aspiration","BaseMod","Colored Map","Downfall","Halation","Hubris","Lobotomy","Minty Spire (QoL Compilation)","Replay The Spire","StSLib"],"gold_per_floor":[99,9,24,24,36,36,36,48,48,59,92,110,110,110,128,233,233,233,244,261,261,273,283,283,91,91,91,91,111,111,211,230,330,330,330,347,361,361,221,235,308,503,530,530,542,391,191,191,206,206],"floor_reached":51,"language":"ENG","playtime":2370,"items_purged":["bronze:Strike","hubris:Gluttony","bronze:Defend","bronze:Defend","bronze:Replicate+1","bronze:Repair+1"],"score":804,"play_id":"4ebb2870-bf7c-444b-8741-93e7466e91d1","local_time":"20210125010003","is_ascension_mode":false,"campfire_choices":[{"data":"bronze:Replicate","floor":1.0,"key":"SMITH"},{"data":"bronze:Goto","floor":1.0,"key":"SMITH"},{"data":"bronze:WhirlingStrike","floor":6.0,"key":"SMITH"},{"data":"bronze:Branch","floor":6.0,"key":"SMITH"},{"data":"bronze:FineTuning","floor":9.0,"key":"SMITH"},{"data":"bronze:ChosenStrike","floor":9.0,"key":"SMITH"},{"data":"bronze:Branch","floor":13.0,"key":"SMITH"},{"data":"bronze:Branch","floor":13.0,"key":"SMITH"},{"floor":27.0,"key":"DIG"},{"floor":30.0,"key":"REST"},{"data":"bronze:Repair","floor":35.0,"key":"SMITH"},{"data":"bronze:ThunderWave","floor":35.0,"key":"SMITH"},{"floor":44,"key":"RECALL"},{"data":"bronze:ForceShield","floor":47,"key":"SMITH"},{"data":"bronze:Flail","floor":47,"key":"SMITH"}],"circlet_count":0,"master_deck":["bronze:Goto+1","bronze:FineTuning+1","bronze:Branch+1","bronze:WhirlingStrike+1","bronze:ChosenStrike+1","bronze:Branch+1","bronze:Branch+1","bronze:RecursiveStrike+1","bronze:FineTuning+1","bronze:ThunderWave+1","bronze:ForceShield+1","bronze:Flail+1","bronze:Format"],"relics":["bronze:BronzeCore","Replay:Arrowhead","Shovel","aspiration:FrozenJewel","Sozu","Bottled Lightning","hubris:TinFlute","Ancient Tea Set","aspiration:KaomsHeart"],"acts_visited":["Exordium","TheCity","TheBeyond"],"potions_floor_usage":[],"damage_taken":[{"damage":0.0,"enemies":"downfall:FleeingMerchant","floor":2.0,"turns":4.0},{"damage":0.0,"enemies":"Small Slimes","floor":3.0,"turns":3.0},{"damage":0.0,"enemies":"Cultist","floor":5.0,"turns":2.0},{"damage":1.0,"enemies":"Jaw Worm","floor":8.0,"turns":2.0},{"damage":7.0,"enemies":"Blue Slaver","floor":10.0,"turns":2.0},{"damage":9.0,"enemies":"3 Sentries","floor":11.0,"turns":4.0},{"damage":0.0,"enemies":"Lots of Slimes","floor":12.0,"turns":1.0},{"damage":1.0,"enemies":"Red Slaver","floor":15.0,"turns":2.0},{"damage":41.0,"enemies":"DF_ARCHETYPE_STREAMLINE","floor":16.0,"turns":5.0},{"damage":0.0,"enemies":"Spheric Guardian","floor":19.0,"turns":1.0},{"damage":1.0,"enemies":"3 Byrds","floor":20.0,"turns":3.0},{"damage":0.0,"enemies":"Cultist and Chosen","floor":22.0,"turns":3.0},{"damage":21.0,"enemies":"Shelled Parasite and Fungi","floor":23.0,"turns":4.0},{"damage":0.0,"enemies":"downfall:FleeingMerchant","floor":25.0,"turns":4.0},{"damage":0.0,"enemies":"Snake Plant","floor":29.0,"turns":3.0},{"damage":0.0,"enemies":"3 Cultists","floor":32.0,"turns":2.0},{"damage":27.0,"enemies":"SI_MIRROR_ARCHETYPE","floor":33.0,"turns":6.0},{"damage":0.0,"enemies":"3 Shapes","floor":36.0,"turns":2.0},{"damage":14,"enemies":"3 Darklings","floor":37,"turns":3},{"damage":0,"enemies":"downfall:FleeingMerchant","floor":39,"turns":4},{"damage":4,"enemies":"Jaw Worm Horde","floor":40,"turns":3},{"damage":0,"enemies":"downfall:FleeingMerchant","floor":42,"turns":1},{"damage":55,"enemies":"Nemesis","floor":43,"turns":7},{"damage":5,"enemies":"Maw","floor":45,"turns":5},{"damage":23,"enemies":"Writhing Mass","floor":49,"turns":4},{"damage":0,"enemies":"WA_ARCHETYPE_DIVINITY","floor":50,"turns":10}],"seed_played":"7164097350882531413","potions_obtained":[{"floor":3.0,"key":"bronze:BuildAFunctionPotion"},{"floor":8.0,"key":"LiquidMemories"},{"floor":12.0,"key":"Swift Potion"}],"is_trial":false,"path_per_floor":["R","$","M","?","M","R","T","M","R","M","E","M","R","?","M","B",null,"R_BF","M","M","?","M","M","T","$","T","R","$","M","R","?","M","B",null,"R","M","M","?","$","M","T","$","E","R","M","$","R","$","M","B",null],"character_chosen":"THE_AUTOMATON","items_purchased":["bronze:Repair","aspiration:KaomsHeart","bronze:Format"],"campfire_rested":1,"item_purchase_floors":[25,28,46],"current_hp_per_floor":[63,63,63,63,63,63,63,62,62,55,46,46,46,46,45,4,63,63,63,62,62,62,41,41,41,41,41,112,120,163,163,163,143,163,163,163,149,149,149,155,155,155,100,100,95,95,105,105,82,82],"gold":206,"neow_bonus":"ONE_RARE_RELIC","is_daily":false,"chose_seed":false,"campfire_upgraded":12,"win_rate":0.0,"timestamp":1611554403,"path_taken":["R","$","M","?","?","R","T","M","R","M","E","M","R","?","M","BOSS","R_BF","M","M","?","?","M","T","$","?","R","?","M","R","?","M","BOSS","R","M","M","?","$","M","T","?","E","R","M","$","R","$","M","BOSS"],"items_purchased_type":["Card","Relic","Card"],"build_version":"2020-12-22","purchased_purges":6,"victory":true,"max_hp_per_floor":[63,63,63,63,63,63,63,63,63,63,63,63,63,63,63,63,63,63,63,63,63,63,63,63,63,63,63,163,163,163,163,163,163,163,163,163,163,163,163,163,163,163,163,163,163,163,173,173,173,173],"card_choices":[{"not_picked":["bronze:BugBarrage","bronze:Invalidate"],"picked":"bronze:FineTuning","floor":2.0},{"not_picked":["bronze:BuggyMess","bronze:OilSpill"],"picked":"bronze:Branch","floor":3.0},{"not_picked":["bronze:Turbo","bronze:Shield"],"picked":"bronze:WhirlingStrike","floor":5.0},{"not_picked":["bronze:Overload","bronze:GetLatest"],"picked":"bronze:ChosenStrike","floor":8.0},{"not_picked":["bronze:Allocate","bronze:Overheat"],"picked":"bronze:Branch","floor":10.0},{"not_picked":["bronze:Deprecate","bronze:ItsAFeature","bronze:BronzeArmor"],"picked":"SKIP","floor":11.0},{"not_picked":["bronze:FineTuning","bronze:ItsAFeature"],"picked":"bronze:Branch","floor":12.0},{"not_picked":["bronze:BronzeOrb","bronze:NullPointer","bronze:WildBeam"],"picked":"SKIP","floor":15.0},{"not_picked":["bronze:AlphaBuild","bronze:ThunderWave"],"picked":"bronze:RecursiveStrike","floor":16.0},{"not_picked":["bronze:Safeguard","bronze:Deprecate","bronze:Allocate"],"picked":"SKIP","floor":19.0},{"not_picked":["bronze:BronzeArmor","bronze:Iterate","bronze:Turbo"],"picked":"SKIP","floor":20.0},{"not_picked":["bronze:Turbo","bronze:ClassDefault"],"picked":"bronze:FineTuning+1","floor":22.0},{"not_picked":["bronze:MaxOutput","bronze:Frontload+1","bronze:Shield"],"picked":"SKIP","floor":23.0},{"not_picked":["bronze:Virus","bronze:BuggyMess","bronze:Frontload"],"picked":"SKIP","floor":25.0},{"not_picked":["bronze:WildBeam+1","bronze:DelayedGuard","bronze:BuggyMess"],"picked":"SKIP","floor":29.0},{"not_picked":["bronze:BronzeOrb+1","bronze:OilSpill+1","bronze:WhirlingStrike"],"picked":"SKIP","floor":32.0},{"not_picked":["bronze:SpaghettiCode","bronze:Format"],"picked":"bronze:ThunderWave","floor":33.0},{"not_picked":["bronze:DelayedGuard+1","bronze:CutThrough"],"picked":"bronze:ForceShield","floor":36.0},{"not_picked":["bronze:Allocate","bronze:Iterate+1","bronze:CutThrough"],"picked":"SKIP","floor":37},{"not_picked":["bronze:Boost","bronze:Flail","bronze:BuggyMess+1"],"picked":"SKIP","floor":39},{"not_picked":["bronze:Safeguard","bronze:Turbo+1","bronze:ItsAFeature"],"picked":"SKIP","floor":40},{"not_picked":["bronze:Backtrace+1","bronze:Invalidate","bronze:Format"],"picked":"SKIP","floor":42},{"not_picked":["bronze:DigitalCarnage","bronze:Repair+1","bronze:Deprecate+1"],"picked":"SKIP","floor":43},{"not_picked":["bronze:Frontload","bronze:BugBarrage+1"],"picked":"bronze:Flail","floor":45},{"not_picked":["bronze:Deprecate+1","bronze:Invalidate","bronze:OilSpill+1"],"picked":"SKIP","floor":49}],"player_experience":149426,"relics_obtained":[{"floor":7.0,"key":"Shovel"},{"floor":11.0,"key":"aspiration:FrozenJewel"},{"floor":24.0,"key":"Bottled Lightning"},{"floor":26.0,"key":"hubris:TinFlute"},{"floor":27.0,"key":"Ancient Tea Set"},{"floor":43,"key":"aspiration:KMNothing"}],"event_choices":[{"cards_removed":["bronze:Defend"],"damage_healed":0.0,"max_hp_gain":0.0,"max_hp_loss":0.0,"gold_gain":0.0,"event_name":"Bonfire Elementals","player_choice":"Offered Basic","floor":4.0,"gold_loss":0.0,"damage_taken":0.0},{"cards_removed":["bronze:Strike"],"damage_healed":0.0,"max_hp_gain":0.0,"max_hp_loss":0.0,"gold_gain":0.0,"event_name":"Living Wall","player_choice":"Forget","floor":14.0,"gold_loss":0.0,"damage_taken":0.0}],"is_beta":false,"boss_relics":[{"not_picked":["aspiration:PoetsPen_weak","ChewingGum"],"picked":"Sozu"},{"not_picked":["aspiration:KMNothing","aspiration:KMNothing"],"picked":"aspiration:KMNothing"}],"items_purged_floors":[2,25,28,28,39,42],"is_endless":false,"potions_floor_spawned":[3,8,12,15,22,23,32,36,37],"ascension_level":0}}