{"host":"yck2t2q3ro7hf56e","time":1611583733,"event":{"mods":["2.2 Compatiblity","AchievementEnabler","Act Like it!","Aspiration","BaseMod","Better Altar","Better Match","Better Note","Better Sensory Stone","Better Skull","Better Third Choice","Better Vampires","BetterRewards","Block Reminder","CCEM","Challenge The Spire","Colored Powertips","Conspire","Curses Come First","DNKmod","Energized Spire","Friendly Minions","GifTheSpireLib","Glutton Mod","Halation","Hubris","Infinite Spire","Marked Mod","Minty Spire (QoL Compilation)","Permanent Neow","Practice Mode","Quick Restart","Rare Cards Sparkle","RatMod","Relic Sorter","Relic Stats","Reliquary","Replay The Spire","Shade Mod","Shop Mod","Spicy Shops","Spikes Relics","StSLib","Stuff the Spire","Synergy Search","The Blue Laboratory","The Construct","Thieving Mod","Unceasing Turn Reminder","Unknown Chances","everything is the same but u backflip on backflip","??????REMEMod"],"gold_per_floor":[6016,6016,6034,6034,6047,6082,6082,5442,5442,5467,5487,5501,5531,5528,5528,5629,5629,5644,5644,5644,5659,5659,5690,5490,5490,5562,5562,5601,5601,5663,5691,5691,5870,5870,5886,5952,4491,4491,4491,4557,4585,4585],"floor_reached":41,"language":"ENG","playtime":8144,"items_purged":["Clumsy"],"score":508,"play_id":"8b91be70-8806-4cb7-886c-57b48b00bf9f","local_time":"20210125140852","is_ascension_mode":false,"campfire_choices":[{"floor":7.0,"key":"REST"},{"floor":25,"key":"RECALL"},{"data":"REME_GreenPollution","floor":29,"key":"SMITH"},{"floor":32,"key":"REST"}],"circlet_count":2,"master_deck":["Strike_G","Strike_G","Strike_G","Strike_G","Defend_G","Defend_G","Defend_G","Defend_G","Defend_G","Survivor","Neutralize","hubris:StunningStrike+1","Infinite Blades+1","rat:WitheringShackles","StuffTheSpire:ClusterCrunch","Draining Mist","PlatinumSkin","Blade Dance","ReplayTheSpireMod:Shiv Toss","rat:MoondustBomb+1","REME_ShadowForm","Blade Dance+1","conspire:SpireCoStock+1","conspire:SpireCoStock+1","conspire:SpireCoStock+1","conspire:SpireCoStock+1","REME_GreenPollution+1","Backflip+1","Acrobatics+1","Poison Darts+1","ReplayTheSpireMod:The Works+1","Cloak And Dagger+1","PiercingWail+1"],"relics":["Ring of the Snake","Circlet","REME_ComplimentaryCards","aspiration:Nostalgia","infinitespire:DarkRift","Garlic","aspiration:FetidBarrel","Replay:WaspNest","Orichalcum","Toxic Egg 2","CosmicIsotope","REME_PuzzleBoxRelic","halation:SelfBoilingWater","ReplayTheSpireMod:Lightbulb","halation:Prosthetics","Sundial","Sling","hubris:TenFootPole"],"acts_visited":["Exordium","TheCity","TheBeyond"],"potions_floor_usage":[23,33,40,41],"damage_taken":[{"damage":0.0,"enemies":"Jaw Worm","floor":1.0,"turns":2.0},{"damage":0.0,"enemies":"Small Slimes","floor":3.0,"turns":3.0},{"damage":0.0,"enemies":"Cultist","floor":5.0,"turns":4.0},{"damage":14.0,"enemies":"3 Sentries","floor":6.0,"turns":6.0},{"damage":9.0,"enemies":"Gremlin Nob","floor":10.0,"turns":5.0},{"damage":0.0,"enemies":"Blue Slaver","floor":11.0,"turns":3.0},{"damage":11.0,"enemies":"Exordium Wildlife","floor":12.0,"turns":4.0},{"damage":8.0,"enemies":"3 Sentries","floor":13.0,"turns":6.0},{"damage":0.0,"enemies":"Looter","floor":14.0,"turns":2.0},{"damage":0.0,"enemies":"The Guardian","floor":16.0,"turns":8.0},{"damage":0.0,"enemies":"Shell Parasite","floor":18.0,"turns":4.0},{"damage":0,"enemies":"3 Byrds","floor":21,"turns":5},{"damage":6,"enemies":"Slavers","floor":23,"turns":3},{"damage":12,"enemies":"Shelled Parasite and Fungi","floor":28,"turns":5},{"damage":6,"enemies":"Snake Plant","floor":30,"turns":5},{"damage":6,"enemies":"Centurion and Healer","floor":31,"turns":3},{"damage":34,"enemies":"Collector","floor":33,"turns":7},{"damage":3,"enemies":"3 Shapes","floor":35,"turns":4},{"damage":12,"enemies":"3 Darklings","floor":36,"turns":4},{"damage":12,"enemies":"Jaw Worm Horde","floor":40,"turns":5},{"damage":41,"enemies":"2 Orb Walkers","floor":41,"turns":4}],"seed_played":"-59645709790955053","potions_obtained":[{"floor":3.0,"key":"CunningPotion"},{"floor":6.0,"key":"Poison Potion"},{"floor":11.0,"key":"Strength Potion"},{"floor":13.0,"key":"blueLaboratory:BottleOfRum"},{"floor":16.0,"key":"LiquidMemories"},{"floor":20,"key":"LifebloodPotion"},{"floor":28,"key":"BlessingOfTheForge"},{"floor":30,"key":"Poison Potion"}],"is_trial":false,"path_per_floor":["M","?","M","?","M","E","R","$","T","E","M","M","E","M","R","B",null,"M","?","?","M","?","E","?","R","T","?","M","R","M","M","R","B",null,"M","M","$","PTL","PTL","M","?"],"character_chosen":"THE_SILENT","items_purchased":["aspiration:FetidBarrel","Replay:WaspNest","blueLaboratory:FruitPunch","PlatinumSkin","Circlet","Circlet","blueLaboratory:ImpenetrablePotion","PowerPotion","Sundial","Sling","hubris:TenFootPole"],"campfire_rested":2,"item_purchase_floors":[8,8,8,8,37,37,37,37,37,37,37],"current_hp_per_floor":[100,93,93,93,93,79,100,100,100,93,93,92,84,84,102,102,102,102,102,102,102,102,96,96,96,96,96,90,90,84,78,102,68,67,64,52,52,52,52,40,0,0],"gold":4585,"neow_bonus":"NOSTALGIA","is_daily":false,"chose_seed":false,"campfire_upgraded":1,"win_rate":0.0,"timestamp":1611583732,"path_taken":["M","?","M","?","M","E","R","$","T","E","M","?","E","M","R","BOSS","M","?","?","?","?","E","?","R","T","?","M","R","?","M","R","BOSS","M","M","$","PTL","PTL","M","?"],"items_purchased_type":["Relic","Relic","Potion","Card","Undefined","Undefined","Potion","Potion","Relic","Relic","Relic"],"build_version":"2020-12-22","purchased_purges":1,"victory":false,"max_hp_per_floor":[100,100,100,100,100,100,100,100,100,102,102,102,102,102,102,102,102,102,102,102,102,102,102,102,102,102,102,102,102,102,102,102,102,67,67,67,67,67,67,67,67,67],"relic_stats":{"counters":[21,92],"Sundial":[0],"Orichalcum":[198],"obtain_stats":[{"aspiration:Nostalgia":0,"aspiration:FetidBarrel":8,"Circlet":37,"Replay:WaspNest":8,"Orichalcum":10,"halation:Prosthetics":34,"halation:SelfBoilingWater":26,"Sling":37,"infinitespire:DarkRift":0,"Sundial":37,"Garlic":6,"CosmicIsotope":17,"hubris:TenFootPole":37,"Toxic Egg 2":13,"REME_PuzzleBoxRelic":23,"ReplayTheSpireMod:Lightbulb":27,"Ring of the Snake":0,"REME_ComplimentaryCards":0},{"aspiration:Nostalgia":0,"aspiration:FetidBarrel":4,"Circlet":19,"Replay:WaspNest":4,"Orichalcum":5,"halation:Prosthetics":17,"halation:SelfBoilingWater":13,"Sling":19,"infinitespire:DarkRift":0,"Sundial":19,"Garlic":4,"CosmicIsotope":10,"hubris:TenFootPole":19,"Toxic Egg 2":8,"REME_PuzzleBoxRelic":13,"ReplayTheSpireMod:Lightbulb":13,"Ring of the Snake":0,"REME_ComplimentaryCards":0},{"aspiration:Nostalgia":0,"aspiration:FetidBarrel":15,"Circlet":83,"Replay:WaspNest":15,"Orichalcum":20,"halation:Prosthetics":75,"halation:SelfBoilingWater":55,"Sling":83,"infinitespire:DarkRift":0,"Sundial":83,"Garlic":15,"CosmicIsotope":43,"hubris:TenFootPole":83,"Toxic Egg 2":33,"REME_PuzzleBoxRelic":55,"ReplayTheSpireMod:Lightbulb":55,"Ring of the Snake":0,"REME_ComplimentaryCards":0}],"Ring of the Snake":[42]},"card_choices":[{"not_picked":["Flying Knee","Backflip"],"picked":"Infinite Blades","floor":1.0},{"not_picked":["rat:RuptureArtery","Flechettes"],"picked":"rat:WitheringShackles","floor":3.0},{"not_picked":["Bouncing Flask","Dagger Spray"],"picked":"StuffTheSpire:ClusterCrunch","floor":5.0},{"not_picked":["rat:FanOfKnives","Blur"],"picked":"Draining Mist","floor":6.0},{"not_picked":["StuffTheSpire:Repulse","Acrobatics"],"picked":"Blade Dance","floor":10.0},{"not_picked":["Outmaneuver","Flying Knee","StuffTheSpire:BumpUp"],"picked":"SKIP","floor":11.0},{"not_picked":["Acrobatics","StuffTheSpire:Injection"],"picked":"ReplayTheSpireMod:Shiv Toss","floor":12.0},{"not_picked":["rat:Dispatch","Outmaneuver+1","rat:FanOfKnives"],"picked":"SKIP","floor":13.0},{"not_picked":["rat:RuptureArtery","rat:SilveredBlade"],"picked":"rat:MoondustBomb+1","floor":14.0},{"not_picked":["Die Die Die","Storm of Steel+1"],"picked":"REME_ShadowForm","floor":16.0},{"not_picked":["StuffTheSpire:BumpUp","Toxin Wave+1"],"picked":"Blade Dance+1","floor":18},{"not_picked":["Backflip+1","Fluid Movement","rat:RuptureArtery"],"picked":"SKIP","floor":21},{"not_picked":["Flying Knee","rat:SiphonBlood+1","Catalyst+1"],"picked":"SKIP","floor":23},{"not_picked":["StuffTheSpire:BumpUp","PiercingWail+1"],"picked":"REME_GreenPollution","floor":28},{"not_picked":["Deflect+1","Slice"],"picked":"Backflip+1","floor":30},{"not_picked":["Predator","ReplayTheSpireMod:Shiv Toss+1"],"picked":"Acrobatics+1","floor":31},{"not_picked":["Doppelganger+1","rat:SilverCoating"],"picked":"Poison Darts+1","floor":33},{"not_picked":["rat:FanOfKnives","Pace+1"],"picked":"ReplayTheSpireMod:The Works+1","floor":35},{"not_picked":["Dodge and Roll+1","Blade Dance+1"],"picked":"Cloak And Dagger+1","floor":36},{"not_picked":["Dodge and Roll+1","hubris:TrickCloak+1"],"picked":"PiercingWail+1","floor":40}],"player_experience":147039,"relics_obtained":[{"floor":6.0,"key":"Garlic"},{"floor":10.0,"key":"Orichalcum"},{"floor":13.0,"key":"Toxic Egg 2"},{"floor":23,"key":"REME_PuzzleBoxRelic"},{"floor":26,"key":"halation:SelfBoilingWater"}],"event_choices":[{"cards_removed":["Strike_G"],"damage_healed":0.0,"max_hp_gain":0.0,"max_hp_loss":0.0,"gold_gain":0.0,"event_name":"Golden Wing","player_choice":"Card Removal","floor":2.0,"gold_loss":0.0,"damage_taken":7.0},{"damage_healed":0.0,"max_hp_gain":0.0,"max_hp_loss":0.0,"gold_gain":0.0,"event_name":"Upgrade Shrine","player_choice":"Upgraded","floor":4.0,"gold_loss":0.0,"damage_taken":0.0,"cards_upgraded":["Infinite Blades"]},{"damage_healed":0,"gold_gain":0,"player_choice":"Ignored","damage_taken":0,"max_hp_gain":0,"max_hp_loss":0,"event_name":"betterNote:BetterNote","floor":19,"gold_loss":0,"cards_obtained":["Doubt"]},{"damage_healed":0,"gold_gain":0,"player_choice":"Got Potions","damage_taken":0,"max_hp_gain":0,"max_hp_loss":0,"event_name":"Lab","floor":20,"gold_loss":0},{"damage_healed":0,"gold_gain":0,"player_choice":"Invest 4","damage_taken":0,"max_hp_gain":0,"max_hp_loss":0,"event_name":"conspire:Investor","floor":24,"gold_loss":0},{"damage_healed":0,"gold_gain":0,"player_choice":"Gave Potion","damage_taken":0,"relics_obtained":["ReplayTheSpireMod:Lightbulb"],"max_hp_gain":0,"max_hp_loss":0,"event_name":"WeMeetAgain","floor":27,"gold_loss":0},{"damage_healed":0,"gold_gain":0,"player_choice":"Fight","damage_taken":0,"max_hp_gain":0,"max_hp_loss":0,"event_name":"Mysterious Sphere","floor":41,"gold_loss":0}],"is_beta":false,"boss_relics":[{"not_picked":["hubris:CrackedHourglass","StuffTheSpire:RunicConfusion"],"picked":"CosmicIsotope"},{"not_picked":["StuffTheSpire:Kangaroo","Sozu"],"picked":"halation:Prosthetics"}],"items_purged_floors":[37],"is_endless":false,"potions_floor_spawned":[3,6,11,13,16,18,28,30,31,36,40],"killed_by":"2 Orb Walkers","ascension_level":0}}