{"host":"fnk117zi8wf5078t","time":1611564481,"event":{"mods":["AchievementEnabler","BaseMod","Colored Map","Minty Spire (QoL Compilation)","Rare Cards Sparkle","SuperFastMode","everything is the same but u backflip on backflip"],"gold_per_floor":[114,114,289,364,140,168,182,182,182,197,216,67,67,67,67,171,171,186,276,286,286,286],"floor_reached":21,"language":"KOR","playtime":659,"items_purged":["Doubt"],"score":402,"play_id":"a43043ce-24ee-402a-a186-af91f7916953","local_time":"20210125174801","is_ascension_mode":true,"campfire_choices":[{"data":"Static Discharge","floor":8,"key":"SMITH"},{"data":"Beam Cell","floor":15,"key":"SMITH"}],"circlet_count":0,"master_deck":["Strike_B","Strike_B","Strike_B","Strike_B","Defend_B","Defend_B","Defend_B","Defend_B","Zap","Dualcast","Beam Cell+1","Static Discharge+1","Genetic Algorithm","Capacitor","Self Repair","BootSequence","Sunder","Electrodynamics","Aggregate+1"],"relics":["Cracked Core","FossilizedHelix","Centennial Puzzle","MealTicket","Runic Capacitor","Ornamental Fan","Runic Dome"],"acts_visited":["Exordium","TheCity"],"potions_floor_usage":[6,21],"damage_taken":[{"damage":0,"enemies":"2 Louse","floor":1,"turns":3},{"damage":30,"enemies":"3 Sentries","floor":6,"turns":6},{"damage":0,"enemies":"Small Slimes","floor":7,"turns":3},{"damage":0,"enemies":"Jaw Worm","floor":10,"turns":3},{"damage":16,"enemies":"Exordium Thugs","floor":11,"turns":4},{"damage":22,"enemies":"Hexaghost","floor":16,"turns":7},{"damage":11,"enemies":"2 Thieves","floor":18,"turns":4},{"damage":20,"enemies":"Spheric Guardian","floor":20,"turns":5},{"damage":39,"enemies":"Cultist and Chosen","floor":21,"turns":6}],"seed_played":"3098951369323257331","potions_obtained":[{"floor":1,"key":"ColorlessPotion"},{"floor":11,"key":"SpeedPotion"},{"floor":16,"key":"Swift Potion"}],"is_trial":false,"path_per_floor":["M","?","?","?","$","E","M","R","T","M","M","$","?","?","R","B",null,"M","?","M","M"],"character_chosen":"DEFECT","items_purchased":["Static Discharge","Genetic Algorithm","Runic Capacitor"],"campfire_rested":0,"item_purchase_floors":[5,5,12],"current_hp_per_floor":[68,73,73,62,62,32,32,32,32,39,30,45,42,42,42,27,62,58,46,33,0,0],"gold":286,"neow_bonus":"ONE_RARE_RELIC","is_daily":false,"chose_seed":false,"campfire_upgraded":2,"win_rate":0.0,"timestamp":1611564481,"path_taken":["M","?","?","?","?","E","M","R","T","M","?","$","?","?","R","BOSS","M","?","?","M"],"items_purchased_type":["Card","Card","Relic"],"build_version":"2020-12-22","purchased_purges":1,"victory":false,"max_hp_per_floor":[68,73,73,73,73,73,73,73,73,73,73,73,73,73,73,73,73,73,73,73,73,73],"card_choices":[{"not_picked":["Turbo","Rebound"],"picked":"Beam Cell","floor":1},{"not_picked":["Ball Lightning","Tempest"],"picked":"Capacitor","floor":6},{"not_picked":["Gash","Stack"],"picked":"Self Repair","floor":7},{"not_picked":["Beam Cell","Blizzard"],"picked":"BootSequence","floor":10},{"not_picked":["Chill","Redo"],"picked":"Sunder","floor":11},{"not_picked":["Core Surge","Rainbow"],"picked":"Electrodynamics","floor":16},{"not_picked":["BootSequence","Glacier"],"picked":"Aggregate+1","floor":18},{"not_picked":["Rebound+1","Hologram","Steam"],"picked":"SKIP","floor":20}],"player_experience":411770,"relics_obtained":[{"floor":6,"key":"Centennial Puzzle"},{"floor":9,"key":"MealTicket"}],"event_choices":[{"damage_healed":0,"gold_gain":0,"player_choice":"Donut","damage_taken":0,"max_hp_gain":5,"max_hp_loss":0,"event_name":"Big Fish","floor":2,"gold_loss":0},{"damage_healed":0,"gold_gain":175,"player_choice":"AGREE","damage_taken":0,"max_hp_gain":0,"max_hp_loss":0,"event_name":"Liars Game","floor":3,"gold_loss":0,"cards_obtained":["Doubt"]},{"damage_healed":0,"gold_gain":75,"player_choice":"Gather Gold","damage_taken":11,"max_hp_gain":0,"max_hp_loss":0,"event_name":"World of Goop","floor":4,"gold_loss":0},{"damage_healed":0,"gold_gain":0,"player_choice":"Success","damage_taken":3,"relics_obtained":["Ornamental Fan"],"max_hp_gain":0,"max_hp_loss":0,"event_name":"Scrap Ooze","floor":13,"gold_loss":0},{"damage_healed":0,"gold_gain":0,"player_choice":"Searched \u00271\u0027 times","damage_taken":0,"max_hp_gain":0,"max_hp_loss":0,"event_name":"Dead Adventurer","floor":14,"gold_loss":0},{"damage_healed":0,"gold_gain":90,"player_choice":"GOLD ","damage_taken":12,"max_hp_gain":0,"max_hp_loss":0,"event_name":"Knowing Skull","floor":19,"potions_obtained":[],"gold_loss":0,"cards_obtained":[]}],"is_beta":false,"boss_relics":[{"not_picked":["Ectoplasm","Runic Pyramid"],"picked":"Runic Dome"}],"items_purged_floors":[5],"is_endless":false,"potions_floor_spawned":[1,11,16],"killed_by":"Cultist and Chosen","ascension_level":9}}