{"host":"uv5ws9rdk87e8i5k","time":1611595835,"event":{"mods":["AchievementEnabler","BaseMod","Colored Map","Minty Spire (QoL Compilation)","StSLib","SuperFastMode","The Necromancer"],"gold_per_floor":[117,129,141,160,160,160,160,178,202,230,230,230,256,284,296,413,425,451,474,7,24,24,59,74,93,93,93,128,155,155,172,172,272,272,285,285,297,315,329,329,358,268,316,316,334,344,364,384,384,384],"floor_reached":51,"language":"ENG","playtime":1793,"items_purged":[],"score":1009,"play_id":"86bb9026-f55a-4841-a0e9-eaf3a986a3a8","local_time":"20210125113035","is_ascension_mode":true,"campfire_choices":[{"data":"Necrotic_Claws","floor":6.0,"key":"SMITH"},{"data":"Grasp_Heart","floor":12.0,"key":"SMITH"},{"data":"Negative_Energy_Burst","floor":15.0,"key":"SMITH"},{"floor":27.0,"key":"REST"},{"data":"Summon_Undead","floor":30.0,"key":"SMITH"},{"data":"Bone_Wall","floor":32.0,"key":"SMITH"},{"data":"Summon_Vampire_Lady","floor":40.0,"key":"SMITH"},{"floor":44.0,"key":"REST"},{"floor":49.0,"key":"REST"}],"circlet_count":0,"master_deck":["Strike_W+1","Strike_W+1","Defend_W+1","Defend_W+1","Defend_W+1","Negative_Energy_Arrows+1","Bone_Wall+1","Summon_Lich+1","Negative_Energy_Burst+1","Necrotic_Claws+1","Grasp_Heart+1","Negative_Energy_Sphere+1","Shade_Step+1","Summon_Undead+1","Necrotic_Claws+1","Vampiric_Strike+1","Stop_Heart+1","Summon_Vampire_Lady+1","Uncharnel+1","Uncharnel+1","Summon_Undead+1"],"relics":["Vampire_Amulet","Smiling Mask","Potion Belt","Regal Pillow","MawBank","Philosopher\u0027s Stone","Blood Vial","Toxic Egg 2","Boot","Gambling Chip","Red Mask","PreservedInsect","Velvet Choker","White Beast Statue","Orichalcum"],"acts_visited":["Exordium","TheCity","TheBeyond"],"potions_floor_usage":[50,50,50,50],"damage_taken":[{"damage":2.0,"enemies":"2 Louse","floor":1.0,"turns":4.0},{"damage":0.0,"enemies":"Small Slimes","floor":2.0,"turns":3.0},{"damage":0.0,"enemies":"Cultist","floor":3.0,"turns":3.0},{"damage":3.0,"enemies":"Exordium Wildlife","floor":4.0,"turns":4.0},{"damage":3.0,"enemies":"Red Slaver","floor":8.0,"turns":3.0},{"damage":10.0,"enemies":"Gremlin Nob","floor":10.0,"turns":4.0},{"damage":2.0,"enemies":"3 Sentries","floor":13.0,"turns":3.0},{"damage":0.0,"enemies":"Large Slime","floor":14.0,"turns":3.0},{"damage":7.0,"enemies":"Hexaghost","floor":16.0,"turns":7.0},{"damage":4.0,"enemies":"Chosen","floor":18.0,"turns":3.0},{"damage":22.0,"enemies":"Spheric Guardian","floor":19.0,"turns":4.0},{"damage":2.0,"enemies":"Snake Plant","floor":21.0,"turns":3.0},{"damage":56.0,"enemies":"Slavers","floor":23.0,"turns":5.0},{"damage":0.0,"enemies":"Centurion and Healer","floor":24.0,"turns":4.0},{"damage":0.0,"enemies":"3 Cultists","floor":25.0,"turns":3.0},{"damage":10.0,"enemies":"Masked Bandits","floor":28.0,"turns":2.0},{"damage":31.0,"enemies":"Gremlin Leader","floor":29.0,"turns":4.0},{"damage":2.0,"enemies":"Cultist and Chosen","floor":31.0,"turns":4.0},{"damage":41.0,"enemies":"Champ","floor":33.0,"turns":9.0},{"damage":4.0,"enemies":"3 Shapes","floor":35.0,"turns":2.0},{"damage":13.0,"enemies":"Orb Walker","floor":37.0,"turns":3.0},{"damage":30.0,"enemies":"Maw","floor":38.0,"turns":6.0},{"damage":49.0,"enemies":"Spire Growth","floor":39.0,"turns":4.0},{"damage":25.0,"enemies":"Reptomancer","floor":41.0,"turns":3.0},{"damage":19.0,"enemies":"Sphere and 2 Shapes","floor":45.0,"turns":3.0},{"damage":25.0,"enemies":"Writhing Mass","floor":46.0,"turns":4.0},{"damage":4.0,"enemies":"Transient","floor":47.0,"turns":5.0},{"damage":33.0,"enemies":"Spire Growth","floor":48.0,"turns":4.0},{"damage":51,"enemies":"Donu and Deca","floor":50,"turns":7}],"seed_played":"849367768608023259","potions_obtained":[{"floor":1.0,"key":"BlessingOfTheForge"},{"floor":2.0,"key":"EssenceOfSteel"},{"floor":3.0,"key":"Weak Potion"},{"floor":8.0,"key":"DistilledChaos"},{"floor":14.0,"key":"DistilledChaos"},{"floor":21.0,"key":"Ancient Potion"},{"floor":23.0,"key":"SmokeBomb"},{"floor":24.0,"key":"Energy Potion"},{"floor":25.0,"key":"Regen Potion"},{"floor":33.0,"key":"SpeedPotion"},{"floor":37.0,"key":"ColorlessPotion"},{"floor":39.0,"key":"SteroidPotion"},{"floor":45.0,"key":"Fire Potion"},{"floor":46.0,"key":"GamblersBrew"},{"floor":47.0,"key":"SpeedPotion"},{"floor":48.0,"key":"Swift Potion"}],"is_trial":false,"path_per_floor":["M","M","M","M","?","R","?","M","T","E","?","R","E","M","R","B",null,"M","M","$","M","?","E","M","M","T","R","?","E","R","M","R","B",null,"M","?","M","M","M","R","E","?","T","R","M","M","M","M","R","B",null],"character_chosen":"NECROMANCER","items_purchased":["Summon_Undead","Blood Vial","Toxic Egg 2"],"campfire_rested":3,"item_purchase_floors":[20,20,20],"current_hp_per_floor":[52,56,58,59,59,59,52,51,51,43,43,43,47,51,51,46,68,66,46,46,57,57,9,15,23,23,60,67,51,51,67,67,33,65,69,69,66,63,30,30,15,15,15,52,50,35,65,52,75,46],"gold":384,"neow_bonus":"TRANSFORM_TWO_CARDS","is_daily":false,"chose_seed":false,"campfire_upgraded":6,"win_rate":0.0,"timestamp":1611595835,"path_taken":["M","M","M","M","?","R","?","M","T","E","?","R","E","M","R","BOSS","M","M","$","M","?","E","M","M","T","R","?","E","R","M","R","BOSS","M","?","M","M","?","R","E","?","T","R","M","M","?","M","R","BOSS"],"items_purchased_type":["Card","Relic","Relic"],"build_version":"2020-12-22","purchased_purges":0,"victory":true,"max_hp_per_floor":[75,75,75,75,75,75,75,75,75,75,75,75,75,75,75,75,75,75,75,75,75,75,75,75,75,75,75,75,75,75,75,75,75,75,75,75,75,75,75,75,75,75,75,75,75,75,75,75,75,75],"card_choices":[{"not_picked":["Chill_Blood","Negative_Energy_Shield"],"picked":"Negative_Energy_Burst","floor":1.0},{"not_picked":["Bone_Bullets","Toxic_Smoke_Screen"],"picked":"Necrotic_Claws","floor":2.0},{"not_picked":["Blood_Whip","Consume_Illness","Plague_Bolt"],"picked":"SKIP","floor":3.0},{"not_picked":["Life_Tap","Bones_to_Steel","Blood_Is_Power"],"picked":"SKIP","floor":4.0},{"not_picked":["Negative_Energy_Shield","Bone_Spikes","Scare"],"picked":"SKIP","floor":8.0},{"not_picked":["Scare","Vampiric_Strike","Grasp_Heart"],"picked":"SKIP","floor":10.0},{"not_picked":["Scare","Vampiric_Strike"],"picked":"Grasp_Heart","floor":10.0},{"not_picked":["Negative_Energy_Mist","Negative_Energy_Sphere","Corrupt"],"picked":"SKIP","floor":13.0},{"not_picked":["Bones_to_Steel","Bone_Spikes","Bone_Shift"],"picked":"SKIP","floor":14.0},{"not_picked":["Vampiric_Strike","Negative_Energy_Mist+1"],"picked":"Negative_Energy_Sphere+1","floor":18.0},{"not_picked":["Corrupt","Uncharnel"],"picked":"Shade_Step+1","floor":19.0},{"not_picked":["Bone_Bullets","Strike_from_Beyond"],"picked":"Necrotic_Claws+1","floor":21.0},{"not_picked":["Finger_Of_Death","Blood_Whip","Flesh_Made_Foul"],"picked":"SKIP","floor":23.0},{"not_picked":["Strike_from_Beyond","Scare+1","Consume_Illness+1"],"picked":"SKIP","floor":24.0},{"not_picked":["Strike_from_Beyond","Siphon_Strength+1"],"picked":"Vampiric_Strike+1","floor":25.0},{"not_picked":["Blood_Curse+1","Finger_Of_Death"],"picked":"Stop_Heart+1","floor":28.0},{"not_picked":["Bone_Bullets","Skeleton_Dragon","Chill_Blood+1"],"picked":"SKIP","floor":29.0},{"not_picked":["Blood_Whip","Death_Knell+1","Scare+1"],"picked":"SKIP","floor":31.0},{"not_picked":["Requiem","Grasp_Heart"],"picked":"Summon_Vampire_Lady","floor":33.0},{"not_picked":["Chill_Blood+1","Negative_Energy_Javelin+1","Bone_Armor+1"],"picked":"SKIP","floor":35.0},{"not_picked":["Violent_Necrosis+1","Requiem"],"picked":"Uncharnel+1","floor":37.0},{"not_picked":["Death_Knell","Negative_Energy_Sphere+1","Bone_Bullets+1"],"picked":"SKIP","floor":38.0},{"not_picked":["Plague_Bolt+1","Corrupt+1","Negative_Energy_Shield+1"],"picked":"SKIP","floor":39.0},{"not_picked":["Bone_Armory+1","Necromantic_Selection+1"],"picked":"Uncharnel+1","floor":41.0},{"not_picked":["Vampiric_Strike+1","Death_Coil","Scare+1"],"picked":"SKIP","floor":45.0},{"not_picked":["Spectral_Walk+1","Scare+1"],"picked":"Summon_Undead+1","floor":46.0},{"not_picked":["Bone_Bullets","Shackles_Of_Pain+1","Negative_Energy_Mist+1"],"picked":"SKIP","floor":47.0},{"not_picked":["Bone_Armor+1","Death_Knell+1","Necromantic_Selection+1"],"picked":"SKIP","floor":48.0}],"player_experience":274440,"relics_obtained":[{"floor":9.0,"key":"Smiling Mask"},{"floor":10.0,"key":"Potion Belt"},{"floor":13.0,"key":"MawBank"},{"floor":23.0,"key":"Boot"},{"floor":26.0,"key":"Gambling Chip"},{"floor":28.0,"key":"Red Mask"},{"floor":29.0,"key":"PreservedInsect"},{"floor":41.0,"key":"White Beast Statue"},{"floor":43.0,"key":"Orichalcum"}],"event_choices":[{"damage_healed":0.0,"max_hp_gain":0.0,"max_hp_loss":0.0,"gold_gain":0.0,"event_name":"Living Wall","player_choice":"Grow","floor":5.0,"gold_loss":0.0,"damage_taken":0.0,"cards_upgraded":["Summon_Lich"]},{"cards_removed":["Strike_W"],"damage_healed":0.0,"max_hp_gain":0.0,"max_hp_loss":0.0,"gold_gain":0.0,"event_name":"Golden Wing","player_choice":"Card Removal","floor":7.0,"gold_loss":0.0,"damage_taken":7.0},{"damage_healed":0.0,"max_hp_gain":0.0,"max_hp_loss":0.0,"gold_gain":0.0,"event_name":"Dead Adventurer","player_choice":"Searched \u00271\u0027 times","floor":11.0,"gold_loss":0.0,"damage_taken":0.0,"relics_obtained":["Regal Pillow"]},{"damage_healed":0.0,"max_hp_gain":0.0,"max_hp_loss":0.0,"gold_gain":0.0,"event_name":"Back to Basics","player_choice":"Simplicity","floor":22.0,"gold_loss":0.0,"damage_taken":0.0,"cards_upgraded":["Strike_W","Strike_W","Defend_W","Defend_W","Defend_W"]},{"damage_healed":0.0,"max_hp_gain":0.0,"max_hp_loss":0.0,"gold_gain":0.0,"event_name":"Masked Bandits","player_choice":"Fought Bandits","floor":28.0,"gold_loss":0.0,"damage_taken":0.0},{"damage_healed":0.0,"max_hp_gain":0.0,"max_hp_loss":0.0,"gold_gain":0.0,"event_name":"SecretPortal","player_choice":"Ignored","floor":36.0,"gold_loss":0.0,"damage_taken":0.0},{"cards_removed":["Bone_Armor"],"damage_healed":0.0,"max_hp_gain":0.0,"max_hp_loss":0.0,"gold_gain":0.0,"event_name":"Designer","player_choice":"Upgrade and Remove","floor":42.0,"gold_loss":90.0,"damage_taken":0.0,"cards_upgraded":["Negative_Energy_Arrows"]}],"is_beta":false,"boss_relics":[{"not_picked":["Black Star","SacredBark"],"picked":"Philosopher\u0027s Stone"},{"not_picked":["Tiny House","Sozu"],"picked":"Velvet Choker"}],"items_purged_floors":[],"is_endless":false,"potions_floor_spawned":[1,2,3,8,14,21,23,24,25,33,37,39,45,46,47,48],"ascension_level":8}}