{"host":"78zdngn0u28jm0pp","time":1611547861,"event":{"mods":["BaseMod","Jorbs\u0027s Wanderer Trilogy","Minty Spire (QoL Compilation)","Permanent Neow","Quick Restart","Relic Stats","StSLib","Unceasing Turn Reminder"],"gold_per_floor":[112,127,127,127,144,10,10,44,44,64,64,64,64,84,84,84,84],"floor_reached":16,"language":"ENG","playtime":593,"items_purged":[],"score":200,"play_id":"02e8128e-db5e-483f-800b-f76cbb965787","local_time":"20210124211101","is_ascension_mode":true,"campfire_choices":[{"data":"Cloak And Dagger","floor":7,"key":"SMITH"},{"floor":15,"key":"REST"}],"circlet_count":0,"master_deck":["AscendersBane","Strike_G","Strike_G","Strike_G","Strike_G+1","Defend_G","Defend_G","Defend_G","Defend_G","Defend_G","Survivor+1","Neutralize","Flying Knee","Deflect","Escape Plan","Cloak And Dagger+1","Crippling Poison","Acrobatics","Bouncing Flask"],"relics":["Philosopher\u0027s Stone","Girya","Incense Burner"],"acts_visited":["Exordium"],"potions_floor_usage":[8,14,14],"damage_taken":[{"damage":0,"enemies":"2 Louse","floor":1,"turns":2},{"damage":0,"enemies":"Jaw Worm","floor":2,"turns":4},{"damage":2,"enemies":"Small Slimes","floor":5,"turns":5},{"damage":10,"enemies":"3 Sentries","floor":8,"turns":12},{"damage":5,"enemies":"3 Louse","floor":10,"turns":4},{"damage":12,"enemies":"Looter","floor":14,"turns":5},{"damage":40,"enemies":"Slime Boss","floor":16,"turns":11}],"seed_played":"1494422371626551734","potions_obtained":[{"floor":2,"key":"LiquidBronze"},{"floor":8,"key":"CunningPotion"}],"is_trial":false,"path_per_floor":["M","M","?","?","M","$","R","E","T","M","$","?","?","M","R","B"],"character_chosen":"THE_SILENT","items_purchased":["FearPotion","CunningPotion"],"campfire_rested":1,"item_purchase_floors":[6,6],"current_hp_per_floor":[59,59,39,39,37,37,37,27,27,22,22,22,22,10,29,0,0],"gold":84,"neow_bonus":"BOSS_RELIC","is_daily":false,"chose_seed":false,"campfire_upgraded":1,"win_rate":0.0,"timestamp":1611547861,"path_taken":["M","M","?","?","M","$","R","E","T","M","?","?","?","M","R","BOSS"],"items_purchased_type":["Potion","Potion"],"build_version":"2020-12-22","purchased_purges":0,"victory":false,"max_hp_per_floor":[66,66,66,66,66,66,66,66,66,66,66,66,66,66,66,66,66],"relic_stats":{"counters":[7,43],"obtain_stats":[{"Girya":8,"Philosopher\u0027s Stone":0,"Incense Burner":9,"Ring of the Snake":0},{"Girya":4,"Philosopher\u0027s Stone":0,"Incense Burner":4,"Ring of the Snake":0},{"Girya":23,"Philosopher\u0027s Stone":0,"Incense Burner":23,"Ring of the Snake":0}]},"card_choices":[{"not_picked":["PiercingWail","Sucker Punch"],"picked":"Flying Knee","floor":1},{"not_picked":["Bane","Flying Knee"],"picked":"Deflect","floor":2},{"not_picked":["Concentrate","Escape Plan"],"picked":"Cloak And Dagger","floor":5},{"not_picked":["Venomology","Deadly Poison"],"picked":"Crippling Poison","floor":8},{"not_picked":["Dodge and Roll","Envenom"],"picked":"Acrobatics","floor":10},{"not_picked":["Calculated Gamble","Dagger Throw"],"picked":"Bouncing Flask","floor":14}],"player_experience":237471,"relics_obtained":[{"floor":8,"key":"Girya"},{"floor":9,"key":"Incense Burner"}],"event_choices":[{"damage_healed":0,"gold_gain":0,"player_choice":"Entered Light","damage_taken":20,"max_hp_gain":0,"max_hp_loss":0,"event_name":"Shining Light","floor":3,"gold_loss":0,"cards_upgraded":["Survivor","Strike_G"]},{"damage_healed":0,"gold_gain":0,"cards_transformed":["Strike_G"],"player_choice":"Change","damage_taken":0,"max_hp_gain":0,"max_hp_loss":0,"event_name":"Living Wall","floor":4,"gold_loss":0,"cards_obtained":["Escape Plan"]},{"damage_healed":0,"gold_gain":0,"player_choice":"Ignored","damage_taken":0,"max_hp_gain":0,"max_hp_loss":0,"event_name":"Liars Game","floor":12,"gold_loss":0},{"damage_healed":0,"gold_gain":0,"player_choice":"Searched \u00270\u0027 times","damage_taken":0,"max_hp_gain":0,"max_hp_loss":0,"event_name":"Dead Adventurer","floor":13,"gold_loss":0}],"is_beta":false,"boss_relics":[],"items_purged_floors":[],"is_endless":false,"potions_floor_spawned":[2,8],"killed_by":"Slime Boss","ascension_level":20}}