{"host":"swphzoo6hmc78epl","time":1611554926,"event":{"mods":["BaseMod","Highlight Path","Minty Spire (QoL Compilation)","Quick Restart"],"gold_per_floor":[118,137,157,157,169,169,188,207,275,275,45,64,77,95,95,193,193,203,203,203,223,233,265,265,275,348,361,389,98,125,136,136,232,232,250,150,166,0,11,40,40,65,65,94,104,104,151,186,186,186,186,186,37,65,65],"floor_reached":56,"language":"ENG","playtime":3234,"items_purged":["Strike_G","Strike_G"],"score":1804,"play_id":"764feff3-d023-4ce3-977b-02f0b98c5ab1","local_time":"20210125010846","is_ascension_mode":true,"campfire_choices":[{"data":"Dash","floor":6.0,"key":"SMITH"},{"data":"Riddle With Holes","floor":10.0,"key":"SMITH"},{"data":"Bouncing Flask","floor":15.0,"key":"SMITH"},{"data":"Uppercut","floor":24.0,"key":"SMITH"},{"data":"Riddle With Holes","floor":32.0,"key":"SMITH"},{"floor":49.0,"key":"RECALL"},{"data":"Underhanded Strike","floor":52.0,"key":"SMITH"}],"circlet_count":0,"master_deck":["Defend_G","Defend_G","Defend_G","Defend_G","Defend_G","Survivor","Neutralize","Bouncing Flask+1","Acrobatics","Riddle With Holes+1","Underhanded Strike+1","Dash+1","Riddle With Holes+1","Heavy Blade","Vault+1","Cloak And Dagger+1","Uppercut+1","Acrobatics+1","Dodge and Roll+1","Corruption","Crippling Poison+1","Catalyst+1","Flame Barrier+1","Vault+1","Mayhem"],"relics":["Snecko Eye","Toxic Egg 2","PrismaticShard","WristBlade","Bronze Scales","Pocketwatch","Mercury Hourglass","Regal Pillow","Dead Branch","Omamori","Empty Cage","Red Mask","Bag of Marbles","Smiling Mask","Akabeko","Unceasing Top","Strawberry","DollysMirror","Pear"],"acts_visited":["Exordium","TheCity","TheBeyond","TheEnding"],"potions_floor_usage":[55,55],"damage_taken":[{"damage":9.0,"enemies":"Small Slimes","floor":1.0,"turns":5.0},{"damage":0.0,"enemies":"Cultist","floor":2.0,"turns":4.0},{"damage":9.0,"enemies":"Jaw Worm","floor":3.0,"turns":3.0},{"damage":9.0,"enemies":"Lots of Slimes","floor":5.0,"turns":6.0},{"damage":8.0,"enemies":"Exordium Wildlife","floor":7.0,"turns":5.0},{"damage":9.0,"enemies":"Exordium Thugs","floor":8.0,"turns":3.0},{"damage":0.0,"enemies":"Gremlin Gang","floor":12.0,"turns":3.0},{"damage":0.0,"enemies":"Exordium Wildlife","floor":13.0,"turns":4.0},{"damage":0.0,"enemies":"2 Fungi Beasts","floor":14.0,"turns":3.0},{"damage":0.0,"enemies":"The Guardian","floor":16.0,"turns":7.0},{"damage":0.0,"enemies":"2 Thieves","floor":18.0,"turns":3.0},{"damage":0.0,"enemies":"3 Byrds","floor":21.0,"turns":3.0},{"damage":0.0,"enemies":"Sentry and Sphere","floor":22.0,"turns":2.0},{"damage":0.0,"enemies":"Slavers","floor":23.0,"turns":3.0},{"damage":0.0,"enemies":"Snake Plant","floor":25.0,"turns":3.0},{"damage":10.0,"enemies":"Centurion and Healer","floor":27.0,"turns":3.0},{"damage":5.0,"enemies":"Gremlin Leader","floor":28.0,"turns":3.0},{"damage":0.0,"enemies":"Cultist and Chosen","floor":31.0,"turns":3.0},{"damage":21.0,"enemies":"Collector","floor":33.0,"turns":8.0},{"damage":0.0,"enemies":"3 Darklings","floor":35.0,"turns":2.0},{"damage":0.0,"enemies":"Orb Walker","floor":37.0,"turns":2.0},{"damage":0.0,"enemies":"Maw","floor":39.0,"turns":5.0},{"damage":0.0,"enemies":"Reptomancer","floor":40.0,"turns":2.0},{"damage":0.0,"enemies":"Giant Head","floor":42.0,"turns":3.0},{"damage":0.0,"enemies":"Nemesis","floor":44.0,"turns":3.0},{"damage":0.0,"enemies":"4 Shapes","floor":45.0,"turns":2.0},{"damage":0.0,"enemies":"2 Orb Walkers","floor":47.0,"turns":2.0},{"damage":0.0,"enemies":"Giant Head","floor":48.0,"turns":2.0},{"damage":0.0,"enemies":"Time Eater","floor":50.0,"turns":3.0},{"damage":3,"enemies":"Shield and Spear","floor":54,"turns":4},{"damage":32,"enemies":"The Heart","floor":55,"turns":5}],"seed_played":"5331389101470636480","potions_obtained":[{"floor":2.0,"key":"Swift Potion"},{"floor":3.0,"key":"SmokeBomb"},{"floor":5.0,"key":"Poison Potion"},{"floor":8.0,"key":"Fruit Juice"},{"floor":16.0,"key":"Energy Potion"},{"floor":18.0,"key":"FairyPotion"},{"floor":22.0,"key":"PowerPotion"},{"floor":25.0,"key":"Ancient Potion"},{"floor":28.0,"key":"Weak Potion"},{"floor":33.0,"key":"PowerPotion"},{"floor":37.0,"key":"Energy Potion"},{"floor":47.0,"key":"FearPotion"}],"is_trial":false,"path_per_floor":["M","M","M","?","M","R","M","M","T","R","$","M","M","M","R","B",null,"M","?","?","M","M","E","R","M","T","M","E","$","T","M","R","B",null,"M","$","M","?","M","E","$","E","T","E","M","?","?","E","R","B",null,"R","$","E","B",null],"character_chosen":"THE_SILENT","items_purchased":["PrismaticShard","Dead Branch","DollysMirror"],"campfire_rested":0,"item_purchase_floors":[11,29,53],"current_hp_per_floor":[61,61,52,52,43,43,35,31,31,31,31,31,31,31,31,31,75,75,75,75,75,75,75,75,75,75,65,60,60,60,60,60,39,75,75,75,75,75,75,75,75,75,75,75,75,71,71,78,78,78,78,78,78,85,53],"gold":65,"neow_bonus":"BOSS_RELIC","is_daily":false,"chose_seed":false,"campfire_upgraded":6,"win_rate":0.0,"timestamp":1611554926,"path_taken":["M","M","M","?","M","R","M","M","T","R","$","M","?","M","R","BOSS","M","?","?","M","M","E","R","M","T","M","E","$","?","M","R","BOSS","M","?","M","?","?","E","$","E","T","E","?","?","?","E","R","BOSS","R","$","E","BOSS"],"items_purchased_type":["Relic","Relic","Relic"],"build_version":"2020-12-22","purchased_purges":2,"victory":true,"max_hp_per_floor":[70,70,70,70,70,70,70,75,75,75,75,75,75,75,75,75,75,75,75,75,75,75,75,75,75,75,75,75,75,75,75,75,75,75,75,75,75,75,75,75,75,75,75,75,75,71,71,78,78,78,78,78,78,88,88],"card_choices":[{"not_picked":["Dodge and Roll","Acrobatics"],"picked":"Bouncing Flask","floor":1.0},{"not_picked":["Finisher","Flying Knee"],"picked":"Acrobatics","floor":2.0},{"not_picked":["Dagger Spray","Tactician"],"picked":"Riddle With Holes","floor":3.0},{"not_picked":["Backflip","Acrobatics"],"picked":"Dash","floor":5.0},{"not_picked":["Backstab","PiercingWail"],"picked":"Riddle With Holes","floor":7.0},{"not_picked":["Tactician","Distraction","Blade Dance"],"picked":"SKIP","floor":8.0},{"not_picked":["Anger","Shrug It Off+1","Prostrate+1"],"picked":"SKIP","floor":12.0},{"not_picked":["Berserk","Streamline"],"picked":"Heavy Blade","floor":13.0},{"not_picked":["Anger","Poisoned Stab","JustLucky"],"picked":"SKIP","floor":14.0},{"not_picked":["All For One","Impervious+1"],"picked":"Vault+1","floor":16.0},{"not_picked":["Blade Dance+1","Wild Strike","Compile Driver"],"picked":"SKIP","floor":18.0},{"not_picked":["Body Slam","FlyingSleeves+1"],"picked":"Uppercut","floor":21.0},{"not_picked":["Flex+1","Blade Dance+1","Underhanded Strike"],"picked":"SKIP","floor":22.0},{"not_picked":["Steam+1","Bane+1"],"picked":"Acrobatics+1","floor":23.0},{"not_picked":["Study","Vengeance+1"],"picked":"Dodge and Roll+1","floor":25.0},{"not_picked":["Bane","Flying Knee","Aggregate+1"],"picked":"SKIP","floor":27.0},{"not_picked":["Cleave","CarveReality","Barrage+1"],"picked":"SKIP","floor":28.0},{"not_picked":["Flex+1","PanicButton+1","Setup+1"],"picked":"SKIP","floor":31.0},{"not_picked":["Die Die Die","Corpse Explosion+1"],"picked":"Corruption","floor":33.0},{"not_picked":["Bane","SashWhip","Pommel Strike"],"picked":"SKIP","floor":35.0},{"not_picked":["Doom and Gloom","CrushJoints","Clothesline+1"],"picked":"SKIP","floor":37.0},{"not_picked":["Dodge and Roll+1","Skim+1","Defragment+1"],"picked":"SKIP","floor":39.0},{"not_picked":["ReachHeaven","Blind+1"],"picked":"Crippling Poison+1","floor":40.0},{"not_picked":["BootSequence+1","Halt+1","Blood for Blood"],"picked":"SKIP","floor":42.0},{"not_picked":["Outmaneuver+1","Perfected Strike+1","Blood for Blood"],"picked":"SKIP","floor":44.0},{"not_picked":["Darkness+1","Dodge and Roll+1"],"picked":"Catalyst+1","floor":45.0},{"not_picked":["Shrug It Off+1","Infinite Blades+1"],"picked":"Flame Barrier+1","floor":47.0},{"not_picked":["Uppercut","Beam Cell+1","Dodge and Roll+1"],"picked":"SKIP","floor":48.0},{"not_picked":["Streamline+1","Burning Pact+1"],"picked":"Mayhem","floor":54}],"player_experience":842612,"relics_obtained":[{"floor":9.0,"key":"Toxic Egg 2"},{"floor":23.0,"key":"Pocketwatch"},{"floor":26.0,"key":"Mercury Hourglass"},{"floor":28.0,"key":"Regal Pillow"},{"floor":30.0,"key":"Omamori"},{"floor":40.0,"key":"Bag of Marbles"},{"floor":42.0,"key":"Smiling Mask"},{"floor":44.0,"key":"Akabeko"},{"floor":47.0,"key":"Unceasing Top"},{"floor":48.0,"key":"Strawberry"},{"floor":54,"key":"Pear"}],"event_choices":[{"damage_healed":0.0,"max_hp_gain":0.0,"max_hp_loss":0.0,"gold_gain":0.0,"cards_transformed":["Strike_G"],"event_name":"Transmorgrifier","player_choice":"Transformed","floor":4.0,"gold_loss":0.0,"damage_taken":0.0,"cards_obtained":["Underhanded Strike"]},{"damage_healed":0.0,"max_hp_gain":0.0,"max_hp_loss":0.0,"gold_gain":0.0,"event_name":"The Library","player_choice":"Read","floor":19.0,"gold_loss":0.0,"damage_taken":0.0,"cards_obtained":["Cloak And Dagger"]},{"damage_healed":0.0,"max_hp_gain":0.0,"max_hp_loss":0.0,"gold_gain":0.0,"event_name":"The Mausoleum","player_choice":"Opened","floor":20.0,"gold_loss":0.0,"damage_taken":0.0,"relics_obtained":["Bronze Scales"]},{"damage_healed":0.0,"max_hp_gain":0.0,"max_hp_loss":0.0,"gold_gain":0.0,"event_name":"Tomb of Lord Red Mask","player_choice":"Paid","floor":38.0,"gold_loss":166.0,"damage_taken":0.0,"relics_obtained":["Red Mask"]},{"damage_healed":0.0,"max_hp_gain":0.0,"max_hp_loss":4.0,"gold_gain":0.0,"event_name":"Winding Halls","player_choice":"Max HP","floor":46.0,"gold_loss":0.0,"damage_taken":0.0},{"damage_healed":0.0,"max_hp_gain":0.0,"max_hp_loss":0.0,"gold_gain":0.0,"event_name":"Mysterious Sphere","player_choice":"Fight","floor":47.0,"gold_loss":0.0,"damage_taken":0.0}],"is_beta":false,"boss_relics":[{"not_picked":["Runic Pyramid","Fusion Hammer"],"picked":"WristBlade"},{"not_picked":["Busted Crown","Tiny House"],"picked":"Empty Cage"}],"items_purged_floors":[11,36],"is_endless":false,"potions_floor_spawned":[2,3,5,8,16,18,22,25,28,33,35,37,47,48],"ascension_level":4}}