{"host":"6rz02yiipefhcw4r","time":1611536784,"event":{"mods":["2.2 Compatiblity","BaseMod","Block Reminder","Colored Map","Curses Come First","DeckTracker","Googly Eyes","Minty Spire (QoL Compilation)","Quick Restart","Rare Cards Sparkle","StSLib"],"gold_per_floor":[117,130,143,114,129,129,159,159,231,256,267,342,342,355,355,431,431,450,121,133,133,146,146,12,39,39,72,90,101,101,118,118,195,195,206,106,117,131,131,158,158,192,204,216,56,87,87,99,99,99,99],"floor_reached":52,"language":"ENG","playtime":2732,"items_purged":["Strike_R","Anger"],"score":1959,"play_id":"d2d8575b-2e8d-45c6-a43a-2a2e1f1c44a2","local_time":"20210124230624","is_ascension_mode":true,"campfire_choices":[{"data":"Armaments","floor":6,"key":"SMITH"},{"data":"Carnage","floor":8,"key":"SMITH"},{"data":"Spot Weakness","floor":13,"key":"SMITH"},{"data":"1","floor":15,"key":"LIFT"},{"floor":23,"key":"REST"},{"floor":32,"key":"REST"},{"floor":41,"key":"REST"},{"floor":44,"key":"DIG"},{"floor":47,"key":"DIG"},{"data":"2","floor":49,"key":"LIFT"}],"circlet_count":0,"master_deck":["AscendersBane","Strike_R","Strike_R","Strike_R","Defend_R","Defend_R","Defend_R","Defend_R","Bash","Armaments+1","Carnage+1","Spot Weakness+1","Shrug It Off","Cleave","Reaper","Flame Barrier","Apotheosis","True Grit","Battle Trance","J.A.X.","Thunderclap","Thunderclap+1","Shrug It Off","Disarm","Exhume","Uppercut+1","Whirlwind","Flame Barrier","Reaper"],"relics":["Burning Blood","NeowsBlessing","Girya","HornCleat","Strawberry","Fusion Hammer","Shovel","Pantograph","Shuriken","Snecko Eye","PreservedInsect","MawBank","Bag of Preparation","Sling","Art of War","Dream Catcher"],"acts_visited":["Exordium","TheCity","TheBeyond"],"potions_floor_usage":[7,10,11,22,27,33,33,50],"damage_taken":[{"damage":0,"enemies":"Cultist","floor":1,"turns":1},{"damage":0,"enemies":"Small Slimes","floor":2,"turns":1},{"damage":0,"enemies":"2 Louse","floor":3,"turns":1},{"damage":7,"enemies":"Large Slime","floor":5,"turns":5},{"damage":15,"enemies":"3 Sentries","floor":7,"turns":6},{"damage":0,"enemies":"Gremlin Nob","floor":10,"turns":3},{"damage":0,"enemies":"Lots of Slimes","floor":11,"turns":4},{"damage":20,"enemies":"Gremlin Gang","floor":14,"turns":4},{"damage":31,"enemies":"The Guardian","floor":16,"turns":10},{"damage":30,"enemies":"2 Thieves","floor":18,"turns":5},{"damage":0,"enemies":"Spheric Guardian","floor":20,"turns":4},{"damage":53,"enemies":"3 Cultists","floor":22,"turns":6},{"damage":46,"enemies":"Gremlin Leader","floor":25,"turns":7},{"damage":46,"enemies":"Slavers","floor":27,"turns":8},{"damage":0,"enemies":"Chosen and Byrds","floor":28,"turns":3},{"damage":14,"enemies":"Centurion and Healer","floor":29,"turns":5},{"damage":31,"enemies":"Snake Plant","floor":31,"turns":4},{"damage":61,"enemies":"Automaton","floor":33,"turns":9},{"damage":6,"enemies":"3 Shapes","floor":35,"turns":8},{"damage":15,"enemies":"3 Darklings","floor":37,"turns":4},{"damage":28,"enemies":"Sphere and 2 Shapes","floor":38,"turns":5},{"damage":50,"enemies":"Nemesis","floor":40,"turns":7},{"damage":21,"enemies":"Giant Head","floor":42,"turns":5},{"damage":7,"enemies":"Nemesis","floor":46,"turns":5},{"damage":3,"enemies":"Jaw Worm Horde","floor":48,"turns":4},{"damage":66,"enemies":"Time Eater","floor":50,"turns":10},{"damage":92,"enemies":"Awakened One","floor":51,"turns":16}],"seed_played":"6287028151158647204","potions_obtained":[{"floor":1,"key":"DistilledChaos"},{"floor":3,"key":"DuplicationPotion"},{"floor":7,"key":"LiquidMemories"},{"floor":10,"key":"ElixirPotion"},{"floor":18,"key":"Fire Potion"},{"floor":27,"key":"Ancient Potion"},{"floor":28,"key":"Swift Potion"},{"floor":31,"key":"DuplicationPotion"},{"floor":35,"key":"BloodPotion"},{"floor":42,"key":"ColorlessPotion"},{"floor":46,"key":"PowerPotion"}],"is_trial":false,"path_per_floor":["M","M","M","$","M","R","E","R","T","E","M","?","R","M","R","B",null,"M","$","M","?","M","R","$","E","T","E","M","M","?","M","R","B",null,"M","$","M","M","?","E","R","E","T","R","$","E","R","M","R","B","B",null],"character_chosen":"IRONCLAD","items_purchased":["Anger","Apotheosis","True Grit","AttackPotion","Combust","Sling"],"campfire_rested":3,"item_purchase_floors":[4,19,19,24,24,45],"current_hp_per_floor":[74,75,75,75,74,74,65,65,65,78,82,71,71,57,57,32,70,56,56,70,70,34,58,58,65,65,25,42,52,52,27,51,39,71,71,71,82,64,64,20,44,54,54,54,54,53,53,82,82,22,59],"gold":99,"neow_bonus":"THREE_ENEMY_KILL","is_daily":false,"chose_seed":false,"campfire_upgraded":3,"win_rate":0.0,"timestamp":1611536784,"path_taken":["M","M","M","$","?","R","E","R","T","E","M","?","R","M","R","BOSS","M","$","M","?","M","R","$","E","T","E","M","M","?","M","R","BOSS","M","$","?","?","?","E","R","E","T","R","$","E","R","M","R","BOSS","BOSS"],"items_purchased_type":["Card","Card","Card","Potion","Card","Relic"],"build_version":"2020-12-22","purchased_purges":2,"victory":true,"max_hp_per_floor":[75,75,75,75,75,75,75,75,75,82,82,82,82,82,82,82,82,82,82,82,82,82,82,82,82,82,82,82,82,82,82,82,82,82,82,82,82,82,82,82,82,82,82,82,82,82,82,82,82,82,82],"card_choices":[{"not_picked":["Rage","Bloodletting"],"picked":"Armaments","floor":1},{"not_picked":["Reckless Charge","Dark Embrace"],"picked":"Carnage","floor":2},{"not_picked":["Power Through","Body Slam"],"picked":"Spot Weakness","floor":3},{"not_picked":["Dropkick","Flex","Body Slam"],"picked":"SKIP","floor":5},{"not_picked":["Dual Wield","Second Wind","Sever Soul"],"picked":"SKIP","floor":7},{"not_picked":["Warcry","Havoc","Sever Soul"],"picked":"SKIP","floor":10},{"not_picked":["Flex","Clothesline"],"picked":"Shrug It Off","floor":11},{"not_picked":["Entrench","Anger"],"picked":"Cleave","floor":14},{"not_picked":["Offering","Double Tap"],"picked":"Reaper","floor":16},{"not_picked":["Anger","Warcry"],"picked":"Flame Barrier","floor":18},{"not_picked":["Whirlwind","Infernal Blade"],"picked":"Battle Trance","floor":20},{"not_picked":["Blood for Blood","Twin Strike"],"picked":"Thunderclap","floor":22},{"not_picked":["Entrench","Havoc"],"picked":"Thunderclap+1","floor":25},{"not_picked":["Inflame+1","Body Slam"],"picked":"Shrug It Off","floor":27},{"not_picked":["Thunderclap","Body Slam+1"],"picked":"Disarm","floor":28},{"not_picked":["Power Through","Battle Trance","Cleave"],"picked":"SKIP","floor":29},{"not_picked":["Anger","Headbutt+1","Immolate"],"picked":"SKIP","floor":31},{"not_picked":["Fiend Fire","Corruption"],"picked":"Exhume","floor":33},{"not_picked":["Clash","Thunderclap"],"picked":"Uppercut+1","floor":35},{"not_picked":["Spot Weakness","Infernal Blade","Rupture"],"picked":"SKIP","floor":37},{"not_picked":["Anger","Infernal Blade","Wild Strike"],"picked":"SKIP","floor":38},{"not_picked":["Evolve+1","Fire Breathing+1"],"picked":"Whirlwind","floor":40},{"not_picked":["Flex+1","Combust"],"picked":"Flame Barrier","floor":42},{"not_picked":["True Grit","Body Slam"],"picked":"Reaper","floor":46},{"not_picked":["Ghostly Armor","Shrug It Off","Bloodletting"],"picked":"SKIP","floor":48}],"player_experience":731261,"relics_obtained":[{"floor":7,"key":"Girya"},{"floor":9,"key":"HornCleat"},{"floor":10,"key":"Strawberry"},{"floor":25,"key":"Shovel"},{"floor":26,"key":"Pantograph"},{"floor":27,"key":"Shuriken"},{"floor":40,"key":"PreservedInsect"},{"floor":42,"key":"MawBank"},{"floor":44,"key":"Bag of Preparation"},{"floor":46,"key":"Art of War"},{"floor":47,"key":"Dream Catcher"}],"event_choices":[{"damage_healed":0,"gold_gain":75,"player_choice":"Gather Gold","damage_taken":11,"max_hp_gain":0,"max_hp_loss":0,"event_name":"World of Goop","floor":12,"gold_loss":0},{"damage_healed":0,"gold_gain":0,"player_choice":"Obtain J.A.X.","damage_taken":0,"max_hp_gain":0,"max_hp_loss":0,"event_name":"Drug Dealer","floor":21,"gold_loss":0,"cards_obtained":["J.A.X."]},{"cards_removed":["Strike_R"],"damage_healed":0,"gold_gain":0,"player_choice":"Purged","damage_taken":0,"max_hp_gain":0,"max_hp_loss":0,"event_name":"Purifier","floor":30,"gold_loss":0},{"cards_removed":["Combust"],"damage_healed":0,"gold_gain":0,"player_choice":"Removed Power","damage_taken":0,"max_hp_gain":0,"max_hp_loss":0,"event_name":"Falling","floor":39,"gold_loss":0}],"is_beta":false,"boss_relics":[{"not_picked":["Runic Dome","Ectoplasm"],"picked":"Fusion Hammer"},{"not_picked":["Empty Cage","Coffee Dripper"],"picked":"Snecko Eye"}],"items_purged_floors":[19,36],"is_endless":false,"potions_floor_spawned":[1,3,7,10,18,27,28,29,31,35,42,46],"ascension_level":20}}