{"host":"o3nki8hvugtioqst","time":1611600442,"event":{"mods":["AchievementEnabler","BaseMod","Colored Powertips","Downfall","Hubris","Infinite Spire","Minty Spire (QoL Compilation)","Quick Restart","Rare Cards Sparkle","Replay The Spire","StSLib","SuperFastMode"],"gold_per_floor":[121,133,145,172,203,246,258,270,305,317,329,341,467,498,510,605,617,653,665,697,718,849,861,892,904,916,853,874,886,919,950,962,1045,1057,1085,1110,328,342,342,342,394,71,80,80,80],"floor_reached":44,"language":"ENG","playtime":1490,"items_purged":["Writhe"],"score":1051,"play_id":"870aef12-7e64-49ed-9b63-dd8609c71b57","local_time":"20210125204722","is_ascension_mode":true,"campfire_choices":[{"floor":7.0,"key":"REST"},{"data":"Eruption","floor":10.0,"key":"SMITH"},{"data":"Conclude","floor":15.0,"key":"SMITH"},{"floor":23.0,"key":"REST"},{"data":"Devotion","floor":25.0,"key":"SMITH"},{"data":"SandsOfTime","floor":32.0,"key":"SMITH"},{"floor":40,"key":"REST"}],"circlet_count":0,"master_deck":["AscendersBane","Strike_P+1","Strike_P","Strike_P","Strike_P","Defend_P","Defend_P","Eruption+1","Vigilance","Conclude+1","TalkToTheHand","Devotion+1","FlurryOfBlows","hubris:Fate","SandsOfTime+1","JustLucky","Languid"],"relics":["HolyWater","MawBank","Pet Ghost","hubris:Icosahedron","CeramicFish","MutagenicStrength","Toy Ornithopter","Art of War","Oddly Smooth Stone","Cursed Key","hubris:PeanutButter","Replay:Bottled Flurry","Melange","Darkstone Periapt","hubris:Zylophone","hubris:DisguiseKit"],"acts_visited":["Exordium","TheCity","TheBeyond"],"potions_floor_usage":[33,36,41,41],"damage_taken":[{"damage":15.0,"enemies":"Cultist","floor":1.0,"turns":6.0},{"damage":1.0,"enemies":"2 Louse","floor":4.0,"turns":3.0},{"damage":0.0,"enemies":"Small Slimes","floor":5.0,"turns":2.0},{"damage":40.0,"enemies":"Gremlin Nob","floor":6.0,"turns":4.0},{"damage":0.0,"enemies":"3 Louse","floor":13.0,"turns":1.0},{"damage":0.0,"enemies":"Exordium Wildlife","floor":14.0,"turns":1.0},{"damage":0.0,"enemies":"Slime Boss","floor":16.0,"turns":4.0},{"damage":11.0,"enemies":"2 Thieves","floor":18.0,"turns":3.0},{"damage":19.0,"enemies":"3 Byrds","floor":20.0,"turns":3.0},{"damage":21.0,"enemies":"Snake Plant","floor":22.0,"turns":6.0},{"damage":10.0,"enemies":"3 Cultists","floor":24.0,"turns":3.0},{"damage":0.0,"enemies":"Shelled Parasite and Fungi","floor":30.0,"turns":1.0},{"damage":0.0,"enemies":"Snake Plant","floor":31.0,"turns":3.0},{"damage":18,"enemies":"Champ","floor":33,"turns":8},{"damage":28,"enemies":"3 Shapes","floor":35,"turns":3},{"damage":3,"enemies":"Orb Walker","floor":36,"turns":2},{"damage":0,"enemies":"Transient","floor":38,"turns":6},{"damage":47,"enemies":"R_Hoarder","floor":41,"turns":6},{"damage":25,"enemies":"Giant Head","floor":44,"turns":5}],"seed_played":"-3068063556341556453","potions_obtained":[{"floor":1.0,"key":"Guardian:BlockOnCardUsePotion"},{"floor":4.0,"key":"Weak Potion"},{"floor":13.0,"key":"bronze:BurnAndBuffPotion"},{"floor":31.0,"key":"PowerPotion"},{"floor":35,"key":"EntropicBrew"},{"floor":41,"key":"Elixir"}],"is_trial":false,"path_per_floor":["M","?","?","M","M","E","R","?","T","R","$","?","M","M","R","B",null,"M","?","M","?","M","R","M","R","T","?","?","AVR","M","M","R","B",null,"M","M","$","M","?","R","E","$","T","E"],"character_chosen":"WATCHER","items_purchased":["hubris:PeanutButter","Replay:Bottled Flurry","Melange","hubris:Zylophone"],"campfire_rested":3,"item_purchase_floors":[37,37,37,42],"current_hp_per_floor":[46,46,46,45,45,5,25,25,25,25,25,30,30,73,73,73,73,62,62,43,25,4,25,15,15,15,15,15,15,15,15,15,2,55,27,29,29,29,29,50,13,13,19,0,0],"gold":80,"neow_bonus":"RANDOM_COMMON_RELIC","is_daily":false,"chose_seed":false,"campfire_upgraded":4,"win_rate":0.0,"timestamp":1611600442,"path_taken":["M","?","?","M","?","E","R","?","T","R","$","?","?","M","R","BOSS","M","?","M","?","M","R","M","R","T","?","?","AVR","M","?","R","BOSS","M","M","?","?","?","R","E","$","T","E"],"items_purchased_type":["Relic","Relic","Relic","Relic"],"build_version":"2020-12-22","purchased_purges":1,"victory":false,"max_hp_per_floor":[68,68,68,68,68,68,68,68,68,68,68,73,73,73,73,73,73,73,73,73,73,73,73,73,73,73,73,73,73,73,73,73,73,73,73,73,73,73,73,73,73,73,79,79,79],"card_choices":[{"not_picked":["Crescendo","FearNoEvil","InnerPeace"],"picked":"SKIP","floor":1.0},{"not_picked":["Protect","JustLucky"],"picked":"Conclude","floor":4.0},{"not_picked":["Collect","Protect"],"picked":"TalkToTheHand","floor":5.0},{"not_picked":["Evaluate","ClearTheMind","FollowUp"],"picked":"SKIP","floor":6.0},{"not_picked":["SashWhip","InnerPeace","Crescendo"],"picked":"SKIP","floor":13.0},{"not_picked":["Replay:ManipulateFuture","Protect","Consecrate"],"picked":"SKIP","floor":14.0},{"not_picked":["Establishment","ConjureBlade"],"picked":"Devotion","floor":16.0},{"not_picked":["FollowUp+1","Adaptation"],"picked":"FlurryOfBlows","floor":18.0},{"not_picked":["Replay:BluntJabs","Evaluate","Halt"],"picked":"SKIP","floor":20.0},{"not_picked":["infinitespire:Oblivion","infinitespire:FinalStrike"],"picked":"hubris:Fate","floor":21.0},{"not_picked":["ThirdEye","FlyingSleeves","BowlingBash"],"picked":"SKIP","floor":22.0},{"not_picked":["EmptyBody","CrushJoints","Tantrum"],"picked":"SKIP","floor":24.0},{"not_picked":["Replay:LoomingThreat","Crescendo"],"picked":"SandsOfTime","floor":30.0},{"not_picked":["DeceiveReality","Replay:Battleflow"],"picked":"JustLucky","floor":31.0},{"not_picked":["Collect+1","EmptyBody","SashWhip+1"],"picked":"SKIP","floor":35},{"not_picked":["Evaluate","FollowUp","Protect"],"picked":"SKIP","floor":36},{"not_picked":["FollowUp","FlurryOfBlows","MentalFortress+1"],"picked":"SKIP","floor":38},{"not_picked":["Vengeance+1","Prostrate","CrushJoints"],"picked":"SKIP","floor":41}],"player_experience":245947,"relics_obtained":[{"floor":6.0,"key":"Pet Ghost"},{"floor":9.0,"key":"CeramicFish"},{"floor":26.0,"key":"Toy Ornithopter"},{"floor":41,"key":"Darkstone Periapt"},{"floor":43,"key":"hubris:DisguiseKit"}],"event_choices":[{"cards_removed":["Defend_P"],"damage_healed":0.0,"max_hp_gain":0.0,"max_hp_loss":0.0,"gold_gain":0.0,"event_name":"Purifier","player_choice":"Purged","floor":3.0,"gold_loss":0.0,"damage_taken":0.0},{"damage_healed":0.0,"max_hp_gain":5.0,"max_hp_loss":0.0,"gold_gain":0.0,"event_name":"Big Fish","player_choice":"Donut","floor":12.0,"gold_loss":0.0,"damage_taken":0.0},{"damage_healed":0.0,"max_hp_gain":0.0,"max_hp_loss":0.0,"gold_gain":0.0,"event_name":"Drug Dealer","player_choice":"Inject Mutagens","floor":19.0,"gold_loss":0.0,"damage_taken":0.0,"relics_obtained":["MutagenicStrength"]},{"cards_removed":["Defend_P"],"damage_healed":0.0,"max_hp_gain":0.0,"max_hp_loss":0.0,"gold_gain":0.0,"event_name":"Beggar","player_choice":"Gave Gold","floor":27.0,"gold_loss":75.0,"damage_taken":0.0},{"damage_healed":0.0,"max_hp_gain":0.0,"max_hp_loss":0.0,"gold_gain":0.0,"event_name":"The Mausoleum","player_choice":"Opened","floor":28.0,"gold_loss":0.0,"damage_taken":0.0,"relics_obtained":["Art of War"],"cards_obtained":["Writhe"]},{"damage_healed":0,"gold_gain":0,"player_choice":"Memory 1","damage_taken":0,"max_hp_gain":0,"max_hp_loss":0,"event_name":"SensoryStone","floor":39,"gold_loss":0}],"is_beta":false,"boss_relics":[{"not_picked":["Fusion Hammer","hubris:RunicObelisk"],"picked":"HolyWater"},{"not_picked":["ChewingGum","Replay:Bronze Core"],"picked":"Cursed Key"}],"items_purged_floors":[37],"is_endless":false,"potions_floor_spawned":[1,4,13,20,22,24,31,35,41],"killed_by":"Giant Head","ascension_level":20}}