{"host":"2l3i55whvwk76mom","time":1611551902,"event":{"mods":["BaseMod","Googly Eyes","Hermit","Hubris","Minty Spire (QoL Compilation)","Replay The Spire","StSLib","The Cursed","The Disciple","The Hierophant","The Jungle","The Necromancer"],"gold_per_floor":[112,187,187,207,221,251,251,281,281,315,285,311,436,448,448,543,543,523,537,154,154,168,198,123,143,143,162,62,88,38,52,52,153,153,169,189,189,25,37,37,69,69,118,118,118,118,118,168,168,168,168,168,133,158,158],"floor_reached":56,"language":"ENG","playtime":3059,"items_purged":["ReplayTheSpireMod:Splinters","Strike_R","Strike_R"],"score":1522,"play_id":"f47ede6f-7147-4242-9590-811d90a0e127","local_time":"20210124211822","is_ascension_mode":true,"campfire_choices":[{"data":"Armaments","floor":7,"key":"SMITH"},{"floor":15,"key":"REST"},{"floor":32,"key":"REST"},{"data":"Limit Break","floor":40,"key":"SMITH"},{"data":"1","floor":42,"key":"LIFT"},{"data":"2","floor":44,"key":"LIFT"},{"floor":46,"key":"RECALL"},{"data":"3","floor":49,"key":"LIFT"},{"data":"Metallicize","floor":52,"key":"SMITH"}],"circlet_count":0,"master_deck":["Strike_R","Strike_R","Strike_R","Defend_R","Defend_R","Defend_R","Defend_R","Bash","Immolate+1","Flame Barrier","hubris:CleavingFinish","Run Through","Armaments+1","ReplayTheSpireMod:Corrosion Curse","ReplayTheSpireMod:Stacked","Disarm","Flame Barrier","Limit Break+1","Run Through","Juggernaut+1","Reaper","Shockwave+1","Metallicize+1","Evolve","Immolate","Bludgeon","Hemogenesis","True Grit","Spot Weakness","Power Through+1","ReplayTheSpireMod:Muscle Training","Combust","Burning Pact+1"],"relics":["Burning Blood","hubris:Towel","StoneCalendar","Question Card","Matryoshka","Mummified Hand","Juzu Bracelet","Self Forming Clay","Art of War","Replay:Grab Bag","Ooze Armor","hubris:RunicObelisk","hubris:Backtick","Girya","Oddly Smooth Stone","Nilry\u0027s Codex","Replay:Rubber Ducky","hubris:SlimyHat","Gremlin Food","SlaversCollar","Bronze Scales","hubris:ToyBattleship","hubris:Icosahedron","Lizard Tail","Pear"],"acts_visited":["Exordium","TheCity","TheBeyond","TheEnding"],"potions_floor_usage":[6,12,16,27,31,31,39,39,55,55,55],"damage_taken":[{"damage":7,"enemies":"Jaw Worm","floor":1,"turns":3},{"damage":0,"enemies":"Small Slimes","floor":4,"turns":2},{"damage":8,"enemies":"2 Louse","floor":5,"turns":2},{"damage":18,"enemies":"3 Sentries","floor":6,"turns":5},{"damage":14,"enemies":"Replay:BlueRogue","floor":8,"turns":7},{"damage":15,"enemies":"3 Sentries","floor":10,"turns":4},{"damage":0,"enemies":"Looter","floor":11,"turns":4},{"damage":16,"enemies":"Replay:BlueRogue","floor":12,"turns":7},{"damage":19,"enemies":"Exordium Wildlife","floor":14,"turns":5},{"damage":7,"enemies":"Fading Forest","floor":16,"turns":11},{"damage":18,"enemies":"2 Thieves","floor":18,"turns":4},{"damage":11,"enemies":"3 Byrds","floor":19,"turns":5},{"damage":6,"enemies":"Snake Plant","floor":22,"turns":4},{"damage":49,"enemies":"Gremlin Leader","floor":23,"turns":7},{"damage":9,"enemies":"Centurion and Healer","floor":25,"turns":7},{"damage":0,"enemies":"3 Cultists","floor":27,"turns":4},{"damage":0,"enemies":"Snake Plant","floor":31,"turns":4},{"damage":70,"enemies":"Champ","floor":33,"turns":12},{"damage":8,"enemies":"Orb Walker","floor":35,"turns":4},{"damage":11,"enemies":"3 Shapes","floor":36,"turns":7},{"damage":31,"enemies":"Spire Growth","floor":39,"turns":6},{"damage":0,"enemies":"R_Hoarder","floor":41,"turns":7},{"damage":3,"enemies":"Mind Bloom Boss Battle","floor":48,"turns":6},{"damage":32,"enemies":"Donu and Deca","floor":50,"turns":8},{"damage":58,"enemies":"Shield and Spear","floor":54,"turns":7},{"damage":65,"enemies":"The Heart","floor":55,"turns":11}],"seed_played":"3735220661057718353","potions_obtained":[{"floor":4,"key":"FearPotion"},{"floor":5,"key":"Elixir"},{"floor":14,"key":"Block Potion"},{"floor":22,"key":"Weak Potion"},{"floor":25,"key":"LiquidMemories"},{"floor":33,"key":"Dexterity Potion"},{"floor":35,"key":"BlessingOfTheForge"},{"floor":36,"key":"Cursed Concoction"},{"floor":41,"key":"SpeedPotion"},{"floor":54,"key":"Regen Potion"}],"is_trial":false,"path_per_floor":["M","?","?","M","M","E","R","E","T","E","M","E","?","M","R","B",null,"M","M","$","?","M","E","?","M","T","M","$","T","$","M","R","B",null,"M","M","?","$","M","R","E","R","T","R","?","R","?","?","R","B",null,"R","$","E","B",null],"character_chosen":"IRONCLAD","items_purchased":["Evolve","Oddly Smooth Stone","Immolate","BloodPotion","Spot Weakness","Combust"],"campfire_rested":2,"item_purchase_floors":[20,20,20,30,38,53],"current_hp_per_floor":[71,60,60,66,64,52,52,44,44,35,41,31,31,18,42,41,70,66,67,67,51,51,8,8,13,13,19,19,19,19,44,68,19,65,63,75,75,75,57,57,75,75,75,75,75,75,75,76,76,76,76,76,76,50,19],"gold":158,"neow_bonus":"ONE_RANDOM_RARE_CARD","is_daily":false,"chose_seed":false,"campfire_upgraded":3,"win_rate":0.0,"timestamp":1611551902,"path_taken":["M","?","?","?","M","E","R","E","T","E","M","E","?","M","R","BOSS","M","M","$","?","M","E","?","M","T","M","$","?","?","M","R","BOSS","M","M","?","$","M","R","E","R","T","R","?","R","?","?","R","BOSS","R","$","E","BOSS"],"items_purchased_type":["Card","Relic","Card","Potion","Card","Card"],"build_version":"2020-12-22","purchased_purges":3,"victory":true,"max_hp_per_floor":[80,80,80,80,80,80,80,80,80,80,80,80,80,80,80,80,80,80,80,80,80,80,80,80,80,80,80,80,80,80,80,80,80,80,80,80,80,80,80,80,80,80,80,80,80,80,76,76,76,76,76,76,76,86,86],"card_choices":[{"not_picked":["ReplayTheSpireMod:Strike From Hell","Clothesline"],"picked":"Flame Barrier","floor":1},{"not_picked":["Blood for Blood","Anger"],"picked":"hubris:CleavingFinish","floor":4},{"not_picked":["Thunderclap","Clash"],"picked":"Run Through","floor":5},{"not_picked":["Run Through","Havoc"],"picked":"Armaments","floor":6},{"not_picked":["Eclipse","Double Tap"],"picked":"ReplayTheSpireMod:Corrosion Curse","floor":8},{"not_picked":["Berserk","hubris:SharpeningStone","True Grit"],"picked":"ReplayTheSpireMod:Stacked","floor":10},{"not_picked":["Sword Boomerang","Life Link","Searing Blow"],"picked":"hubris:StunningStrike","floor":11},{"not_picked":["Twin Strike","True Grit","Clothesline"],"picked":"Disarm","floor":12},{"not_picked":["Heavy Blade","Perfected Strike","Clash"],"picked":"Flame Barrier","floor":13},{"not_picked":["Thunderclap","ReplayTheSpireMod:Strike From Hell","Heavy Blade"],"picked":"Limit Break","floor":13},{"not_picked":["Wild Strike","Twin Strike","Armaments"],"picked":"Run Through","floor":13},{"not_picked":["Heavy Blade","Shockwave","Wild Strike"],"picked":"Juggernaut","floor":14},{"not_picked":["Brutality","Impervious","Fiend Fire"],"picked":"Reaper","floor":16},{"not_picked":["Heavy Blade","True Grit+1","Cleave"],"picked":"Shockwave+1","floor":18},{"not_picked":["Flex","True Grit","Body Slam"],"picked":"Metallicize","floor":19},{"not_picked":["Sword Boomerang+1","Twin Strike","Warcry"],"picked":"Bludgeon","floor":22},{"not_picked":["Defy Death","Sword Boomerang","hubris:CleavingFinish","Wild Strike"],"picked":"SKIP","floor":23},{"not_picked":["Wild Strike","Sever Soul","Flame Barrier+1","Evolve"],"picked":"SKIP","floor":25},{"not_picked":["Headbutt","Thunderclap","Dropkick","Clash"],"picked":"SKIP","floor":27},{"not_picked":["Headbutt","ReplayTheSpireMod:Muscle Training","Body Slam","Iron Wave"],"picked":"SKIP","floor":31},{"not_picked":["Demonic Infusion","Impervious","Fiend Fire"],"picked":"Hemogenesis","floor":33},{"not_picked":["Reckless Charge","Infernal Blade","Body Slam","Abandon+1"],"picked":"SKIP","floor":35},{"not_picked":["Bloodletting+1","Cleave","Life Link+1"],"picked":"True Grit","floor":36},{"not_picked":["Cleave+1","Dark Embrace+1","Clothesline+1"],"picked":"Power Through+1","floor":39},{"not_picked":["Heavy Blade","True Grit","Pommel Strike","Clash+1"],"picked":"SKIP","floor":41},{"not_picked":["Rampage","Sword Boomerang+1","Warcry"],"picked":"ReplayTheSpireMod:Muscle Training","floor":48},{"not_picked":["Clash+1","Sword Boomerang+1","Cleave"],"picked":"Burning Pact+1","floor":54}],"player_experience":323295,"relics_obtained":[{"floor":6,"key":"StoneCalendar"},{"floor":8,"key":"Question Card"},{"floor":9,"key":"Matryoshka"},{"floor":10,"key":"Mummified Hand"},{"floor":12,"key":"Juzu Bracelet"},{"floor":13,"key":"Self Forming Clay"},{"floor":13,"key":"Art of War"},{"floor":21,"key":"Nilry\u0027s Codex"},{"floor":23,"key":"Replay:Rubber Ducky"},{"floor":26,"key":"hubris:SlimyHat"},{"floor":29,"key":"Gremlin Food"},{"floor":41,"key":"Bronze Scales"},{"floor":43,"key":"hubris:ToyBattleship"},{"floor":48,"key":"Lizard Tail"},{"floor":54,"key":"Pear"}],"event_choices":[{"damage_healed":0,"gold_gain":75,"player_choice":"Gather Gold","damage_taken":11,"max_hp_gain":0,"max_hp_loss":0,"event_name":"World of Goop","floor":2,"gold_loss":0},{"damage_healed":0,"gold_gain":0,"player_choice":"Obtained Book","damage_taken":16,"max_hp_gain":0,"max_hp_loss":0,"event_name":"Cursed Tome","floor":21,"gold_loss":0},{"cards_removed":["hubris:StunningStrike"],"damage_healed":0,"gold_gain":0,"player_choice":"Gave Gold","damage_taken":0,"max_hp_gain":0,"max_hp_loss":0,"event_name":"Beggar","floor":24,"gold_loss":75},{"damage_healed":0,"gold_gain":0,"player_choice":"Max HP","damage_taken":0,"max_hp_gain":0,"max_hp_loss":4,"event_name":"Winding Halls","floor":47,"gold_loss":0},{"damage_healed":0,"gold_gain":0,"player_choice":"Fight","damage_taken":0,"max_hp_gain":0,"max_hp_loss":0,"event_name":"MindBloom","floor":48,"gold_loss":0}],"is_beta":false,"boss_relics":[{"not_picked":["Black Star","hubris:ScarierMask"],"picked":"Replay:Grab Bag"},{"not_picked":["hubris:TerracottaHorce","Fusion Hammer"],"picked":"Ooze Armor"},{"not_picked":["hubris:CrackedHourglass","ChewingGum"],"picked":"hubris:RunicObelisk"},{"not_picked":["Snecko Heart","hubris:HollowSoul"],"picked":"hubris:Backtick"},{"not_picked":["Velvet Choker","Replay:Wanted Poster"],"picked":"SlaversCollar"}],"items_purged_floors":[20,28,38],"is_endless":false,"potions_floor_spawned":[4,5,14,22,25,33,35,36,41,54],"ascension_level":6}}