{"host":"ew66i0vuc7r9fnl7","time":1611591864,"event":{"mods":["Arknights The Spire","BaseMod","DeckTracker","Minty Spire (QoL Compilation)","StSLib"],"gold_per_floor":[119,119,133,149,167,167,180,180,180,180,180,194,219,234,234,234,234],"floor_reached":16,"language":"KOR","playtime":523,"items_purged":[],"score":104,"play_id":"794d1e58-7847-46d0-92b6-6bfd2ed64483","local_time":"20210126012424","is_ascension_mode":false,"campfire_choices":[{"data":"ats:Emotion Absorption","floor":6,"key":"SMITH"},{"data":"ats:Poison Spread","floor":8,"key":"SMITH"},{"data":"ats:Armor Crushing Shot","floor":10,"key":"SMITH"},{"data":"ats:Rapid Magazine","floor":15,"key":"SMITH"}],"circlet_count":0,"master_deck":["ats:Strike C","ats:Strike G","ats:Strike S+1","ats:Armor Crushing Shot+1","ats:Defend","ats:Defend","ats:Defend","ats:Emotion Absorption+1","ats:Poison Spread+1","ats:Literary Storm","ats:Rapid Magazine+1"],"relics":["Empty Cage","Happy Flower","ats:Originium","Regal Pillow"],"acts_visited":["Exordium"],"potions_floor_usage":[],"damage_taken":[{"damage":8,"enemies":"Cultist","floor":1,"turns":5},{"damage":6,"enemies":"Jaw Worm","floor":3,"turns":2},{"damage":0,"enemies":"Small Slimes","floor":4,"turns":3},{"damage":8,"enemies":"2 Fungi Beasts","floor":5,"turns":4},{"damage":7,"enemies":"Looter","floor":7,"turns":4},{"damage":0,"enemies":"3 Louse","floor":12,"turns":3},{"damage":6,"enemies":"Gremlin Nob","floor":13,"turns":3},{"damage":3,"enemies":"2 Fungi Beasts","floor":14,"turns":3},{"damage":35,"enemies":"Hexaghost","floor":16,"turns":7}],"seed_played":"186758013162959433","potions_obtained":[{"floor":1,"key":"DistilledChaos"},{"floor":4,"key":"EssenceOfSteel"},{"floor":12,"key":"ColorlessPotion"}],"is_trial":false,"path_per_floor":["M","?","M","M","M","R","M","R","T","R","?","M","E","M","R","B"],"character_chosen":"DOCTOR_CLASS","items_purchased":[],"campfire_rested":0,"item_purchase_floors":[],"current_hp_per_floor":[64,64,58,58,50,50,43,43,43,43,43,43,37,34,34,0,0],"gold":234,"neow_bonus":"BOSS_RELIC","is_daily":false,"chose_seed":false,"campfire_upgraded":4,"win_rate":0.0,"timestamp":1611591864,"path_taken":["M","?","?","M","M","R","M","R","T","R","?","M","E","?","R","BOSS"],"items_purchased_type":[],"build_version":"2020-12-22","purchased_purges":0,"victory":false,"max_hp_per_floor":[72,72,72,72,72,72,72,72,72,72,72,72,72,72,72,72,72],"card_choices":[{"not_picked":["ats:Defend Order","ats:Guard Mode"],"picked":"ats:Poison Spread","floor":1},{"not_picked":["ats:Shadow Raid","ats:Very Hot Blade","ats:Absolute Focus"],"picked":"SKIP","floor":3},{"not_picked":["ats:Counter Healing Mode","ats:Consecutive Shot Auto","ats:Explosion Area Strengthen"],"picked":"SKIP","floor":4},{"not_picked":["ats:Revitalization","ats:Poison Spread","ats:Blood Oath"],"picked":"SKIP","floor":5},{"not_picked":["ats:Magnetic Hammer","ats:Thermite Blade","ats:Red Shift"],"picked":"SKIP","floor":7},{"not_picked":["ats:Magnetic Hammer","ats:Revitalization"],"picked":"ats:Literary Storm","floor":12},{"not_picked":["ats:Sunburst","ats:Fractured Body","ats:Poison Spread"],"picked":"SKIP","floor":13},{"not_picked":["ats:Burning Ground","ats:Poison Spread"],"picked":"ats:Rapid Magazine","floor":14}],"player_experience":621882,"relics_obtained":[{"floor":9,"key":"Happy Flower"},{"floor":13,"key":"ats:Originium"},{"floor":13,"key":"Regal Pillow"}],"event_choices":[{"damage_healed":0,"gold_gain":0,"player_choice":"Bought 0 Potions","damage_taken":0,"max_hp_gain":0,"max_hp_loss":0,"event_name":"The Woman in Blue","floor":2,"gold_loss":0},{"damage_healed":0,"gold_gain":0,"player_choice":"Upgraded","damage_taken":0,"max_hp_gain":0,"max_hp_loss":0,"event_name":"Upgrade Shrine","floor":11,"gold_loss":0,"cards_upgraded":["ats:Strike S"]}],"is_beta":false,"boss_relics":[],"items_purged_floors":[],"is_endless":false,"potions_floor_spawned":[1,4,12,14],"killed_by":"Hexaghost","ascension_level":0}}