{"host":"fligtxqnrbjmaaid","time":1611557360,"event":{"mods":["ATMod(°¢èªMod)","AchievementEnabler","Act Like it!","BaseMod","Dota2Spire","Downfall","Hallownest","Infinite Spire","Lobotomy","Marisa£¨ìFÓê¡¡Ä§ÀíÉ³£©","Minty Spire (QoL Compilation)","Replay The Spire","StSLib","The Blackbeard","The Construct","The Cursed","The Gatherer","The Runesmith","[IsaacMod]ÒÔÈö¼âËþ"],"gold_per_floor":[117,127,144,144,159,188,188,48,48,48,48,63,84,109,109,212,212,229,229,229],"floor_reached":19,"language":"ZHS","playtime":1174,"items_purged":[],"score":171,"play_id":"fabcca05-b305-4994-a516-9976e7886107","local_time":"20210125144920","is_ascension_mode":false,"campfire_choices":[{"floor":7,"key":"REST"},{"floor":11,"key":"REST"},{"data":"Entrench","floor":15,"key":"SMITH"}],"circlet_count":0,"master_deck":["Strike_R","Strike_R","Strike_R","Strike_R","Defend_R","Defend_R","Defend_R","Defend_R","BettingIsNotGood","Infernal Blade+1","Inflame","Perfected Strike","ReplayTheSpireMod:Muscle Training","Juggernaut","Power Through","Metallicize","Entrench+1","AbeCurse","Hallucinations","Clumsy","True Grit"],"relics":["Burning Blood","HushsDoor","AT_ATBox","DeadEye","Replay:Bandana","Question Card","Replay:Ancient Bell","Dota2Spire:MaskOfMadness","Replay:Bottled Steam","Runesmith:Locket"],"acts_visited":["Exordium","TheCity"],"potions_floor_usage":[12,14,16,16],"damage_taken":[{"damage":0,"enemies":"Cultist","floor":1,"turns":2},{"damage":0,"enemies":"Small Slimes","floor":2,"turns":1},{"damage":13,"enemies":"Jaw Worm","floor":3,"turns":3},{"damage":7,"enemies":"Large Slime","floor":5,"turns":5},{"damage":39,"enemies":"Lagavulin","floor":6,"turns":5},{"damage":20,"enemies":"Blue Slaver","floor":12,"turns":4},{"damage":12,"enemies":"Exordium Wildlife","floor":13,"turns":5},{"damage":13,"enemies":"3 Louse","floor":14,"turns":3},{"damage":75,"enemies":"The Guardian","floor":16,"turns":17},{"damage":7,"enemies":"Chosen","floor":18,"turns":6},{"damage":0,"enemies":"2 Thieves","floor":19,"turns":1}],"seed_played":"8945763065450420961","potions_obtained":[{"floor":2,"key":"Fire Potion"},{"floor":12,"key":"Fruit Juice"},{"floor":13,"key":"Regen Potion"},{"floor":14,"key":"SpeedPotion"},{"floor":16,"key":"FairyPotion"}],"is_trial":false,"path_per_floor":["M","M","M","?","M","E","R","$","T","?","R","M","M","M","R","B",null,"M","M"],"character_chosen":"IRONCLAD","items_purchased":["Juggernaut"],"campfire_rested":2,"item_purchase_floors":[8],"current_hp_per_floor":[80,80,73,73,77,44,68,68,68,61,80,71,70,63,63,9,85,84,84,84],"gold":229,"neow_bonus":"REMOVE_CARD","is_daily":false,"chose_seed":false,"campfire_upgraded":1,"win_rate":0.0,"timestamp":1611557360,"path_taken":["M","M","?","?","M","E","R","?","T","?","R","M","?","M","R","BOSS","M","M"],"items_purchased_type":["Card"],"build_version":"2020-12-22","purchased_purges":0,"victory":false,"max_hp_per_floor":[80,80,80,80,80,80,80,80,80,80,80,85,85,85,85,85,85,85,85,85],"card_choices":[{"not_picked":[],"picked":"BettingIsNotGood","floor":0},{"not_picked":["True Grit","Heavy Blade"],"picked":"Infernal Blade","floor":1},{"not_picked":["Rupture","Thunderclap"],"picked":"Inflame","floor":2},{"not_picked":["Uppercut","Thunderclap"],"picked":"Bomb","floor":3},{"not_picked":["Run Through","Uppercut"],"picked":"Perfected Strike","floor":5},{"not_picked":["Disarm","Exhume"],"picked":"ReplayTheSpireMod:Muscle Training","floor":6},{"not_picked":["Clash","ReplayTheSpireMod:Muscle Training","Perfected Strike"],"picked":"Power Through","floor":12},{"not_picked":["Blood for Blood","Uppercut","Twin Strike"],"picked":"Metallicize","floor":13},{"not_picked":["Warcry","Perfected Strike","Headbutt"],"picked":"Entrench","floor":14},{"not_picked":["Regret","ReplayTheSpireMod:Splinters","Delirium"],"picked":"AbeCurse","floor":17},{"not_picked":["Normality","Regret","Wraith"],"picked":"Hallucinations","floor":17},{"not_picked":["Regret","downfall:Bewildered","Overencumbered"],"picked":"Clumsy","floor":17},{"not_picked":["Twin Strike+1","Flex","Power Through"],"picked":"True Grit","floor":18}],"player_experience":73476,"relics_obtained":[{"floor":6,"key":"Replay:Bandana"},{"floor":9,"key":"Question Card"}],"event_choices":[{"damage_healed":0,"gold_gain":0,"player_choice":"Forge","damage_taken":0,"max_hp_gain":0,"max_hp_loss":0,"event_name":"Accursed Blacksmith","floor":4,"gold_loss":0,"cards_upgraded":["Infernal Blade"]},{"cards_removed":["Strike_R"],"damage_healed":0,"gold_gain":0,"player_choice":"Card Removal","damage_taken":7,"max_hp_gain":0,"max_hp_loss":0,"event_name":"Golden Wing","floor":10,"gold_loss":0}],"is_beta":false,"boss_relics":[{"not_picked":["Sozu","Runic Cube"],"picked":"Replay:Ancient Bell"},{"not_picked":["Dota2Spire:ArcaneBoots","Grinning Jar"],"picked":"Dota2Spire:MaskOfMadness"},{"not_picked":["Chameleon Ring","Replay:Bottled Eggs"],"picked":"Replay:Bottled Steam"},{"not_picked":["Champion Belt","infinitespire:Magic Flask"],"picked":"Runesmith:Locket"},{"not_picked":[]}],"items_purged_floors":[],"is_endless":false,"potions_floor_spawned":[2,12,13,14,16],"killed_by":"2 Thieves","ascension_level":0}}