{"host":"wvaiab5ya9pyia0u","time":1611607641,"event":{"mods":["2.2 Compatiblity","Act Like it!","Alarm Clock","Aspiration","Bard","BaseMod","Bestiary","Better Vampires","BetterRewards","Block Reminder","Challenge The Spire","ChefMod","Colored Map","Colored Powertips","Conspire","Curses Come First","Custom Start","Dark Map","DeckTracker","Dio Mod","Filter the Spire","Fox Events","Hermit","Highlight Path","Hubris","Humility","Infinite Spire","Lobotomy","Mimic Mod","Minty Spire (QoL Compilation)","Pale of the Ancients","Poor People Problems","Practice Mode","Quarter Circle Forward PUNCH!","Quick Restart","Rare Cards Sparkle","Relic Sorter","Relic Stats","Replay The Spire","Reworked Bosses","SacredBarkPlus","Shop Mod","Small Relic Pack","Spicy Shops","Spire Arcade","StS++","StSLib","The Blue Laboratory","The Construct","The Cursed","The Disciple","The Hierophant","The Jungle","The Mystic","The Runesmith","The Servant 0.9.4","TheBandit","Thieving Mod","Wandering Minibosses","everything is the same but u backflip on backflip","slay the spire mod where everything is the same but ironclad has a cowboy hat"],"gold_per_floor":[115,125,125,138,138,163,163,163,190,190,207,207,207,207,207,207,207],"floor_reached":16,"language":"ENG","playtime":670,"items_purged":[],"score":148,"play_id":"19844f32-6956-4d54-8792-efc8cafd702d","local_time":"20210125214721","is_ascension_mode":false,"campfire_choices":[{"floor":8,"key":"REST"},{"data":"Run Through","floor":10,"key":"SMITH"},{"data":"Feel No Pain","floor":12,"key":"SMITH"},{"data":"Body Slam","floor":15,"key":"SMITH"}],"circlet_count":0,"master_deck":["conspire:GhostlyStrike","conspire:GhostlyStrike","conspire:GhostlyStrike","conspire:GhostlyStrike","conspire:GhostlyStrike","conspire:GhostlyDefend","conspire:GhostlyDefend","conspire:GhostlyDefend","conspire:GhostlyDefend","Bash","Body Slam+1","Run Through+1","ReplayTheSpireMod:Stacked","Dual Wield","Feel No Pain+1","Second Wind"],"relics":["conspire:RoyalGoblet","Ring of Searing","Dream Catcher","Strawberry","Bag of Marbles","hubris:GlazedTorus"],"acts_visited":["Exordium"],"potions_floor_usage":[],"damage_taken":[{"damage":0,"enemies":"Jaw Worm","floor":1,"turns":3},{"damage":0,"enemies":"2 Louse","floor":2,"turns":3},{"damage":10,"enemies":"Small Slimes","floor":4,"turns":3},{"damage":39,"enemies":"Lagavulin","floor":6,"turns":6},{"damage":7,"enemies":"3 Louse","floor":11,"turns":4},{"damage":50,"enemies":"Hexaghost","floor":16,"turns":10}],"seed_played":"-4429996342061751864","potions_obtained":[{"floor":1,"key":"Strength Potion"},{"floor":4,"key":"StSpp:ScatteredWeakPotion"}],"is_trial":false,"path_per_floor":["M","M","?","M","?","E","?","R","T","R","M","R","?","?","R_BF","B"],"character_chosen":"IRONCLAD","items_purchased":[],"campfire_rested":1,"item_purchase_floors":[],"current_hp_per_floor":[80,80,80,70,70,31,38,64,64,64,57,57,50,50,50,0,0],"gold":207,"neow_bonus":"BOSS_RELIC","is_daily":false,"chose_seed":false,"campfire_upgraded":3,"win_rate":0.0,"timestamp":1611607641,"path_taken":["M","M","?","M","?","E","?","R","T","R","M","R","?","?","R_BF","BOSS"],"items_purchased_type":[],"build_version":"2020-12-22","purchased_purges":0,"victory":false,"max_hp_per_floor":[80,80,80,80,80,80,87,87,87,87,87,87,87,87,87,87,87],"relic_stats":{"Dream Catcher":1,"counters":[6,29],"obtain_stats":[{"Dream Catcher":6,"conspire:RoyalGoblet":0,"Strawberry":7,"Bag of Marbles":9,"Burning Blood":0,"Ring of Searing":3,"hubris:GlazedTorus":13},{"Dream Catcher":4,"conspire:RoyalGoblet":0,"Strawberry":4,"Bag of Marbles":4,"Burning Blood":0,"Ring of Searing":2,"hubris:GlazedTorus":5},{"Dream Catcher":15,"conspire:RoyalGoblet":0,"Strawberry":15,"Bag of Marbles":15,"Burning Blood":0,"Ring of Searing":6,"hubris:GlazedTorus":19}]},"card_choices":[{"not_picked":["Bloodletting","Anger"],"picked":"Body Slam","floor":1},{"not_picked":["Massacre","Twin Strike"],"picked":"Run Through","floor":2},{"not_picked":["Havoc","Sentinel"],"picked":"ReplayTheSpireMod:Stacked","floor":4},{"not_picked":["Clash","Wild Strike"],"picked":"Dual Wield","floor":6},{"not_picked":["Replay:Undeath\u0027s Touch","Thunderclap"],"picked":"Feel No Pain","floor":8},{"not_picked":["StSpp:Succumb","Headbutt"],"picked":"Second Wind","floor":11}],"player_experience":258139,"relics_obtained":[{"floor":3,"key":"Ring of Searing"},{"floor":6,"key":"Dream Catcher"},{"floor":9,"key":"Bag of Marbles"}],"event_choices":[{"damage_healed":0,"gold_gain":0,"player_choice":"Agree","damage_taken":0,"max_hp_gain":0,"max_hp_loss":0,"event_name":"conspire:LoneGhost","floor":5,"gold_loss":0},{"damage_healed":0,"gold_gain":0,"player_choice":"Searched \u00271\u0027 times","damage_taken":0,"relics_obtained":["Strawberry"],"max_hp_gain":0,"max_hp_loss":0,"event_name":"Dead Adventurer","floor":7,"gold_loss":0},{"damage_healed":0,"gold_gain":0,"player_choice":"Success","damage_taken":7,"relics_obtained":["hubris:GlazedTorus"],"max_hp_gain":0,"max_hp_loss":0,"event_name":"Scrap Ooze","floor":13,"gold_loss":0},{"cards_removed":["Sickly"],"damage_healed":0,"gold_gain":0,"player_choice":"Purged","damage_taken":0,"max_hp_gain":0,"max_hp_loss":0,"event_name":"Purifier","floor":14,"gold_loss":0}],"is_beta":false,"boss_relics":[],"items_purged_floors":[],"is_endless":false,"potions_floor_spawned":[1,4],"killed_by":"Hexaghost","ascension_level":0,"is_humility":true}}