{"host":"ttx8tv95o5vka1nm","time":1611545699,"event":{"mods":["AchievementEnabler","BaseMod","Colored Map","Downfall","Infinite Spire","Minty Spire (QoL Compilation)","Shop Mod","StSLib","The Jungle"],"gold_per_floor":[99,115,128,38,58,76,101,115,115,146,162,197,208,242,261,384,384,384,400,49,62,82,82,82,82],"floor_reached":23,"language":"ENG","playtime":2430,"items_purged":["sneckomod:Strike","sneckomod:Defend"],"score":228,"play_id":"63f30a70-e839-4ca4-a48d-80e125f34d63","local_time":"20210125133459","is_ascension_mode":true,"campfire_choices":[{"data":"sneckomod:SnekBite","floor":1,"key":"SMITH"},{"data":"sneckomod:UnknownRareSkill","floor":9,"key":"SMITH"},{"data":"sneckomod:Restock","floor":18,"key":"SMITH"}],"circlet_count":0,"master_deck":["sneckomod:Strike","sneckomod:Strike","sneckomod:Defend","sneckomod:Defend","sneckomod:TailWhip","sneckomod:SnekBite+1","sneckomod:Unknown","sneckomod:Unknown","sneckomod:UnknownUncommonSkill","sneckomod:DefensiveFlair","sneckomod:UnknownWeak","sneckomod:UnknownDraw","sneckomod:UnknownRareSkill+1","sneckomod:UnknownVulnerable","sneckomod:Nope","sneckomod:UnendingSupply","sneckomod:SoulRoll","sneckomod:CheapStock","sneckomod:Restock+1","sneckomod:UnknownUncommonPower+1","sneckomod:PureSnecko+1"],"relics":["Runic Pyramid","Art of War","infinitespire:Satchel","Sundial","sneckomod:UnknownEgg","Black Star","MerchantsRug","Lee\u0027s Waffle"],"acts_visited":["Exordium","TheCity"],"potions_floor_usage":[12,16,23],"damage_taken":[{"damage":0,"enemies":"Cultist","floor":2,"turns":3},{"damage":0,"enemies":"2 Louse","floor":3,"turns":3},{"damage":0,"enemies":"downfall:FleeingMerchant","floor":4,"turns":4},{"damage":0,"enemies":"Small Slimes","floor":5,"turns":3},{"damage":0,"enemies":"3 Louse","floor":6,"turns":3},{"damage":0,"enemies":"Exordium Wildlife","floor":8,"turns":3},{"damage":39,"enemies":"Gremlin Nob","floor":10,"turns":6},{"damage":6,"enemies":"Gremlin Gang","floor":11,"turns":3},{"damage":12,"enemies":"3 Sentries","floor":12,"turns":5},{"damage":6,"enemies":"Large Slime","floor":13,"turns":4},{"damage":16,"enemies":"Gremlin Nob","floor":14,"turns":3},{"damage":0,"enemies":"Lots of Slimes","floor":15,"turns":3},{"damage":8,"enemies":"DF_ARCHETYPE_STREAMLINE","floor":16,"turns":8},{"damage":8,"enemies":"Shell Parasite","floor":19,"turns":4},{"damage":0,"enemies":"downfall:FleeingMerchant","floor":20,"turns":4},{"damage":24,"enemies":"Spheric Guardian","floor":21,"turns":5},{"damage":24,"enemies":"Centurion and Healer","floor":22,"turns":5},{"damage":52,"enemies":"Nightmare","floor":23,"turns":4}],"seed_played":"-261462956759512223","potions_obtained":[{"floor":8,"key":"Block Potion"},{"floor":10,"key":"Weak Potion"},{"floor":11,"key":"Dexterity Potion"},{"floor":13,"key":"LiquidBronze"},{"floor":16,"key":"FearPotion"},{"floor":21,"key":"Dexterity Potion"}],"is_trial":false,"path_per_floor":["R","M","M","$","M","M","T","M","R","E","M","E","M","E","M","B",null,"R","M","$","M","M","NM"],"character_chosen":"THE_SNECKO","items_purchased":["MerchantsRug","Lee\u0027s Waffle"],"campfire_rested":0,"item_purchase_floors":[20,20],"current_hp_per_floor":[90,90,90,90,90,90,90,90,90,51,45,33,27,11,11,3,90,90,82,97,73,49,0,0,0],"gold":82,"neow_bonus":"BOSS_RELIC","is_daily":false,"chose_seed":false,"campfire_upgraded":3,"win_rate":0.0,"timestamp":1611545699,"path_taken":["R","M","M","$","M","M","T","M","R","E","M","E","M","E","M","BOSS","R","M","$","M","?","NM"],"items_purchased_type":["Relic","Relic"],"build_version":"2020-12-22","purchased_purges":2,"victory":false,"max_hp_per_floor":[90,90,90,90,90,90,90,90,90,90,90,90,90,90,90,90,90,90,90,97,97,97,97,97,97],"card_choices":[{"not_picked":["sneckomod:UnknownCommonSkill","sneckomod:ImprovisedGuard"],"picked":"sneckomod:UnknownUncommonSkill","floor":2},{"not_picked":["sneckomod:IronFang","sneckomod:UnknownX"],"picked":"sneckomod:DefensiveFlair","floor":3},{"not_picked":["sneckomod:IronFang","sneckomod:UnknownBlock"],"picked":"sneckomod:UnknownWeak","floor":4},{"not_picked":["sneckomod:UnknownBlock","sneckomod:UnknownCommonAttack"],"picked":"sneckomod:UnknownDraw","floor":5},{"not_picked":["sneckomod:DefensiveFlair","sneckomod:IronFang","sneckomod:UnknownExhaust"],"picked":"SKIP","floor":6},{"not_picked":["sneckomod:Unknown1Cost","sneckomod:Nope"],"picked":"sneckomod:UnknownRareSkill","floor":8},{"not_picked":["sneckomod:UnknownCommonAttack","sneckomod:UnknownBlock"],"picked":"sneckomod:UnknownVulnerable","floor":10},{"not_picked":["sneckomod:UnknownBlock","sneckomod:DiceBlock"],"picked":"sneckomod:Nope","floor":11},{"not_picked":["sneckomod:SoulRoll","sneckomod:RainOfDice"],"picked":"sneckomod:UnendingSupply","floor":12},{"not_picked":["sneckomod:UnknownCommonAttack","sneckomod:Rotation"],"picked":"sneckomod:SoulRoll","floor":13},{"not_picked":["sneckomod:DefensiveFlair","sneckomod:Nope","sneckomod:UnknownStrike+1"],"picked":"SKIP","floor":14},{"not_picked":["sneckomod:Mudshield","sneckomod:QuickMove"],"picked":"sneckomod:CheapStock","floor":15},{"not_picked":["sneckomod:DangerNoodle","sneckomod:SoulExchange"],"picked":"sneckomod:Restock","floor":16},{"not_picked":["sneckomod:UnknownClassRED+1","sneckomod:SoulRoll"],"picked":"sneckomod:UnknownUncommonPower+1","floor":19},{"not_picked":["sneckomod:Unknown1Cost+1","sneckomod:RainOfDice","sneckomod:ImprovisedAttack"],"picked":"SKIP","floor":20},{"not_picked":["sneckomod:UnknownCommonSkill+1","sneckomod:DiceBlock"],"picked":"sneckomod:PureSnecko+1","floor":21},{"not_picked":["sneckomod:DiceCrush","sneckomod:UnknownStrike+1","sneckomod:SoulDraw"],"picked":"SKIP","floor":22}],"player_experience":853720,"relics_obtained":[{"floor":7,"key":"Art of War"},{"floor":10,"key":"infinitespire:Satchel"},{"floor":12,"key":"Sundial"},{"floor":14,"key":"sneckomod:UnknownEgg"}],"event_choices":[],"is_beta":false,"boss_relics":[{"not_picked":["Philosopher\u0027s Stone","Pandora\u0027s Box"],"picked":"Black Star"}],"items_purged_floors":[4,20],"is_endless":false,"potions_floor_spawned":[8,10,11,13,15,16,21],"killed_by":"Nightmare","ascension_level":1}}