{"host":"uv5ws9rdk87e8i5k","time":1611545811,"event":{"mods":["AchievementEnabler","BaseMod","Colored Map","Minty Spire (QoL Compilation)","StSLib","SuperFastMode","The Necromancer"],"gold_per_floor":[117,128,203,203,75,115,115,141,141,141,161,194,217,261,261,261,261],"floor_reached":16,"language":"ENG","playtime":307,"items_purged":["Strike_W"],"score":142,"play_id":"c38d43d3-3750-459e-bf64-88c46bada840","local_time":"20210124213651","is_ascension_mode":true,"campfire_choices":[{"data":"Negative_Energy_Burst","floor":10.0,"key":"SMITH"},{"data":"Vampiric_Strike","floor":15,"key":"SMITH"}],"circlet_count":0,"master_deck":["Strike_W","Strike_W","Strike_W","Defend_W","Defend_W","Defend_W","Defend_W","Negative_Energy_Arrows","Bone_Wall","Blood_Whip","Negative_Energy_Burst+1","Vampiric_Strike","Vampiric_Strike","Spectral_Armor","Vampiric_Strike+1","Negative_Energy_Sphere"],"relics":["Vampire_Amulet","Pen Nib","Golden Idol","Bottled Flame","Pear","Odd Mushroom","Pantograph","Singing Bowl","Eternal Feather"],"acts_visited":["Exordium"],"potions_floor_usage":[14],"damage_taken":[{"damage":2.0,"enemies":"2 Louse","floor":1.0,"turns":2.0},{"damage":2.0,"enemies":"Small Slimes","floor":2.0,"turns":2.0},{"damage":30.0,"enemies":"3 Sentries","floor":6.0,"turns":7.0},{"damage":12.0,"enemies":"The Mushroom Lair","floor":8.0,"turns":3.0},{"damage":4.0,"enemies":"Jaw Worm","floor":11.0,"turns":3.0},{"damage":21.0,"enemies":"Gremlin Nob","floor":12.0,"turns":5.0},{"damage":5.0,"enemies":"Large Slime","floor":13.0,"turns":5.0},{"damage":16,"enemies":"3 Sentries","floor":14,"turns":4},{"damage":55,"enemies":"Hexaghost","floor":16,"turns":9}],"seed_played":"7149673869160698545","potions_obtained":[{"floor":6.0,"key":"SkillPotion"},{"floor":13.0,"key":"AttackPotion"}],"is_trial":false,"path_per_floor":["M","M","?","?","$","E","T","?","T","R","M","E","M","E","R","B"],"character_chosen":"NECROMANCER","items_purchased":["Vampiric_Strike"],"campfire_rested":0,"item_purchase_floors":[5],"current_hp_per_floor":[75,75,64,64,64,42,52,48,48,48,46,33,36,26,35,17,17],"gold":261,"neow_bonus":"RANDOM_COMMON_RELIC","is_daily":false,"chose_seed":false,"campfire_upgraded":2,"win_rate":0.0,"timestamp":1611545811,"path_taken":["M","M","?","?","$","E","?","?","T","R","M","E","M","E","R","BOSS"],"items_purchased_type":["Card"],"build_version":"2020-12-22","purchased_purges":1,"victory":false,"max_hp_per_floor":[75,75,75,69,69,69,79,79,79,79,79,81,81,81,81,81,81],"card_choices":[{"not_picked":["Violent_Necrosis","Blood_Curse"],"picked":"Blood_Whip","floor":1.0},{"not_picked":["Blood_Is_Power","Acid_Javelin"],"picked":"Negative_Energy_Burst","floor":2.0},{"not_picked":["Bones_to_Steel","Death_Coil"],"picked":"Vampiric_Strike","floor":6.0},{"not_picked":["Bone_Spikes","Blood_Curse"],"picked":"Spectral_Armor","floor":8.0},{"not_picked":["Blood_for_Blood","Negative_Energy_Shield","Summon_Undead_Army"],"picked":"SKIP","floor":11.0},{"not_picked":["Requiem","Scare","Spectral_Walk"],"picked":"Singing Bowl","floor":12.0},{"not_picked":["Spectral_Walk","Blood_Curse"],"picked":"Vampiric_Strike","floor":13.0},{"not_picked":["Corrupt","Bone_Armor"],"picked":"Negative_Energy_Sphere","floor":14}],"player_experience":254038,"relics_obtained":[{"floor":6.0,"key":"Bottled Flame"},{"floor":7.0,"key":"Pear"},{"floor":8.0,"key":"Odd Mushroom"},{"floor":9.0,"key":"Pantograph"},{"floor":12.0,"key":"Singing Bowl"},{"floor":14,"key":"Eternal Feather"}],"event_choices":[{"damage_healed":0.0,"max_hp_gain":0.0,"max_hp_loss":0.0,"gold_gain":75.0,"event_name":"World of Goop","player_choice":"Gather Gold","floor":3.0,"gold_loss":0.0,"damage_taken":11.0},{"damage_healed":0.0,"max_hp_gain":0.0,"max_hp_loss":6.0,"gold_gain":0.0,"event_name":"Golden Idol","player_choice":"Lose Max HP","floor":4.0,"gold_loss":0.0,"damage_taken":0.0,"relics_obtained":["Golden Idol"]},{"damage_healed":0.0,"max_hp_gain":0.0,"max_hp_loss":0.0,"gold_gain":0.0,"event_name":"Mushrooms","player_choice":"Fought Mushrooms","floor":8.0,"gold_loss":0.0,"damage_taken":0.0}],"is_beta":false,"boss_relics":[],"items_purged_floors":[5],"is_endless":false,"potions_floor_spawned":[6,13],"killed_by":"Hexaghost","ascension_level":4}}