{"host":"36umirwmj0u9xjg7","time":1611611808,"event":{"mods":["Aspiration","BaseMod","CCEM","Downfall","Minty Spire (QoL Compilation)","Reliquary","Replay The Spire","StS++","StSLib","The Construct","The Gatherer","The Necromancer","The Runesmith"],"gold_per_floor":[116,129,79,179,10,10,24,24,24,99,110,178,213,213,213,338,338,362,287,296,246,246,246,272,290,290,311,331,331,365,383,383,512,512,541,562,645,677,690,690,711,711,711,711,711],"floor_reached":44,"language":"ENG","playtime":2192,"items_purged":["Looming Evil"],"score":478,"play_id":"9d7d6a34-c488-4169-ab46-03873835d317","local_time":"20210125225648","is_ascension_mode":false,"campfire_choices":[{"data":"construct:Synchronize","floor":6.0,"key":"SMITH"},{"data":"construct:Enhance","floor":8.0,"key":"SMITH"},{"floor":15.0,"key":"REST"},{"data":"construct:Enhance+1","floor":23.0,"key":"SMITH"},{"data":"construct:Autoturret","floor":29.0,"key":"SMITH"},{"floor":32.0,"key":"REST"},{"data":"construct:ClockworkEgg","floor":40.0,"key":"SMITH"}],"circlet_count":0,"master_deck":["construct:Strike_Gold","construct:Strike_Gold","construct:Strike_Gold","construct:Strike_Gold","construct:Strike_Gold","construct:Defend_Gold","construct:Defend_Gold","construct:Defend_Gold","construct:Defend_Gold","construct:Defend_Gold+1","construct:DefenseMode","construct:Forcefield+1","construct:Enhance+2","construct:Autoturret+1","construct:LaserCore","construct:Synchronize+1","construct:ClockworkEgg+1","construct:Autoturret","construct:Forcefield","construct:BatteryCore","construct:FlameCore","ReplayTheSpireMod:Splinters","Parasite"],"relics":["construct:ClockworkPhoenix","Smiling Mask","Orrery","Bag of Preparation","CeramicFish","reliquary:Boomerang","Golden Idol","Runic Dome","CCEMRelics:SpiritsEdge","Runesmith:Nanobots","War Paint","SlaversCollar","StSpp:TwinEgg","Pet Ghost"],"acts_visited":["Exordium","TheCity","TheBeyond"],"potions_floor_usage":[],"damage_taken":[{"damage":15.0,"enemies":"Jaw Worm","floor":1.0,"turns":5.0},{"damage":1.0,"enemies":"Small Slimes","floor":2.0,"turns":4.0},{"damage":0.0,"enemies":"Cultist","floor":7.0,"turns":5.0},{"damage":12.0,"enemies":"2 Fungi Beasts","floor":11.0,"turns":2.0},{"damage":27.0,"enemies":"Gremlin Nob","floor":12.0,"turns":5.0},{"damage":18.0,"enemies":"3 Sentries","floor":13.0,"turns":6.0},{"damage":0.0,"enemies":"Fading Forest","floor":16.0,"turns":11.0},{"damage":16.0,"enemies":"Chosen","floor":18.0,"turns":6.0},{"damage":7.0,"enemies":"Shell Parasite","floor":25.0,"turns":11.0},{"damage":3.0,"enemies":"Snecko","floor":27.0,"turns":7.0},{"damage":10.0,"enemies":"Snake Plant","floor":28.0,"turns":5.0},{"damage":23.0,"enemies":"Book of Stabbing","floor":30.0,"turns":9.0},{"damage":17.0,"enemies":"Sentry and Sphere","floor":31.0,"turns":7.0},{"damage":2.0,"enemies":"Champ","floor":33.0,"turns":17.0},{"damage":20.0,"enemies":"Orb Walker","floor":35.0,"turns":8.0},{"damage":26.0,"enemies":"3 Darklings","floor":36.0,"turns":4.0},{"damage":4.0,"enemies":"Writhing Mass","floor":38.0,"turns":9.0},{"damage":21.0,"enemies":"Spire Growth","floor":39.0,"turns":10.0},{"damage":2.0,"enemies":"3 Darklings","floor":41.0,"turns":7.0},{"damage":6,"enemies":"Jaw Worm Horde","floor":44,"turns":2}],"seed_played":"6902766344374531248","potions_obtained":[{"floor":2.0,"key":"StSpp:ScatteredPotion"},{"floor":11.0,"key":"Cursed Concoction"},{"floor":12.0,"key":"SkillPotion"},{"floor":25.0,"key":"Energy Potion"},{"floor":31.0,"key":"Swift Potion"},{"floor":33.0,"key":"Fire Potion"},{"floor":35.0,"key":"sneckomod:MuddlingPotion"},{"floor":36.0,"key":"Fire Potion"},{"floor":37.0,"key":"Flashbang"},{"floor":39.0,"key":"AttackPotion"}],"is_trial":false,"path_per_floor":["M","M","?","?","$","R","M","R","T","?","M","?","E","?","R","B",null,"M","?","?","$","?","R","T","M","T","M","M","R","E","M","R","B",null,"M","M","?","M","M","R","M","?","T","M"],"character_chosen":"THE_CONSTRUCT_MOD","items_purchased":["construct:Autoturret","Orrery"],"campfire_rested":2,"item_purchase_floors":[5,5],"current_hp_per_floor":[70,69,69,69,69,69,69,69,69,58,46,19,1,1,24,24,79,63,63,63,63,63,63,63,56,56,53,43,43,20,3,26,24,79,59,33,33,29,8,8,6,6,6,0,0],"gold":711,"neow_bonus":"RANDOM_COMMON_RELIC","is_daily":false,"chose_seed":false,"campfire_upgraded":5,"win_rate":0.0,"timestamp":1611611808,"path_taken":["M","M","?","?","$","R","?","R","T","?","M","?","E","?","R","BOSS","M","?","?","$","?","R","?","M","T","M","M","R","E","M","R","BOSS","M","M","?","M","M","R","M","?","T","M"],"items_purchased_type":["Card","Relic"],"build_version":"2020-12-22","purchased_purges":1,"victory":false,"max_hp_per_floor":[85,85,85,85,85,85,85,85,85,85,85,85,85,79,79,79,79,79,79,79,79,79,79,79,79,79,79,79,79,79,79,79,79,79,79,79,79,79,79,79,79,79,79,79,79],"card_choices":[{"not_picked":["construct:Analyze","construct:Accumulate"],"picked":"construct:Forcefield","floor":1.0},{"not_picked":["construct:Electrocute","construct:Backup"],"picked":"construct:Enhance","floor":2.0},{"not_picked":["construct:Backfire","construct:Reinforce"],"picked":"construct:LaserCore","floor":5.0},{"not_picked":["construct:PowerUp","construct:ForceCore"],"picked":"construct:Synchronize","floor":5.0},{"not_picked":["construct:SuppressiveFire","construct:PointDefense"],"picked":"construct:ClockworkEgg","floor":7.0},{"not_picked":["construct:ShiftStrike","construct:VentSteam"],"picked":"construct:ReactiveShield","floor":11.0},{"not_picked":["construct:Antimatter","construct:SweepLaser"],"picked":"construct:Autoturret","floor":12.0},{"not_picked":["construct:Bunker","construct:VentSteam","construct:Chainstrike"],"picked":"SKIP","floor":13.0},{"not_picked":["construct:OneWayMirror+1","construct:Construct_Overclock"],"picked":"construct:Forcefield","floor":18.0},{"not_picked":["construct:Tumble+1","construct:Construct_Overclock","construct:Zapper"],"picked":"SKIP","floor":25.0},{"not_picked":["construct:HardReboot","construct:Backfire","construct:Construct_Overclock"],"picked":"SKIP","floor":27.0},{"not_picked":["construct:LongRangeLance","construct:Isolate+1","construct:Disrupt"],"picked":"SKIP","floor":28.0},{"not_picked":["construct:Dampening+1","construct:Missile","construct:Backup+1"],"picked":"SKIP","floor":30.0},{"not_picked":["construct:Versatility","construct:Reinforce","construct:Boost"],"picked":"SKIP","floor":31.0},{"not_picked":["construct:SpinDrive","construct:HammerDown"],"picked":"construct:BatteryCore","floor":33.0},{"not_picked":["construct:SuppressiveFire+1","construct:Chainstrike"],"picked":"construct:FlameCore","floor":35.0},{"not_picked":["construct:Accumulate","construct:ClusterMines+1","construct:Forcefield"],"picked":"SKIP","floor":36.0},{"not_picked":["construct:Backfire+1","construct:Reinforce","construct:ScrapCannon"],"picked":"SKIP","floor":38.0},{"not_picked":["construct:ScrapCannon","construct:ClusterMines","construct:VentSteam+1"],"picked":"SKIP","floor":39.0},{"not_picked":["construct:ClusterMines+1","construct:Accumulate+1","construct:SuppressiveFire+1"],"picked":"SKIP","floor":41.0}],"player_experience":152753,"relics_obtained":[{"floor":9.0,"key":"Bag of Preparation"},{"floor":12.0,"key":"CeramicFish"},{"floor":13.0,"key":"reliquary:Boomerang"},{"floor":24.0,"key":"CCEMRelics:SpiritsEdge"},{"floor":26.0,"key":"Runesmith:Nanobots"},{"floor":30.0,"key":"War Paint"},{"floor":37.0,"key":"StSpp:TwinEgg"},{"floor":43.0,"key":"Pet Ghost"}],"event_choices":[{"cards_removed":["construct:AttackMode"],"damage_healed":0.0,"max_hp_gain":0.0,"max_hp_loss":0.0,"gold_gain":0.0,"event_name":"The Cleric","player_choice":"Card Removal","floor":3.0,"gold_loss":50.0,"damage_taken":0.0},{"damage_healed":0.0,"max_hp_gain":0.0,"max_hp_loss":0.0,"gold_gain":100.0,"event_name":"Golden Shrine","player_choice":"Pray","floor":4.0,"gold_loss":0.0,"damage_taken":0.0},{"damage_healed":0.0,"max_hp_gain":0.0,"max_hp_loss":0.0,"gold_gain":75.0,"event_name":"World of Goop","player_choice":"Gather Gold","floor":10.0,"gold_loss":0.0,"damage_taken":11.0},{"damage_healed":0.0,"max_hp_gain":0.0,"max_hp_loss":0.0,"gold_gain":0.0,"event_name":"Dead Adventurer","player_choice":"Searched \u00271\u0027 times","floor":12.0,"gold_loss":0.0,"damage_taken":0.0},{"damage_healed":0.0,"max_hp_gain":0.0,"max_hp_loss":6.0,"gold_gain":0.0,"event_name":"Golden Idol","player_choice":"Lose Max HP","floor":14.0,"gold_loss":0.0,"damage_taken":0.0,"relics_obtained":["Golden Idol"]},{"cards_removed":["construct:ReactiveShield"],"damage_healed":0.0,"max_hp_gain":0.0,"max_hp_loss":0.0,"gold_gain":0.0,"event_name":"Beggar","player_choice":"Gave Gold","floor":19.0,"gold_loss":75.0,"damage_taken":0.0},{"damage_healed":0.0,"max_hp_gain":0.0,"max_hp_loss":0.0,"gold_gain":0.0,"event_name":"Ghosts","player_choice":"Ignored","floor":22.0,"gold_loss":0.0,"damage_taken":0.0},{"damage_healed":0.0,"max_hp_gain":0.0,"max_hp_loss":0.0,"gold_gain":0.0,"event_name":"Match and Keep!","player_choice":"0 cards matched","floor":42.0,"gold_loss":0.0,"damage_taken":0.0,"cards_obtained":[]}],"is_beta":false,"boss_relics":[{"not_picked":["Honey Jar","aspiration:PoetsPen_weak"],"picked":"Runic Dome"},{"not_picked":["Tiny House","ChewingGum"],"picked":"SlaversCollar"}],"items_purged_floors":[21],"is_endless":false,"potions_floor_spawned":[2,11,12,25,31,33,35,36,39],"killed_by":"Jaw Worm Horde","ascension_level":0}}