{"host":"v9oq5ccz01n9mezq","time":1611532848,"event":{"mods":["BaseMod","Colored Map","Minty Spire (QoL Compilation)"],"gold_per_floor":[213,229,244,79,89,124,124,199,199,199,225,250,275,294,294,391,391,403,125,125,40,58,86,86,86,86],"floor_reached":25,"language":"ENG","playtime":1598,"items_purged":["Strike_P","Strike_P"],"score":275,"play_id":"f478fe25-2b13-4ec0-b775-c08ac0719c2a","local_time":"20210124190048","is_ascension_mode":true,"campfire_choices":[{"data":"Conclude","floor":7.0,"key":"SMITH"},{"data":"Eruption","floor":10.0,"key":"SMITH"},{"floor":15.0,"key":"REST"},{"floor":24,"key":"REST"}],"circlet_count":0,"master_deck":["Strike_P","Strike_P","Defend_P","Defend_P","Defend_P","Defend_P","Eruption+1","Vigilance","TalkToTheHand","Wallop","Conclude+1","Impatience","PathToVictory","Protect","CrushJoints","WaveOfTheHand","Evaluate","WindmillStrike","DeusExMachina","Crescendo+1","Halt","JustLucky"],"relics":["PureWater","Regal Pillow","Nunchaku","Ornamental Fan","Odd Mushroom","Matryoshka","Runic Pyramid","Bag of Marbles","Singing Bowl","CeramicFish"],"acts_visited":["Exordium","TheCity"],"potions_floor_usage":[23],"damage_taken":[{"damage":0.0,"enemies":"2 Louse","floor":1.0,"turns":2.0},{"damage":0.0,"enemies":"Small Slimes","floor":2.0,"turns":2.0},{"damage":0.0,"enemies":"Jaw Worm","floor":3.0,"turns":4.0},{"damage":4.0,"enemies":"Blue Slaver","floor":5.0,"turns":4.0},{"damage":2.0,"enemies":"3 Sentries","floor":6.0,"turns":3.0},{"damage":36.0,"enemies":"Gremlin Nob","floor":11.0,"turns":3.0},{"damage":2.0,"enemies":"The Mushroom Lair","floor":12.0,"turns":3.0},{"damage":17.0,"enemies":"3 Sentries","floor":13.0,"turns":6.0},{"damage":0.0,"enemies":"Exordium Wildlife","floor":14.0,"turns":3.0},{"damage":27.0,"enemies":"Hexaghost","floor":16.0,"turns":8.0},{"damage":0,"enemies":"Chosen","floor":18,"turns":5},{"damage":0,"enemies":"Shell Parasite","floor":22,"turns":3},{"damage":64,"enemies":"Book of Stabbing","floor":23,"turns":8},{"damage":53,"enemies":"Gremlin Leader","floor":25,"turns":5}],"seed_played":"2955499832581546719","potions_obtained":[{"floor":1.0,"key":"Energy Potion"},{"floor":5.0,"key":"FearPotion"},{"floor":11.0,"key":"SpeedPotion"},{"floor":12.0,"key":"Fruit Juice"},{"floor":14.0,"key":"AttackPotion"}],"is_trial":false,"path_per_floor":["M","M","M","$","M","E","R","?","T","R","E","?","E","M","R","B",null,"M","$","?","?","M","E","R","E"],"character_chosen":"WATCHER","items_purchased":["Impatience","Bag of Marbles","Halt"],"campfire_rested":2,"item_purchase_floors":[4,19,19],"current_hp_per_floor":[72,72,72,72,68,66,66,55,55,55,19,17,5,5,43,16,77,77,77,77,77,77,15,53,0,0],"gold":86,"neow_bonus":"HUNDRED_GOLD","is_daily":false,"chose_seed":false,"campfire_upgraded":2,"win_rate":0.0,"timestamp":1611532848,"path_taken":["M","M","M","$","M","E","R","?","T","R","E","?","E","M","R","BOSS","M","$","?","?","M","E","R","E"],"items_purchased_type":["Card","Relic","Card"],"build_version":"2020-12-22","purchased_purges":2,"victory":false,"max_hp_per_floor":[72,72,72,72,72,72,72,72,72,72,72,72,77,77,77,77,77,77,77,77,77,77,79,79,79,79],"card_choices":[{"not_picked":["FlurryOfBlows","CutThroughFate"],"picked":"TalkToTheHand","floor":1.0},{"not_picked":["Vengeance","SandsOfTime"],"picked":"Wallop","floor":2.0},{"not_picked":["FlurryOfBlows","Halt"],"picked":"Conclude","floor":3.0},{"not_picked":["ClearTheMind","Protect"],"picked":"PathToVictory","floor":5.0},{"not_picked":["CutThroughFate","Consecrate"],"picked":"Protect","floor":6.0},{"not_picked":["Study","Adaptation"],"picked":"CrushJoints","floor":11.0},{"not_picked":["Fasting2","Weave"],"picked":"WaveOfTheHand","floor":12.0},{"not_picked":["FollowUp","Fasting2"],"picked":"Evaluate","floor":13.0},{"not_picked":["ClearTheMind","WheelKick"],"picked":"WindmillStrike","floor":14.0},{"not_picked":["SpiritShield","Devotion"],"picked":"DeusExMachina","floor":16.0},{"not_picked":["Sanctity","Tantrum"],"picked":"Crescendo+1","floor":18},{"not_picked":["Conclude","CrushJoints"],"picked":"JustLucky","floor":22},{"not_picked":["Protect","WheelKick","Conclude"],"picked":"Singing Bowl","floor":23}],"player_experience":117585,"relics_obtained":[{"floor":6.0,"key":"Regal Pillow"},{"floor":9.0,"key":"Nunchaku"},{"floor":11.0,"key":"Ornamental Fan"},{"floor":12.0,"key":"Odd Mushroom"},{"floor":13.0,"key":"Matryoshka"},{"floor":23,"key":"CeramicFish"}],"event_choices":[{"damage_healed":0.0,"max_hp_gain":0.0,"max_hp_loss":0.0,"gold_gain":75.0,"event_name":"World of Goop","player_choice":"Gather Gold","floor":8.0,"gold_loss":0.0,"damage_taken":11.0},{"damage_healed":0.0,"max_hp_gain":0.0,"max_hp_loss":0.0,"gold_gain":0.0,"event_name":"Mushrooms","player_choice":"Fought Mushrooms","floor":12.0,"gold_loss":0.0,"damage_taken":0.0},{"damage_healed":0,"gold_gain":0,"player_choice":"Ignored","damage_taken":0,"max_hp_gain":0,"max_hp_loss":0,"event_name":"Vampires","floor":20,"gold_loss":0},{"damage_healed":0,"gold_gain":0,"player_choice":"Obtained Relic","damage_taken":0,"relics_obtained":["Singing Bowl"],"max_hp_gain":0,"max_hp_loss":0,"event_name":"Addict","floor":21,"gold_loss":85}],"is_beta":false,"boss_relics":[{"not_picked":["VioletLotus","Astrolabe"],"picked":"Runic Pyramid"}],"items_purged_floors":[4,19],"is_endless":false,"potions_floor_spawned":[1,5,11,12,14],"killed_by":"Gremlin Leader","ascension_level":3}}