{"host":"fuszjwm6fqgjjp4d","time":1611539624,"event":{"mods":["BaseMod","Bestiary","Colored Map","DeckTracker","Minty Spire (QoL Compilation)","Permanent Neow","Relic Sorter","Relic Stats","StSLib"],"gold_per_floor":[114,114,134,147,147,180,180,190,217,63,63,96,96,113,113,187,187,205,223,223,223,148,148,168,168,168,168,194,204,235,252,252,327,327,339,339,1338,1338,1338,1338,1349,1383,1383,1383,667,667,667,41,41,41],"floor_reached":51,"language":"ENG","playtime":1401,"items_purged":["Pain","Normality","Strike_P"],"score":1477,"play_id":"a2d88755-c985-4308-a751-d8e4a220f8d9","local_time":"20210124195344","is_ascension_mode":true,"campfire_choices":[{"data":"BattleHymn","floor":7.0,"key":"SMITH"},{"data":"Devotion","floor":11.0,"key":"SMITH"},{"data":"Tantrum","floor":13.0,"key":"SMITH"},{"data":"Eruption","floor":15.0,"key":"SMITH"},{"data":"Establishment","floor":23.0,"key":"SMITH"},{"data":"Conclude","floor":25.0,"key":"SMITH"},{"data":"Prostrate","floor":27.0,"key":"SMITH"},{"floor":32.0,"key":"REST"},{"data":"SpiritShield","floor":40.0,"key":"SMITH"},{"floor":44.0,"key":"REST"},{"data":"Apotheosis","floor":49.0,"key":"SMITH"}],"circlet_count":0,"master_deck":["AscendersBane","Strike_P","Strike_P","Strike_P","Defend_P","Defend_P","Defend_P","Eruption+1","Vigilance","CarveReality","BattleHymn+1","Prostrate","Devotion+1","Tantrum+1","Brilliance","Prostrate","Conclude+1","Establishment+1","Prostrate+1","Wallop","SpiritShield+1","Chrysalis","Dark Shackles","MentalFortress","Apotheosis+1"],"relics":["PureWater","MealTicket","WarpedTongs","Bag of Marbles","Anchor","Omamori","Cursed Key","MutagenicStrength","Ornamental Fan","InkBottle","Shuriken","Black Star","Dream Catcher","StoneCalendar","Kunai","ClockworkSouvenir","Bronze Scales"],"acts_visited":["Exordium","TheCity","TheBeyond"],"potions_floor_usage":[50,50],"damage_taken":[{"damage":9.0,"enemies":"Cultist","floor":1.0,"turns":5.0},{"damage":2.0,"enemies":"2 Louse","floor":3.0,"turns":3.0},{"damage":5.0,"enemies":"Small Slimes","floor":4.0,"turns":4.0},{"damage":17.0,"enemies":"3 Sentries","floor":6.0,"turns":4.0},{"damage":0.0,"enemies":"2 Fungi Beasts","floor":8.0,"turns":2.0},{"damage":2.0,"enemies":"Lagavulin","floor":12.0,"turns":4.0},{"damage":3.0,"enemies":"3 Louse","floor":14.0,"turns":2.0},{"damage":22.0,"enemies":"Hexaghost","floor":16.0,"turns":6.0},{"damage":9.0,"enemies":"3 Byrds","floor":18.0,"turns":4.0},{"damage":2.0,"enemies":"Spheric Guardian","floor":19.0,"turns":3.0},{"damage":19.0,"enemies":"Snake Plant","floor":24.0,"turns":3.0},{"damage":12.0,"enemies":"Book of Stabbing","floor":28.0,"turns":4.0},{"damage":5.0,"enemies":"Cultist and Chosen","floor":29.0,"turns":3.0},{"damage":0.0,"enemies":"Gremlin Leader","floor":30.0,"turns":3.0},{"damage":6.0,"enemies":"Snecko","floor":31.0,"turns":4.0},{"damage":21.0,"enemies":"Collector","floor":33.0,"turns":5.0},{"damage":0.0,"enemies":"Orb Walker","floor":35.0,"turns":3.0},{"damage":0.0,"enemies":"3 Darklings","floor":41.0,"turns":1.0},{"damage":76.0,"enemies":"Reptomancer","floor":42.0,"turns":6.0},{"damage":53,"enemies":"Time Eater","floor":50,"turns":6}],"seed_played":"-917357815051577343","potions_obtained":[{"floor":1.0,"key":"FairyPotion"},{"floor":6.0,"key":"StancePotion"},{"floor":24.0,"key":"EssenceOfSteel"},{"floor":29.0,"key":"SkillPotion"},{"floor":31.0,"key":"AttackPotion"},{"floor":33.0,"key":"DuplicationPotion"},{"floor":42.0,"key":"LiquidBronze"}],"is_trial":false,"path_per_floor":["M","?","M","M","?","E","R","M","T","$","R","E","R","M","R","B",null,"M","M","?","?","$","R","M","R","T","R","E","M","E","M","R","B",null,"M","$","?","?","?","R","M","E","T","R","$","?","?","$","R","B",null],"character_chosen":"WATCHER","items_purchased":["Brilliance","Kunai","ClockworkSouvenir","Bronze Scales","SteroidPotion","Ambrosia","Dark Shackles","MentalFortress","Apotheosis"],"campfire_rested":2,"item_purchase_floors":[10,45,45,45,48,48,48,48,48],"current_hp_per_floor":[52,52,50,45,45,28,28,28,28,43,43,41,41,38,38,16,55,46,44,44,44,59,59,40,40,40,40,28,23,23,17,37,16,55,55,68,68,65,65,65,65,19,19,38,53,48,48,63,63,10],"gold":41,"neow_bonus":"RANDOM_COMMON_RELIC","is_daily":false,"chose_seed":false,"campfire_upgraded":9,"win_rate":0.0,"timestamp":1611539624,"path_taken":["M","?","?","M","?","E","R","?","T","$","R","E","R","M","R","BOSS","M","M","?","?","$","R","M","R","T","R","E","M","E","M","R","BOSS","M","$","?","?","?","R","M","E","T","R","?","?","?","$","R","BOSS"],"items_purchased_type":["Card","Relic","Relic","Relic","Potion","Potion","Card","Card","Card"],"build_version":"2020-12-22","purchased_purges":3,"victory":true,"max_hp_per_floor":[68,68,68,68,68,68,68,68,68,68,68,68,68,68,68,68,68,68,68,68,68,68,68,68,68,68,68,68,68,68,68,68,68,68,68,68,68,65,65,65,65,65,65,65,65,65,65,65,65,65],"relic_stats":{"counters":[20,75],"StoneCalendar":[0],"Cursed Key":1,"WarpedTongs":[70],"Dream Catcher":1,"Ornamental Fan":[52],"Shuriken":[10],"Bronze Scales":[33],"MealTicket":73,"Black Star":1,"Kunai":[2],"obtain_stats":[{"StoneCalendar":42,"Omamori":12,"Cursed Key":17,"WarpedTongs":2,"ClockworkSouvenir":45,"Anchor":9,"Dream Catcher":42,"Ornamental Fan":26,"Shuriken":30,"MutagenicStrength":20,"Bronze Scales":45,"MealTicket":0,"Bag of Marbles":6,"Black Star":34,"Kunai":45,"PureWater":0,"InkBottle":28},{"StoneCalendar":19,"Omamori":6,"Cursed Key":8,"WarpedTongs":1,"ClockworkSouvenir":19,"Anchor":5,"Dream Catcher":19,"Ornamental Fan":11,"Shuriken":14,"MutagenicStrength":10,"Bronze Scales":19,"MealTicket":0,"Bag of Marbles":4,"Black Star":16,"Kunai":19,"PureWater":0,"InkBottle":12},{"StoneCalendar":69,"Omamori":22,"Cursed Key":30,"WarpedTongs":5,"ClockworkSouvenir":69,"Anchor":18,"Dream Catcher":69,"Ornamental Fan":40,"Shuriken":50,"MutagenicStrength":37,"Bronze Scales":69,"MealTicket":0,"Bag of Marbles":16,"Black Star":59,"Kunai":69,"PureWater":0,"InkBottle":44}],"InkBottle":[12]},"card_choices":[{"not_picked":["FlurryOfBlows","EmptyBody"],"picked":"CarveReality","floor":1.0},{"not_picked":["Prostrate","EmptyMind"],"picked":"BattleHymn","floor":3.0},{"not_picked":["PathToVictory","Study"],"picked":"Prostrate","floor":4.0},{"not_picked":["Crescendo","LikeWater","ForeignInfluence"],"picked":"SKIP","floor":6.0},{"not_picked":["WaveOfTheHand","LikeWater"],"picked":"Tantrum","floor":8.0},{"not_picked":["Wish","EmptyBody"],"picked":"Prostrate","floor":12.0},{"not_picked":["Collect","Consecrate"],"picked":"Conclude","floor":14.0},{"not_picked":["Alpha","Omniscience"],"picked":"Establishment","floor":16.0},{"not_picked":["EmptyFist","PathToVictory","FlurryOfBlows"],"picked":"SKIP","floor":18.0},{"not_picked":["DeceiveReality","Protect+1"],"picked":"Prostrate","floor":19.0},{"not_picked":["Meditate","BowlingBash","Halt"],"picked":"SKIP","floor":24.0},{"not_picked":["DevaForm","FlyingSleeves","Weave"],"picked":"SKIP","floor":28.0},{"not_picked":["BowlingBash","FollowUp","SashWhip"],"picked":"SKIP","floor":29.0},{"not_picked":["ClearTheMind","Wallop","FlurryOfBlows"],"picked":"SKIP","floor":30.0},{"not_picked":["ClearTheMind","FlurryOfBlows"],"picked":"Wallop","floor":30.0},{"not_picked":["PathToVictory","BowlingBash","Halt"],"picked":"SKIP","floor":31.0},{"not_picked":["Alpha","DeusExMachina"],"picked":"SpiritShield","floor":33.0},{"not_picked":["FlyingSleeves","Prostrate","FlurryOfBlows"],"picked":"SKIP","floor":35.0},{"not_picked":["Conclude+1","Vengeance","FollowUp"],"picked":"SKIP","floor":41.0},{"not_picked":["PathToVictory","Tantrum+1","ReachHeaven+1"],"picked":"SKIP","floor":42.0},{"not_picked":["Trip","Finesse"],"picked":"Chrysalis","floor":46.0}],"player_experience":1336786,"relics_obtained":[{"floor":6.0,"key":"Bag of Marbles"},{"floor":9.0,"key":"Anchor"},{"floor":12.0,"key":"Omamori"},{"floor":26.0,"key":"Ornamental Fan"},{"floor":28.0,"key":"InkBottle"},{"floor":30.0,"key":"Shuriken"},{"floor":42.0,"key":"Dream Catcher"},{"floor":42.0,"key":"StoneCalendar"}],"event_choices":[{"damage_healed":0.0,"max_hp_gain":0.0,"max_hp_loss":0.0,"gold_gain":0.0,"event_name":"Accursed Blacksmith","player_choice":"Rummage","floor":2.0,"gold_loss":0.0,"damage_taken":0.0,"relics_obtained":["WarpedTongs"],"cards_obtained":["Pain"]},{"damage_healed":0.0,"max_hp_gain":0.0,"max_hp_loss":0.0,"gold_gain":0.0,"event_name":"Match and Keep!","player_choice":"1 cards matched","floor":5.0,"gold_loss":0.0,"damage_taken":0.0,"cards_obtained":["Devotion"]},{"damage_healed":0.0,"max_hp_gain":0.0,"max_hp_loss":0.0,"gold_gain":0.0,"event_name":"Drug Dealer","player_choice":"Inject Mutagens","floor":20.0,"gold_loss":0.0,"damage_taken":0.0,"relics_obtained":["MutagenicStrength"]},{"damage_healed":0.0,"max_hp_gain":0.0,"max_hp_loss":0.0,"gold_gain":0.0,"event_name":"Ghosts","player_choice":"Ignored","floor":21.0,"gold_loss":0.0,"damage_taken":0.0},{"damage_healed":0.0,"max_hp_gain":0.0,"max_hp_loss":0.0,"gold_gain":999.0,"event_name":"MindBloom","player_choice":"Gold","floor":37.0,"gold_loss":0.0,"damage_taken":0.0,"cards_obtained":["Normality","Normality"]},{"damage_healed":0.0,"max_hp_gain":0.0,"max_hp_loss":3.0,"gold_gain":0.0,"event_name":"Winding Halls","player_choice":"Max HP","floor":38.0,"gold_loss":0.0,"damage_taken":0.0},{"damage_healed":0.0,"max_hp_gain":0.0,"max_hp_loss":0.0,"gold_gain":0.0,"event_name":"Tomb of Lord Red Mask","player_choice":"Ignored","floor":39.0,"gold_loss":0.0,"damage_taken":0.0},{"damage_healed":0.0,"max_hp_gain":0.0,"max_hp_loss":0.0,"gold_gain":0.0,"event_name":"SensoryStone","player_choice":"Memory 2","floor":46.0,"gold_loss":0.0,"damage_taken":5.0},{"cards_removed":["Defend_P"],"damage_healed":0.0,"max_hp_gain":0.0,"max_hp_loss":0.0,"gold_gain":0.0,"event_name":"Falling","player_choice":"Removed Skill","floor":47.0,"gold_loss":0.0,"damage_taken":0.0}],"is_beta":false,"boss_relics":[{"not_picked":["Runic Pyramid","Ectoplasm"],"picked":"Cursed Key"},{"not_picked":["Tiny House","Calling Bell"],"picked":"Black Star"}],"items_purged_floors":[22,45,48],"is_endless":false,"potions_floor_spawned":[1,6,8,24,29,31,33,42],"ascension_level":19}}