{"host":"bq4pt811tk9yrmjl","time":1611598291,"event":{"mods":["AchievementEnabler","BaseMod","Colored Map","Colored Powertips","Defuse TimeMaze Blight","Hermit","Minty Spire (QoL Compilation)","StSLib","SuperFastMode"],"gold_per_floor":[113,125,125,125,50,50,84,104,104,104,179,214,226,274,274,379,379,390,408,408,5,18,18,18,33,33,48,48,48,8,28,28,28,28],"floor_reached":33,"language":"ENG","playtime":596,"items_purged":["Regret"],"score":294,"play_id":"5d6ef1c3-fd76-4c33-afa7-16c4773a3a30","local_time":"20210125161131","is_ascension_mode":true,"campfire_choices":[{"data":"Bouncing Flask","floor":6,"key":"SMITH"},{"data":"Corpse Explosion","floor":10,"key":"SMITH"},{"floor":15,"key":"REST"},{"floor":23,"key":"REST"},{"data":"Neutralize","floor":29,"key":"SMITH"},{"data":"Skewer","floor":32,"key":"SMITH"}],"circlet_count":0,"master_deck":["Strike_G","Strike_G","Strike_G","Strike_G","Strike_G","Defend_G","Defend_G","Defend_G","Defend_G","Defend_G","Survivor","Neutralize+1","Bouncing Flask+1","Corpse Explosion+1","Phantasmal Killer+1","Predator+1","Backflip+1","Masterful Stab+1","Skewer+1","Crippling Poison+1"],"relics":["Ring of the Snake","NeowsBlessing","Dead Branch","Bottled Lightning","Eternal Feather","StrikeDummy","Astrolabe","Paper Crane","Pen Nib","StoneCalendar"],"acts_visited":["Exordium","TheCity"],"potions_floor_usage":[22,25,27,27],"damage_taken":[{"damage":0,"enemies":"2 Louse","floor":1,"turns":1},{"damage":0,"enemies":"Small Slimes","floor":2,"turns":1},{"damage":0,"enemies":"3 Sentries","floor":7,"turns":2},{"damage":0,"enemies":"Cultist","floor":8,"turns":3},{"damage":26,"enemies":"Gremlin Nob","floor":12,"turns":4},{"damage":1,"enemies":"Looter","floor":13,"turns":3},{"damage":27,"enemies":"Slime Boss","floor":16,"turns":6},{"damage":24,"enemies":"Shell Parasite","floor":18,"turns":10},{"damage":5,"enemies":"Chosen","floor":19,"turns":4},{"damage":27,"enemies":"3 Cultists","floor":22,"turns":5},{"damage":0,"enemies":"Snake Plant","floor":25,"turns":2},{"damage":2,"enemies":"Chosen and Byrds","floor":27,"turns":5},{"damage":5,"enemies":"Centurion and Healer","floor":31,"turns":5},{"damage":46,"enemies":"Automaton","floor":33,"turns":10}],"seed_played":"-1007633947823674078","potions_obtained":[{"floor":2,"key":"SpeedPotion"},{"floor":12,"key":"Poison Potion"},{"floor":13,"key":"EssenceOfSteel"},{"floor":22,"key":"Weak Potion"},{"floor":24,"key":"DuplicationPotion"}],"is_trial":false,"path_per_floor":["M","M","?","?","$","R","E","M","T","R","?","E","M","T","R","B",null,"M","M","?","$","M","R","?","M","T","M","$","R","$","M","R","B"],"character_chosen":"THE_SILENT","items_purchased":["Paper Crane","Pen Nib","Skewer"],"campfire_rested":2,"item_purchase_floors":[21,21,30],"current_hp_per_floor":[70,70,70,70,70,70,70,70,70,70,59,33,32,32,62,35,70,46,41,41,41,14,44,44,44,44,42,42,51,51,46,58,12,12],"gold":28,"neow_bonus":"THREE_ENEMY_KILL","is_daily":false,"chose_seed":false,"campfire_upgraded":4,"win_rate":0.0,"timestamp":1611598291,"path_taken":["M","M","?","?","$","R","E","?","T","R","?","E","M","?","R","BOSS","M","M","?","$","?","R","?","M","T","M","?","R","$","M","R","BOSS"],"items_purchased_type":["Relic","Relic","Card"],"build_version":"2020-12-22","purchased_purges":1,"victory":false,"max_hp_per_floor":[70,70,70,70,70,70,70,70,70,70,70,70,70,70,70,70,70,70,70,70,70,70,70,70,70,70,70,70,70,70,70,70,70,70],"card_choices":[{"not_picked":["Dagger Throw","Footwork"],"picked":"Cloak And Dagger","floor":1},{"not_picked":["Blade Dance","Flying Knee"],"picked":"Bouncing Flask","floor":2},{"not_picked":["Terror","Dagger Spray","Caltrops"],"picked":"SKIP","floor":7},{"not_picked":["Expertise","Outmaneuver","Poisoned Stab"],"picked":"SKIP","floor":8},{"not_picked":["Terror","Flying Knee"],"picked":"Slice","floor":12},{"not_picked":["Outmaneuver","A Thousand Cuts","Backflip"],"picked":"SKIP","floor":13},{"not_picked":["Tools of the Trade","Venomology"],"picked":"Doppelganger","floor":16},{"not_picked":["Crippling Poison","Escape Plan"],"picked":"Masterful Stab+1","floor":18},{"not_picked":["Deflect","Underhanded Strike","Backflip+1"],"picked":"SKIP","floor":19},{"not_picked":["Deadly Poison","Dagger Throw","Blade Dance"],"picked":"SKIP","floor":22},{"not_picked":["Outmaneuver+1","Dagger Throw","Catalyst"],"picked":"SKIP","floor":25},{"not_picked":["Poisoned Stab","Riddle With Holes","Infinite Blades"],"picked":"SKIP","floor":27},{"not_picked":["Acrobatics","Backflip"],"picked":"Crippling Poison+1","floor":31}],"player_experience":244975,"relics_obtained":[{"floor":7,"key":"Bottled Lightning"},{"floor":9,"key":"Eternal Feather"},{"floor":12,"key":"StrikeDummy"},{"floor":26,"key":"StoneCalendar"}],"event_choices":[{"damage_healed":0,"gold_gain":0,"player_choice":"Box","damage_taken":0,"relics_obtained":["Dead Branch"],"max_hp_gain":0,"max_hp_loss":0,"event_name":"Big Fish","floor":3,"gold_loss":0,"cards_obtained":["Regret"]},{"damage_healed":0,"gold_gain":0,"player_choice":"1 cards matched","damage_taken":0,"max_hp_gain":0,"max_hp_loss":0,"event_name":"Match and Keep!","floor":4,"gold_loss":0,"cards_obtained":["Corpse Explosion"]},{"damage_healed":0,"gold_gain":75,"player_choice":"Gather Gold","damage_taken":11,"max_hp_gain":0,"max_hp_loss":0,"event_name":"World of Goop","floor":11,"gold_loss":0},{"damage_healed":0,"gold_gain":0,"player_choice":"Ignored","damage_taken":0,"max_hp_gain":0,"max_hp_loss":0,"event_name":"N\u0027loth","floor":20,"gold_loss":0},{"damage_healed":0,"gold_gain":0,"player_choice":"Got Potions","damage_taken":0,"max_hp_gain":0,"max_hp_loss":0,"event_name":"Lab","floor":24,"gold_loss":0}],"is_beta":false,"boss_relics":[{"not_picked":["WristBlade","Pandora\u0027s Box"],"picked":"Astrolabe"}],"items_purged_floors":[5],"is_endless":false,"potions_floor_spawned":[2,12,13,18,22],"killed_by":"Automaton","ascension_level":1}}