{"host":"iqi2f1z1yw5mc6j3","time":1611598515,"event":{"mods":["AchievementEnabler","BaseMod","Colored Powertips","Minty Spire (QoL Compilation)","Quick Restart","Replay The Spire","StSLib","The Cursed","The Hierophant","The Wild Card"],"gold_per_floor":[118,137,152,152,164,199,199,224,247,247,307,307,320,34,34,138,138,156,11,11,24,24,24,39,39,119,135,35,35,64,79,79,178,178,196,196,196,37,52,78,91,91,91,91,121,121,121,134,134,134],"floor_reached":51,"language":"ENG","playtime":4074,"items_purged":["Strike_R","Defend_R","Strike_R"],"score":683,"play_id":"45115369-025a-4b22-ad4e-5266cb4be077","local_time":"20210125131515","is_ascension_mode":false,"campfire_choices":[{"data":"ReplayTheSpireMod:LeadingStrike","floor":7,"key":"SMITH"},{"floor":10,"key":"REST"},{"data":"Clothesline","floor":12,"key":"SMITH"},{"data":"Shrug It Off","floor":15,"key":"SMITH"},{"data":"Double Tap","floor":23,"key":"SMITH"},{"floor":25,"key":"REST"},{"data":"Uppercut","floor":32,"key":"SMITH"},{"data":"Rage","floor":42,"key":"SMITH"},{"data":"Infernal Blade","floor":46,"key":"SMITH"},{"floor":49,"key":"REST"}],"circlet_count":0,"master_deck":["Strike_R","Strike_R","Strike_R","Defend_R","Bash","Run Through","Cleave","Clash+1","ReplayTheSpireMod:LeadingStrike+1","Iron Wave+1","Anger","Run Through","Battle Trance","Clothesline+1","Ghostly Armor","Shrug It Off+1","Uppercut+1","Replay:Parry","Double Tap+1","Armaments+1","Sword Boomerang+1","Shrug It Off+1","Ghostly Armor","Intimidate+1","Reaper","Infernal Blade+1","Headbutt+1","Rage+1","Flex+1","Thunderclap+1","Sword Boomerang+1"],"relics":["Burning Blood","Pen Nib","Happy Flower","Bag of Marbles","Whetstone","Velvet Choker","Lantern","Shuriken","Strawberry","StoneCalendar","Snecko Eye","ReplayFunnel","Centennial Puzzle","Toxic Egg 2","Juzu Bracelet"],"acts_visited":["Exordium","TheCity","TheBeyond"],"potions_floor_usage":[6,8,16,33,40,45,47,48,50,50],"damage_taken":[{"damage":0,"enemies":"Small Slimes","floor":1,"turns":3},{"damage":0,"enemies":"Cultist","floor":2,"turns":2},{"damage":6,"enemies":"Jaw Worm","floor":3,"turns":2},{"damage":9,"enemies":"Gremlin Gang","floor":5,"turns":4},{"damage":22,"enemies":"3 Sentries","floor":6,"turns":6},{"damage":15,"enemies":"Gremlin Nob","floor":8,"turns":4},{"damage":0,"enemies":"Gremlin Nob","floor":11,"turns":2},{"damage":0,"enemies":"Looter","floor":13,"turns":1},{"damage":52,"enemies":"Fading Forest","floor":16,"turns":11},{"damage":3,"enemies":"3 Byrds","floor":18,"turns":4},{"damage":2,"enemies":"2 Thieves","floor":21,"turns":4},{"damage":29,"enemies":"Sentry and Sphere","floor":24,"turns":5},{"damage":6,"enemies":"Snecko","floor":27,"turns":3},{"damage":19,"enemies":"Slavers","floor":30,"turns":5},{"damage":0,"enemies":"3 Cultists","floor":31,"turns":4},{"damage":23,"enemies":"Automaton","floor":33,"turns":7},{"damage":21,"enemies":"3 Shapes","floor":35,"turns":3},{"damage":0,"enemies":"Orb Walker","floor":39,"turns":2},{"damage":11,"enemies":"Nemesis","floor":40,"turns":5},{"damage":2,"enemies":"Sphere and 2 Shapes","floor":41,"turns":4},{"damage":8,"enemies":"Giant Head","floor":45,"turns":7},{"damage":19,"enemies":"Jaw Worm Horde","floor":48,"turns":4},{"damage":30,"enemies":"Donu and Deca","floor":50,"turns":8}],"seed_played":"532539216553694299","potions_obtained":[{"floor":5,"key":"Fire Potion"},{"floor":6,"key":"Explosive Potion"},{"floor":11,"key":"ColorlessPotion"},{"floor":31,"key":"Explosive Potion"},{"floor":35,"key":"Elixir"},{"floor":40,"key":"Flashbang"},{"floor":47,"key":"Languid Potion"},{"floor":47,"key":"EntropicBrew"},{"floor":48,"key":"LifebloodPotion"}],"is_trial":false,"path_per_floor":["M","M","M","?","M","E","R","E","T","R","?","R","M","$","R","B",null,"M","$","?","M","?","R","M","R","T","M","$","?","E","M","R","B",null,"M","?","?","$","M","E","M","R","T","T","E","R","?","M","R","B",null],"character_chosen":"IRONCLAD","items_purchased":["Shrug It Off","Uppercut","Replay:Parry","Lantern","Infernal Blade"],"campfire_rested":3,"item_purchase_floors":[14,14,14,19,38],"current_hp_per_floor":[80,80,80,80,77,61,61,52,52,76,80,80,80,80,80,34,80,80,80,80,80,80,80,57,80,80,80,80,87,74,80,80,63,87,72,72,72,72,78,78,82,82,82,82,83,83,83,76,83,68],"gold":134,"neow_bonus":"THREE_CARDS","is_daily":false,"chose_seed":false,"campfire_upgraded":7,"win_rate":0.0,"timestamp":1611598515,"path_taken":["M","M","M","?","?","E","R","E","T","R","?","R","M","$","R","BOSS","M","$","?","?","?","R","M","R","T","M","$","?","E","M","R","BOSS","M","?","?","$","M","E","M","R","T","?","E","R","?","M","R","BOSS"],"items_purchased_type":["Card","Card","Card","Relic","Card"],"build_version":"2020-12-22","purchased_purges":3,"victory":true,"max_hp_per_floor":[80,80,80,80,80,80,80,80,80,80,80,80,80,80,80,80,80,80,80,80,80,80,80,80,80,80,80,80,87,87,87,87,87,87,87,83,83,83,83,83,83,83,83,83,83,83,83,83,83,83],"card_choices":[{"not_picked":["Rampage","Pommel Strike"],"picked":"Run Through","floor":0},{"not_picked":["Replay:Undeath\u0027s Touch","Clothesline"],"picked":"Cleave","floor":1},{"not_picked":["Pommel Strike","Dropkick"],"picked":"Clash","floor":2},{"not_picked":["Massacre","Pummel"],"picked":"ReplayTheSpireMod:LeadingStrike","floor":3},{"not_picked":["Replay:Undeath\u0027s Touch","Dropkick"],"picked":"Anger","floor":5},{"not_picked":["Entrench","Sword Boomerang"],"picked":"Run Through","floor":6},{"not_picked":["Replay:Many Hands","Infernal Blade"],"picked":"Battle Trance","floor":8},{"not_picked":["Wild Strike","Body Slam"],"picked":"Clothesline","floor":11},{"not_picked":["Body Slam","Perfected Strike"],"picked":"Ghostly Armor","floor":13},{"not_picked":["Berserk","Demon Form"],"picked":"Double Tap","floor":16},{"not_picked":["Dropkick","True Grit"],"picked":"Armaments","floor":18},{"not_picked":["Power Through","Fire Breathing+1"],"picked":"Sword Boomerang+1","floor":21},{"not_picked":["Headbutt+1","Run Through"],"picked":"Shrug It Off+1","floor":24},{"not_picked":["Run Through","Replay:Undeath\u0027s Touch","Burning Pact"],"picked":"SKIP","floor":27},{"not_picked":["Replay:Many Hands","Barricade"],"picked":"Ghostly Armor","floor":30},{"not_picked":["Sever Soul","Cleave"],"picked":"Intimidate+1","floor":31},{"not_picked":["Replay:Many Hands","Feed"],"picked":"Reaper","floor":33},{"not_picked":["Cleave","Run Through","Armaments+1"],"picked":"SKIP","floor":35},{"not_picked":["Wild Strike+1","Armaments+1"],"picked":"Headbutt+1","floor":39},{"not_picked":["Flex+1","Brutality"],"picked":"Rage","floor":40},{"not_picked":["Headbutt+1","Battle Trance+1"],"picked":"Flex+1","floor":41},{"not_picked":["Dark Embrace","Intimidate+1"],"picked":"Thunderclap+1","floor":45},{"not_picked":["Thunderclap","Run Through"],"picked":"Sword Boomerang+1","floor":48}],"player_experience":65209,"relics_obtained":[{"floor":6,"key":"Pen Nib"},{"floor":8,"key":"Happy Flower"},{"floor":9,"key":"Bag of Marbles"},{"floor":11,"key":"Whetstone"},{"floor":26,"key":"Shuriken"},{"floor":30,"key":"StoneCalendar"},{"floor":40,"key":"ReplayFunnel"},{"floor":43,"key":"Centennial Puzzle"},{"floor":44,"key":"Toxic Egg 2"},{"floor":45,"key":"Juzu Bracelet"}],"event_choices":[{"cards_removed":["Defend_R"],"damage_healed":0,"gold_gain":0,"player_choice":"Took Card","damage_taken":0,"max_hp_gain":0,"max_hp_loss":0,"event_name":"NoteForYourself","floor":4,"gold_loss":0,"cards_obtained":["Iron Wave"]},{"damage_healed":0,"gold_gain":0,"player_choice":"Searched \u00272\u0027 times","damage_taken":0,"max_hp_gain":0,"max_hp_loss":0,"event_name":"Dead Adventurer","floor":11,"gold_loss":0},{"damage_healed":0,"gold_gain":0,"player_choice":"Forge","damage_taken":0,"max_hp_gain":0,"max_hp_loss":0,"event_name":"Accursed Blacksmith","floor":20,"gold_loss":0,"cards_upgraded":["Armaments"]},{"damage_healed":0,"gold_gain":0,"player_choice":"Ignored","damage_taken":0,"max_hp_gain":0,"max_hp_loss":0,"event_name":"Ghosts","floor":22,"gold_loss":0},{"damage_healed":0,"gold_gain":0,"player_choice":"Opened","damage_taken":0,"relics_obtained":["Strawberry"],"max_hp_gain":0,"max_hp_loss":0,"event_name":"The Mausoleum","floor":29,"gold_loss":0},{"damage_healed":0,"gold_gain":0,"player_choice":"Max HP","damage_taken":0,"max_hp_gain":0,"max_hp_loss":4,"event_name":"Winding Halls","floor":36,"gold_loss":0},{"cards_removed":["Defend_R"],"damage_healed":0,"gold_gain":0,"player_choice":"Removed Skill","damage_taken":0,"max_hp_gain":0,"max_hp_loss":0,"event_name":"Falling","floor":37,"gold_loss":0},{"damage_healed":0,"gold_gain":0,"player_choice":"Got Potions","damage_taken":0,"max_hp_gain":0,"max_hp_loss":0,"event_name":"Lab","floor":47,"gold_loss":0}],"is_beta":false,"boss_relics":[{"not_picked":["Replay:Wanted Poster","ReplayTheSpireMod:DimensionalGlitch"],"picked":"Velvet Choker"},{"not_picked":["Calling Bell","SlaversCollar"],"picked":"Snecko Eye"}],"items_purged_floors":[14,28,38],"is_endless":false,"potions_floor_spawned":[5,6,11,31,35,40,48],"ascension_level":0}}