{"host":"22s5scuj7mu87reg","time":1611614313,"event":{"mods":["BaseMod","Better Third Choice","CapriCore","Colored Powertips","Dota2Spire","Downfall","Duelist Mod","GungeonMod","Halation","Hubris","Infinite Spire","Koishi","KomeijiMod","Minty Spire (QoL Compilation)","Quick Restart","Replay The Spire","Shop Mod","StSLib","SuperFastMode","The Jungle","The Mystic","The Necromancer","Wandering Minibosses"],"gold_per_floor":[109,109,109,129,129,159,175,188,235,249,249,121,121,131,131,232,232,243,308,308,308,321,321,321],"floor_reached":23,"language":"POL","playtime":548,"items_purged":["Strike_B","Strike_B"],"score":313,"play_id":"6d3a450d-39d8-476b-a721-423e4918f1d1","local_time":"20210125233833","is_ascension_mode":true,"campfire_choices":[{"data":"Streamline","floor":15,"key":"SMITH"}],"circlet_count":0,"master_deck":["Strike_B","Strike_B","Defend_B","Defend_B","Defend_B","Defend_B","Zap","Dualcast","Self Repair+1","Streamline","Pain","Rebound","Crystallizer+1","ReplayGash","Streamline+1","Redo","Conserve Battery","Buffer","Go for the Eyes","Turbo+1"],"relics":["Cracked Core","NeowsBlessing","halation:PinkSoulGem","WarpedTongs","infinitespire:CheckeredPen","halation:AfternoonTea","DemoMod:Metronome","SlaversCollar","DemoMod:GlassGuonStoneRelic","Smiling Mask","hubris:BundleOfHerbs"],"acts_visited":["Exordium","TheCity"],"potions_floor_usage":[],"damage_taken":[{"damage":0,"enemies":"Jaw Worm","floor":1,"turns":1},{"damage":0,"enemies":"2 Louse","floor":4,"turns":1},{"damage":1,"enemies":"Replay:BlueRogue","floor":6,"turns":1},{"damage":22,"enemies":"infinitespire:Voidling","floor":7,"turns":3},{"damage":3,"enemies":"2 Fungi Beasts","floor":8,"turns":2},{"damage":10,"enemies":"Blue Slaver","floor":10,"turns":3},{"damage":10,"enemies":"Looter","floor":14,"turns":2},{"damage":37,"enemies":"Slime Boss","floor":16,"turns":4},{"damage":55,"enemies":"3 Byrds","floor":18,"turns":5},{"damage":0,"enemies":"2 Thieves","floor":22,"turns":1},{"damage":14,"enemies":"Sentry and Sphere","floor":23,"turns":2}],"seed_played":"-4391075761230296850","potions_obtained":[{"floor":6,"key":"AttackPotion"},{"floor":8,"key":"Elixir"},{"floor":10,"key":"Swift Potion"},{"floor":19,"key":"Explosive Potion"}],"is_trial":false,"path_per_floor":["M","?","?","M","?","E","M","M","T","M","?","$","?","M","R","B",null,"M","?","?","AVR","M","M"],"character_chosen":"DEFECT","items_purchased":["Redo"],"campfire_rested":0,"item_purchase_floors":[12],"current_hp_per_floor":[68,68,68,68,68,67,55,62,62,62,62,62,62,62,62,35,65,20,20,14,14,14,0,0],"gold":321,"neow_bonus":"THREE_ENEMY_KILL","is_daily":false,"chose_seed":false,"campfire_upgraded":1,"win_rate":0.0,"timestamp":1611614313,"path_taken":["M","?","?","M","?","E","?","M","T","M","?","$","?","M","R","BOSS","M","?","?","AVR","M","?"],"items_purchased_type":["Card"],"build_version":"2020-12-13","purchased_purges":2,"victory":false,"max_hp_per_floor":[75,75,75,75,75,75,75,75,75,75,75,75,75,75,75,75,75,75,75,75,75,75,75,75],"card_choices":[{"not_picked":["Time Bomb","Sweeping Beam"],"picked":"Self Repair","floor":1},{"not_picked":["Gash","BasicCrystalCard"],"picked":"Streamline","floor":4},{"not_picked":["Force Field","Time Bomb"],"picked":"Rebound","floor":6},{"not_picked":["Go for the Eyes","Thunder Strike"],"picked":"Crystallizer","floor":7},{"not_picked":["Loop","Sweeping Beam"],"picked":"ReplayGash","floor":8},{"not_picked":["Redo","Ball Lightning"],"picked":"Streamline","floor":10},{"not_picked":["Redo","Leap"],"picked":"Conserve Battery","floor":14},{"not_picked":["Electrodynamics","Meteor Strike"],"picked":"Buffer","floor":16},{"not_picked":["Sweeping Beam","Beam Cell"],"picked":"Go for the Eyes","floor":18},{"not_picked":["Stack","Beam Cell"],"picked":"Turbo+1","floor":19},{"not_picked":["Leap","Redo","Barrage"],"picked":"SKIP","floor":22}],"player_experience":181735,"relics_obtained":[{"floor":6,"key":"infinitespire:CheckeredPen"},{"floor":9,"key":"halation:AfternoonTea"},{"floor":13,"key":"DemoMod:Metronome"},{"floor":19,"key":"Smiling Mask"}],"event_choices":[{"damage_healed":0,"gold_gain":0,"player_choice":"Grow","damage_taken":0,"max_hp_gain":0,"max_hp_loss":0,"event_name":"Living Wall","floor":2,"gold_loss":0,"cards_upgraded":["Self Repair"]},{"damage_healed":0,"gold_gain":0,"player_choice":"Rummage","damage_taken":0,"relics_obtained":["WarpedTongs"],"max_hp_gain":0,"max_hp_loss":0,"event_name":"Accursed Blacksmith","floor":5,"gold_loss":0,"cards_obtained":["Pain"]},{"damage_healed":0,"gold_gain":0,"player_choice":"","damage_taken":6,"max_hp_gain":0,"max_hp_loss":0,"event_name":"Knowing Skull","floor":20,"potions_obtained":[],"gold_loss":0,"cards_obtained":[]}],"is_beta":false,"boss_relics":[{"not_picked":["Empty Cage","Runic Dome"],"picked":"SlaversCollar"}],"items_purged_floors":[12,21],"is_endless":false,"potions_floor_spawned":[6,8,10,16,22],"killed_by":"Sentry and Sphere","ascension_level":9}}