{"host":"zk71suw73lg2r165","time":1611592147,"event":{"mods":["BaseMod","Colored Map","Minty Spire (QoL Compilation)","Permanent Neow","Relic Stats","StSLib"],"gold_per_floor":[19,31,47,59,76,111,111,124,124,274,299,299,299,299],"floor_reached":13,"language":"ENG","playtime":410,"items_purged":[],"score":194,"play_id":"7a50983c-abc3-40ab-b00d-77478ab2f3b0","local_time":"20210125112907","is_ascension_mode":true,"campfire_choices":[{"floor":7.0,"key":"REST"},{"data":"Dual Wield","floor":12.0,"key":"SMITH"}],"circlet_count":0,"master_deck":["AscendersBane","Strike_R","Strike_R","Strike_R","Strike_R","Strike_R","Defend_R","Defend_R","Defend_R","Defend_R","Bash","Feed","Feel No Pain","Cleave","Pommel Strike","Dual Wield+1","Ghostly Armor","Perfected Strike","Corruption","Doubt","Feel No Pain"],"relics":["Burning Blood","Tiny Chest","Nunchaku","Calipers"],"acts_visited":["Exordium"],"potions_floor_usage":[13],"damage_taken":[{"damage":0.0,"enemies":"Small Slimes","floor":1.0,"turns":2.0},{"damage":11.0,"enemies":"Jaw Worm","floor":2.0,"turns":6.0},{"damage":0.0,"enemies":"2 Louse","floor":3.0,"turns":3.0},{"damage":12.0,"enemies":"Looter","floor":4.0,"turns":4.0},{"damage":22.0,"enemies":"Gremlin Gang","floor":5.0,"turns":4.0},{"damage":60.0,"enemies":"Gremlin Nob","floor":6.0,"turns":5.0},{"damage":15.0,"enemies":"2 Fungi Beasts","floor":8.0,"turns":4.0},{"damage":44.0,"enemies":"Lagavulin","floor":11.0,"turns":9.0},{"damage":46,"enemies":"Gremlin Nob","floor":13,"turns":4}],"seed_played":"1133953075191755835","potions_obtained":[{"floor":1.0,"key":"Weak Potion"},{"floor":3.0,"key":"BloodPotion"},{"floor":6.0,"key":"EntropicBrew"},{"floor":8.0,"key":"Regen Potion"}],"is_trial":false,"path_per_floor":["M","M","M","M","M","E","R","M","T","?","E","R","E"],"character_chosen":"IRONCLAD","items_purchased":[],"campfire_rested":1,"item_purchase_floors":[],"current_hp_per_floor":[77,75,84,78,65,11,37,49,49,49,29,29,0,0],"gold":299,"neow_bonus":"THREE_RARE_CARDS","is_daily":false,"chose_seed":false,"campfire_upgraded":1,"win_rate":0.0,"timestamp":1611592147,"path_taken":["M","M","M","M","M","E","R","M","T","?","E","R","E"],"items_purchased_type":[],"build_version":"2020-12-22","purchased_purges":0,"victory":false,"max_hp_per_floor":[78,81,84,84,87,87,87,90,90,90,93,93,93,93],"relic_stats":{"Nunchaku":[2],"counters":[9,41],"Tiny Chest":0,"obtain_stats":[{"Nunchaku":9,"Calipers":11,"Tiny Chest":6,"Burning Blood":0},{"Nunchaku":7,"Calipers":8,"Tiny Chest":6,"Burning Blood":0},{"Nunchaku":28,"Calipers":37,"Tiny Chest":24,"Burning Blood":0}],"Burning Blood":48},"card_choices":[{"not_picked":["Exhume","Fiend Fire"],"picked":"Feed","floor":0.0},{"not_picked":["Thunderclap","Rage"],"picked":"Feel No Pain","floor":1.0},{"not_picked":["Wild Strike","Thunderclap"],"picked":"Cleave","floor":2.0},{"not_picked":["Twin Strike","Disarm"],"picked":"Pommel Strike","floor":3.0},{"not_picked":["Perfected Strike","Inflame"],"picked":"Dual Wield","floor":4.0},{"not_picked":["Flex","Battle Trance"],"picked":"Ghostly Armor","floor":5.0},{"not_picked":["Havoc","Inflame"],"picked":"Perfected Strike","floor":6.0},{"not_picked":["Disarm","Carnage"],"picked":"Corruption","floor":8.0},{"not_picked":["Twin Strike","Perfected Strike"],"picked":"Feel No Pain","floor":11.0}],"player_experience":1366994,"relics_obtained":[{"floor":6.0,"key":"Tiny Chest"},{"floor":9.0,"key":"Nunchaku"},{"floor":11.0,"key":"Calipers"}],"event_choices":[{"damage_healed":0.0,"max_hp_gain":0.0,"max_hp_loss":0.0,"gold_gain":150.0,"event_name":"Liars Game","player_choice":"AGREE","floor":10.0,"gold_loss":0.0,"damage_taken":0.0,"cards_obtained":["Doubt"]}],"is_beta":false,"boss_relics":[],"items_purged_floors":[],"is_endless":false,"potions_floor_spawned":[1,3,6,8],"killed_by":"Gremlin Nob","ascension_level":20}}