{"host":"qxeepl7ydvsgmfdb","time":1611580945,"event":{"mods":["AchievementEnabler","BaseMod","Colored Powertips","Minty Spire (QoL Compilation)","Quick Restart","slay the spire mod where everything is the same but ironclad has a cowboy hat"],"gold_per_floor":[109,109,109,109,128,128,161,161,161,161,181,35,35,55,55,181,244,264,264,289,119,140,140,140,140],"floor_reached":24,"language":"ENG","playtime":895,"items_purged":["Strike_G"],"score":336,"play_id":"d155f914-d7bc-41e0-8240-192a1f22ba72","local_time":"20210125082225","is_ascension_mode":true,"campfire_choices":[{"data":"Deflect","floor":6.0,"key":"SMITH"},{"data":"Poisoned Stab","floor":8.0,"key":"SMITH"},{"data":"Neutralize","floor":10.0,"key":"SMITH"},{"floor":15.0,"key":"REST"},{"data":"Phantasmal Killer","floor":23.0,"key":"SMITH"}],"circlet_count":0,"master_deck":["AscendersBane","Strike_G+1","Strike_G","Defend_G","Defend_G","Defend_G","Defend_G","Defend_G","Survivor","Neutralize+1","Deflect+1","Poisoned Stab+1","Noxious Fumes","Distraction","After Image","Phantasmal Killer+1","Blade Dance","Corpse Explosion"],"relics":["Ring of the Snake","NeowsBlessing","Torii","Paper Crane","Golden Idol","Tiny House","Nunchaku"],"acts_visited":["Exordium","TheCity"],"potions_floor_usage":[24],"damage_taken":[{"damage":0.0,"enemies":"Small Slimes","floor":1.0,"turns":1.0},{"damage":0.0,"enemies":"Cultist","floor":5.0,"turns":1.0},{"damage":0.0,"enemies":"3 Sentries","floor":7.0,"turns":2.0},{"damage":1.0,"enemies":"2 Louse","floor":11.0,"turns":4.0},{"damage":11.0,"enemies":"2 Fungi Beasts","floor":14.0,"turns":5.0},{"damage":5.0,"enemies":"The Guardian","floor":16.0,"turns":12.0},{"damage":18.0,"enemies":"2 Thieves","floor":18.0,"turns":5.0},{"damage":13.0,"enemies":"Spheric Guardian","floor":22.0,"turns":4.0},{"damage":61,"enemies":"Slavers","floor":24,"turns":4}],"seed_played":"6276772722403796917","potions_obtained":[{"floor":7.0,"key":"EssenceOfSteel"},{"floor":14.0,"key":"Weak Potion"}],"is_trial":false,"path_per_floor":["M","$","?","?","M","R","E","R","T","R","M","$","?","M","R","B",null,"M","?","T","$","M","R","E"],"character_chosen":"THE_SILENT","items_purchased":["Noxious Fumes","Distraction","Fruit Juice"],"campfire_rested":1,"item_purchase_floors":[12,12,21],"current_hp_per_floor":[63,63,56,56,56,56,56,56,56,56,55,55,38,27,48,43,68,50,50,50,55,42,42,0,0],"gold":140,"neow_bonus":"THREE_ENEMY_KILL","is_daily":false,"chose_seed":false,"campfire_upgraded":4,"win_rate":0.0,"timestamp":1611580945,"path_taken":["M","$","?","?","?","R","E","R","T","R","M","?","?","M","R","BOSS","M","?","?","$","M","R","E"],"items_purchased_type":["Card","Card","Potion"],"build_version":"2020-12-22","purchased_purges":1,"victory":false,"max_hp_per_floor":[70,70,70,70,70,70,70,70,70,70,70,70,70,70,70,70,75,75,75,75,80,80,80,80,80],"card_choices":[{"not_picked":["Sucker Punch","Infinite Blades","Acrobatics"],"picked":"SKIP","floor":1.0},{"not_picked":["Quick Slash","Escape Plan"],"picked":"Deflect","floor":5.0},{"not_picked":["Deadly Poison","Prepared"],"picked":"Poisoned Stab","floor":7.0},{"not_picked":["Backflip","Quick Slash","Prepared"],"picked":"SKIP","floor":11.0},{"not_picked":["Flying Knee","Tactician"],"picked":"After Image","floor":14.0},{"not_picked":["Glass Knife","Wraith Form v2"],"picked":"Phantasmal Killer","floor":16.0},{"not_picked":["Tactician","Backflip"],"picked":"Blade Dance","floor":17.0},{"not_picked":["Sucker Punch+1","Reflex","Dodge and Roll"],"picked":"SKIP","floor":18.0},{"not_picked":["Prepared","Setup+1","Acrobatics"],"picked":"SKIP","floor":22.0}],"player_experience":218907,"relics_obtained":[{"floor":7.0,"key":"Torii"},{"floor":9.0,"key":"Paper Crane"},{"floor":20.0,"key":"Nunchaku"}],"event_choices":[{"cards_removed":["Strike_G"],"damage_healed":0.0,"max_hp_gain":0.0,"max_hp_loss":0.0,"gold_gain":0.0,"event_name":"Golden Wing","player_choice":"Card Removal","floor":3.0,"gold_loss":0.0,"damage_taken":7.0},{"cards_removed":["Strike_G"],"damage_healed":0.0,"max_hp_gain":0.0,"max_hp_loss":0.0,"gold_gain":0.0,"event_name":"Bonfire Elementals","player_choice":"Offered Basic","floor":4.0,"gold_loss":0.0,"damage_taken":0.0},{"damage_healed":0.0,"max_hp_gain":0.0,"max_hp_loss":0.0,"gold_gain":0.0,"event_name":"Golden Idol","player_choice":"Take Damage","floor":13.0,"gold_loss":0.0,"damage_taken":17.0,"relics_obtained":["Golden Idol"]},{"damage_healed":0.0,"max_hp_gain":0.0,"max_hp_loss":0.0,"gold_gain":0.0,"event_name":"The Library","player_choice":"Read","floor":19.0,"gold_loss":0.0,"damage_taken":0.0,"cards_obtained":["Corpse Explosion"]}],"is_beta":false,"boss_relics":[{"not_picked":["Fusion Hammer","Cursed Key"],"picked":"Tiny House"}],"items_purged_floors":[21],"is_endless":false,"potions_floor_spawned":[7,14,16],"killed_by":"Slavers","ascension_level":11}}