{"host":"srk2drlvga69hbot","time":1611586870,"event":{"mods":["BaseMod","Bestiary","Block Reminder","Colored Map","Colored Powertips","Dark Map","DeckTracker","Highlight Path","Minty Spire (QoL Compilation)","Quick Restart","Rare Cards Sparkle","Relic Stats","SuperFastMode","Unceasing Turn Reminder"],"gold_per_floor":[110,110,110,110,180,180,75,200,200,228,228,338,388,411,411,411,411],"floor_reached":16,"language":"ZHS","playtime":417,"items_purged":[],"score":101,"play_id":"69edd639-f9e2-4ad1-a09c-33a071eaa7e9","local_time":"20210125230110","is_ascension_mode":true,"campfire_choices":[{"data":"Dramatic Entrance","floor":6,"key":"SMITH"},{"data":"Streamline","floor":11,"key":"SMITH"},{"floor":15,"key":"REST"}],"circlet_count":0,"master_deck":["Strike_B","Strike_B","Strike_B","Defend_B","Defend_B","Defend_B","Defend_B","Zap","Dualcast","Dramatic Entrance+1","Streamline+1","Skim","Self Repair","Lockon"],"relics":["Cracked Core","SsserpentHead","Vajra","Ornamental Fan","Matryoshka","CaptainsWheel","Golden Idol"],"acts_visited":["Exordium"],"potions_floor_usage":[],"damage_taken":[{"damage":11,"enemies":"Jaw Worm","floor":1,"turns":2},{"damage":0,"enemies":"2 Louse","floor":5,"turns":2},{"damage":13,"enemies":"3 Sentries","floor":10,"turns":5},{"damage":18,"enemies":"Gremlin Nob","floor":12,"turns":4},{"damage":0,"enemies":"Cultist","floor":14,"turns":3},{"damage":45,"enemies":"The Guardian","floor":16,"turns":9}],"seed_played":"8692322025698810912","potions_obtained":[{"floor":5,"key":"FearPotion"},{"floor":10,"key":"Energy Potion"},{"floor":14,"key":"LiquidMemories"}],"is_trial":false,"path_per_floor":["M","?","?","?","M","R","$","?","T","E","R","?","?","M","R","B"],"character_chosen":"DEFECT","items_purchased":["Vajra"],"campfire_rested":1,"item_purchase_floors":[7],"current_hp_per_floor":[64,64,57,57,57,57,57,46,46,33,33,15,15,22,42,0,0],"gold":411,"neow_bonus":"RANDOM_COLORLESS","is_daily":false,"chose_seed":false,"campfire_upgraded":2,"win_rate":0.0,"timestamp":1611586870,"path_taken":["M","?","?","?","?","R","?","?","T","E","R","?","?","M","R","BOSS"],"items_purchased_type":["Relic"],"build_version":"2020-12-22","purchased_purges":0,"victory":false,"max_hp_per_floor":[75,75,75,75,75,75,75,75,75,75,75,75,69,69,69,69,69],"relic_stats":{"SsserpentHead":250,"counters":[6,25],"Ornamental Fan":[12],"Golden Idol":5,"obtain_stats":[{"SsserpentHead":4,"CaptainsWheel":12,"Matryoshka":10,"Ornamental Fan":9,"Golden Idol":13,"Vajra":7,"Cracked Core":0},{"SsserpentHead":1,"CaptainsWheel":4,"Matryoshka":3,"Ornamental Fan":2,"Golden Idol":4,"Vajra":2,"Cracked Core":0},{"SsserpentHead":2,"CaptainsWheel":13,"Matryoshka":9,"Ornamental Fan":4,"Golden Idol":13,"Vajra":4,"Cracked Core":0}]},"card_choices":[{"not_picked":["Purity","Finesse"],"picked":"Dramatic Entrance","floor":0},{"not_picked":["Leap","Stack"],"picked":"Streamline","floor":1},{"not_picked":["Gash","Ball Lightning"],"picked":"Skim","floor":5},{"not_picked":["Sweeping Beam","Compile Driver","Steam"],"picked":"SKIP","floor":10},{"not_picked":["Reinforced Body","Compile Driver"],"picked":"Self Repair","floor":12},{"not_picked":["Ball Lightning","Leap"],"picked":"Lockon","floor":14}],"player_experience":260337,"relics_obtained":[{"floor":9,"key":"Ornamental Fan"},{"floor":10,"key":"Matryoshka"},{"floor":12,"key":"CaptainsWheel"}],"event_choices":[{"damage_healed":0,"gold_gain":0,"player_choice":"Ignored","damage_taken":0,"max_hp_gain":0,"max_hp_loss":0,"event_name":"Shining Light","floor":2,"gold_loss":0},{"cards_removed":["Strike_B"],"damage_healed":0,"gold_gain":0,"player_choice":"Card Removal","damage_taken":7,"max_hp_gain":0,"max_hp_loss":0,"event_name":"Golden Wing","floor":3,"gold_loss":0},{"damage_healed":0,"gold_gain":0,"player_choice":"Trade","damage_taken":0,"relics_obtained":["SsserpentHead"],"max_hp_gain":0,"max_hp_loss":0,"event_name":"FaceTrader","floor":4,"gold_loss":0},{"damage_healed":0,"gold_gain":75,"player_choice":"Gather Gold","damage_taken":11,"max_hp_gain":0,"max_hp_loss":0,"event_name":"World of Goop","floor":8,"gold_loss":0},{"damage_healed":0,"gold_gain":0,"player_choice":"Searched \u00271\u0027 times","damage_taken":0,"max_hp_gain":0,"max_hp_loss":0,"event_name":"Dead Adventurer","floor":12,"gold_loss":0},{"damage_healed":0,"gold_gain":0,"player_choice":"Lose Max HP","damage_taken":0,"relics_obtained":["Golden Idol"],"max_hp_gain":0,"max_hp_loss":6,"event_name":"Golden Idol","floor":13,"gold_loss":0}],"is_beta":false,"boss_relics":[],"items_purged_floors":[],"is_endless":false,"potions_floor_spawned":[5,10,14],"killed_by":"The Guardian","ascension_level":1}}