{"host":"u1da1lc0tpe6m2ba","time":1611601402,"event":{"mods":["AchievementEnabler","Act Like it!","BaseMod","BetterRewards","Card Forge","Colored Powertips","Gensokyo","Infinite Spire","Koishi","Marisa????????","Minty Spire (QoL Compilation)","Permanent Neow","Remilia??????","Shop Mod","StSLib","SuperFastMode","The Cursed","The Servant 0.9.4"],"gold_per_floor":[119,119,119,119,69,99,112,4291,4316,4316,4342,4354,4354,4384,4384,4479,4479,4490,4504,4524,4542,4457,4488,4488,3661,3661,3661,3671,3703,2555,2555,2555],"floor_reached":31,"language":"ENG","playtime":1654,"items_purged":[],"score":508,"play_id":"c71ce948-9784-447c-ab66-d087306599ba","local_time":"20210125190322","is_ascension_mode":true,"campfire_choices":[{"floor":10,"key":"REST"},{"floor":13,"key":"REST"},{"floor":15,"key":"RECALL"},{"floor":24,"key":"REST"}],"circlet_count":0,"master_deck":["Strike_S+1","Strike_S+1","Strike_S+1","Strike_S+1","Defend_S+1","Defend_S+1","Defend_S+1","Defend_S+1","KidneyShot+1","Exchange+1","Moonlight+1","Reset+1","Foresight+1","Comet+1","FlawlessForm+1","Panacea+1","Metamorphosis+1","Misdirection+1","Spin+1","GearUp+1","TrueSight+1","MurderousAura+1","DoubleEdge+1","Spin+1","Manipulate+1","RealityMarble+1","Dilation+1","TimeTheft+1","DualDimension+1","ShatteredReality+1","Alleviate+1","Luminosity+1","Duplication+1","Chrysalis+1","TimeTheft+1","Sunlight+1"],"relics":["Uniform","Hammer of Thor","Seething Fire","Anvil of the Gods","Ice Cream","Molten Egg 2","Frozen Egg 2","Toxic Egg 2","Ornamental Fan","OldScarf","Torii","Centennial Puzzle","infinitespire:Beetle Shell","Black Star","Fusion Hammer","Lantern","infinitespire:BottledMercury","Blue Candle","Nunchaku","Toolbox","PocketWatch","FossilizedHelix","HornCleat","Prayer Wheel","Tiny Chest","HandDrill","Matryoshka","Regal Pillow"],"acts_visited":["Exordium","TheCity"],"potions_floor_usage":[14],"damage_taken":[{"damage":6,"enemies":"Jaw Worm","floor":1,"turns":4},{"damage":6,"enemies":"Lagavulin","floor":6,"turns":8},{"damage":0,"enemies":"Small Slimes","floor":7,"turns":2},{"damage":2,"enemies":"3 Sentries","floor":11,"turns":7},{"damage":1,"enemies":"2 Louse","floor":12,"turns":2},{"damage":1,"enemies":"Lagavulin","floor":14,"turns":4},{"damage":0,"enemies":"Slime Boss","floor":16,"turns":7},{"damage":0,"enemies":"3 Byrds","floor":18,"turns":3},{"damage":0,"enemies":"Spheric Guardian","floor":19,"turns":3},{"damage":0,"enemies":"Snake Plant","floor":20,"turns":4},{"damage":0,"enemies":"Cultist and Chosen","floor":21,"turns":5},{"damage":36,"enemies":"Slavers","floor":23,"turns":3},{"damage":0,"enemies":"Shelled Parasite and Fungi","floor":28,"turns":6},{"damage":18,"enemies":"Gremlin Leader","floor":29,"turns":3},{"damage":20,"enemies":"Slavers","floor":31,"turns":1}],"seed_played":"8043259267268034904","potions_obtained":[{"floor":1,"key":"Weak Potion"},{"floor":14,"key":"AttackPotion"},{"floor":19,"key":"Fire Potion"}],"is_trial":false,"path_per_floor":["M","?","?","?","?","E","M","$","T","R","E","M","R","E","R","B",null,"M","M","M","M","?","E","R","$","T","?","M","E","$","E"],"character_chosen":"THE_SERVANT","items_purchased":["FlawlessForm+1","Torii","Panacea+1","Metamorphosis+1","Misdirection+1","Strength Potion","Toolbox","PocketWatch","FossilizedHelix","TimeTheft+1","DualDimension+1","Luminosity+1","Duplication+1","Chrysalis+1","TimeTheft+1","Sunlight+1","HandDrill","Matryoshka","Regal Pillow"],"campfire_rested":3,"item_purchase_floors":[8,8,8,8,8,8,25,25,25,25,25,30,30,30,30,30,30,30,30],"current_hp_per_floor":[59,59,59,59,59,53,53,53,53,65,63,62,65,64,64,64,65,65,65,65,65,65,29,48,48,48,37,37,19,19,0,0],"gold":2555,"neow_bonus":"THREE_CARDS","is_daily":false,"chose_seed":false,"campfire_upgraded":0,"win_rate":0.0,"timestamp":1611601402,"path_taken":["M","?","?","?","?","E","M","?","T","R","E","?","R","E","R","BOSS","M","M","M","M","?","E","R","$","T","?","M","E","?","E"],"items_purchased_type":["Card","Relic","Card","Card","Card","Potion","Relic","Relic","Relic","Card","Card","Card","Card","Card","Card","Card","Relic","Relic","Relic"],"build_version":"2020-12-22","purchased_purges":0,"victory":false,"max_hp_per_floor":[65,65,65,65,65,65,65,65,65,65,65,65,65,65,65,65,65,65,65,65,65,65,65,65,65,65,70,70,70,70,70,70],"card_choices":[{"not_picked":["Starlight","TimeWarp"],"picked":"Moonlight","floor":0},{"not_picked":["Replace+1","ShiftingGears+1"],"picked":"Reset+1","floor":1},{"not_picked":["Alleviate+1","FastForward+1"],"picked":"Foresight+1","floor":6},{"not_picked":["FanOfKnives+1","Unruled+1"],"picked":"Comet+1","floor":7},{"not_picked":["Potential+1","Misdirection+1"],"picked":"Spin+1","floor":11},{"not_picked":["Rearm+1","Alleviate+1"],"picked":"GearUp+1","floor":12},{"not_picked":["StarChef+1","Rewind+1"],"picked":"TrueSight+1","floor":14},{"not_picked":["LightFlow+1","Deny+1"],"picked":"MurderousAura+1","floor":16},{"not_picked":["FastForward+1","Reset+1"],"picked":"DoubleEdge+1","floor":18},{"not_picked":["Starlight+1","Unruled+1"],"picked":"Spin+1","floor":19},{"not_picked":["GearUp+1","TimeWarp+1"],"picked":"Manipulate+1","floor":20},{"not_picked":["Gouge+1","TimeWarp+1"],"picked":"RealityMarble+1","floor":21},{"not_picked":["Defy+1","Replace+1"],"picked":"Dilation+1","floor":23},{"not_picked":["Ricochet+1","FastForward+1"],"picked":"ShatteredReality+1","floor":28},{"not_picked":["Shuttle+1","Starlight+1"],"picked":"Alleviate+1","floor":29}],"player_experience":161249,"relics_obtained":[{"floor":6,"key":"OldScarf"},{"floor":11,"key":"Centennial Puzzle"},{"floor":14,"key":"infinitespire:Beetle Shell"},{"floor":23,"key":"Blue Candle"},{"floor":23,"key":"Nunchaku"},{"floor":26,"key":"HornCleat"},{"floor":29,"key":"Prayer Wheel"},{"floor":29,"key":"Tiny Chest"}],"event_choices":[{"damage_healed":0,"gold_gain":0,"player_choice":"Box","damage_taken":0,"relics_obtained":["Ornamental Fan"],"max_hp_gain":0,"max_hp_loss":0,"event_name":"Big Fish","floor":3,"gold_loss":0,"cards_obtained":["Regret"]},{"damage_healed":0,"gold_gain":0,"player_choice":"Ignored","damage_taken":0,"max_hp_gain":0,"max_hp_loss":0,"event_name":"Shining Light","floor":4,"gold_loss":0},{"cards_removed":["Regret"],"damage_healed":0,"gold_gain":0,"player_choice":"Card Removal","damage_taken":0,"max_hp_gain":0,"max_hp_loss":0,"event_name":"The Cleric","floor":5,"gold_loss":50},{"damage_healed":0,"gold_gain":0,"player_choice":"Obtained Relic","damage_taken":0,"relics_obtained":["infinitespire:BottledMercury"],"max_hp_gain":0,"max_hp_loss":0,"event_name":"Addict","floor":22,"gold_loss":85},{"damage_healed":0,"gold_gain":0,"player_choice":"Shed Blood","damage_taken":16,"max_hp_gain":5,"max_hp_loss":0,"event_name":"Forgotten Altar","floor":27,"gold_loss":0}],"is_beta":false,"boss_relics":[{"not_picked":["Runic Pyramid","Calling Bell"],"picked":"Black Star"}],"items_purged_floors":[],"is_endless":false,"potions_floor_spawned":[1,12,14,19,20,28,29],"killed_by":"Slavers","ascension_level":1}}