{"host":"j4g6ia6asvpyu2b0","time":1611583585,"event":{"mods":["BaseMod","Colored Map","Minty Spire (QoL Compilation)","Permanent Neow","Quick Restart","Relic Stats","StSLib","Unceasing Turn Reminder"],"gold_per_floor":[109,119,119,130,146,176,101,101,128,128,147,176,351,375,375,470,470,483,483,499,499,517,517,548,548,548,107,206,217,217,248,248,344,344,356,1355,1355,1371,1383,1414,1138,1169,1244,453,468,483,136,152,152,152,152,152,9,34,34],"floor_reached":56,"language":"ENG","playtime":1690,"items_purged":["Strike_R","Strike_R","Normality","Parasite","Defend_R"],"score":1429,"play_id":"d0a79931-d3bc-4616-9a47-5e0499e38013","local_time":"20210125070625","is_ascension_mode":true,"campfire_choices":[{"data":"Feed","floor":8.0,"key":"SMITH"},{"data":"Demon Form","floor":10.0,"key":"SMITH"},{"data":"Whirlwind","floor":15.0,"key":"SMITH"},{"data":"Shockwave","floor":23.0,"key":"SMITH"},{"data":"Immolate","floor":25.0,"key":"SMITH"},{"data":"Spot Weakness","floor":32.0,"key":"SMITH"},{"floor":49,"key":"RECALL"},{"data":"Limit Break","floor":52,"key":"SMITH"}],"circlet_count":0,"master_deck":["Defend_R","Defend_R","Defend_R","Bash+1","Feed+1","Clothesline","Shockwave+1","Battle Trance+1","Dual Wield","Demon Form+1","Shrug It Off","Clothesline","Whirlwind+1","Immolate+1","Ghostly Armor+1","Sword Boomerang","Shrug It Off","Violence+1","Spot Weakness+1","Limit Break","Dropkick+1","Whirlwind+1","Body Slam+1","Sword Boomerang+1","Feel No Pain","Limit Break+1","Heavy Blade","Warcry+1","Metallicize","Sword Boomerang+1","Offering+1","Dual Wield+1"],"relics":["Burning Blood","Whetstone","Omamori","Odd Mushroom","Coffee Dripper","WarpedTongs","Pear","Darkstone Periapt","Vajra","Enchiridion","Gambling Chip","Astrolabe","War Paint","DollysMirror","Toxic Egg 2","Letter Opener","Medical Kit","CaptainsWheel","Pen Nib","Bag of Marbles"],"acts_visited":["Exordium","TheCity","TheBeyond","TheEnding"],"potions_floor_usage":[50,55,55],"damage_taken":[{"damage":0.0,"enemies":"Small Slimes","floor":1.0,"turns":2.0},{"damage":0.0,"enemies":"2 Louse","floor":2.0,"turns":2.0},{"damage":5.0,"enemies":"Cultist","floor":4.0,"turns":4.0},{"damage":6.0,"enemies":"3 Louse","floor":5.0,"turns":4.0},{"damage":19.0,"enemies":"Gremlin Nob","floor":6.0,"turns":5.0},{"damage":23.0,"enemies":"Blue Slaver","floor":11.0,"turns":4.0},{"damage":11.0,"enemies":"Lagavulin","floor":12.0,"turns":7.0},{"damage":21.0,"enemies":"The Mushroom Lair","floor":14.0,"turns":7.0},{"damage":25.0,"enemies":"The Guardian","floor":16.0,"turns":9.0},{"damage":25.0,"enemies":"Shell Parasite","floor":18.0,"turns":5.0},{"damage":12.0,"enemies":"Chosen","floor":20.0,"turns":5.0},{"damage":11.0,"enemies":"Centurion and Healer","floor":22.0,"turns":5.0},{"damage":0.0,"enemies":"Slavers","floor":24.0,"turns":3.0},{"damage":3.0,"enemies":"Snecko","floor":29.0,"turns":4.0},{"damage":1.0,"enemies":"Book of Stabbing","floor":31.0,"turns":6.0},{"damage":49.0,"enemies":"Collector","floor":33.0,"turns":9.0},{"damage":4.0,"enemies":"Orb Walker","floor":35.0,"turns":3.0},{"damage":18,"enemies":"3 Shapes","floor":38,"turns":4},{"damage":21,"enemies":"Maw","floor":39,"turns":7},{"damage":22,"enemies":"Reptomancer","floor":40,"turns":4},{"damage":41,"enemies":"Nemesis","floor":42,"turns":5},{"damage":1,"enemies":"Jaw Worm Horde","floor":45,"turns":2},{"damage":8,"enemies":"3 Darklings","floor":46,"turns":2},{"damage":13,"enemies":"4 Shapes","floor":48,"turns":3},{"damage":45,"enemies":"Awakened One","floor":50,"turns":7},{"damage":59,"enemies":"Shield and Spear","floor":54,"turns":5},{"damage":87,"enemies":"The Heart","floor":55,"turns":8}],"seed_played":"8396846450453199507","potions_obtained":[{"floor":4.0,"key":"Ancient Potion"},{"floor":5.0,"key":"Regen Potion"},{"floor":11.0,"key":"GamblersBrew"},{"floor":12.0,"key":"DuplicationPotion"},{"floor":24.0,"key":"HeartOfIron"},{"floor":31.0,"key":"Block Potion"},{"floor":38,"key":"Swift Potion"},{"floor":39,"key":"Energy Potion"},{"floor":54,"key":"GamblersBrew"}],"is_trial":false,"path_per_floor":["M","M","?","M","M","E","$","R","T","R","M","E","?","?","R","B",null,"M","?","M","?","M","R","E","R","T","$","?","M","?","E","R","B",null,"M","?","?","M","M","E","$","E","T","$","M","M","$","M","R","B",null,"R","$","E","B",null],"character_chosen":"IRONCLAD","items_purchased":["Vajra","Violence","DollysMirror","Medical Kit","CaptainsWheel","Pen Nib","Heavy Blade","Metallicize","CultistPotion","Offering+1"],"campfire_rested":0,"item_purchase_floors":[27,27,41,44,44,44,44,47,47,53],"current_hp_per_floor":[83,86,91,94,97,87,87,87,87,87,74,73,73,66,66,51,120,105,105,103,103,102,102,122,122,122,122,122,125,109,118,118,79,154,158,170,176,164,153,137,137,102,102,102,111,109,109,106,106,67,185,185,185,132,66],"gold":34,"neow_bonus":"ONE_RANDOM_RARE_CARD","is_daily":false,"chose_seed":false,"campfire_upgraded":7,"win_rate":0.0,"timestamp":1611583585,"path_taken":["M","M","?","M","M","E","$","R","T","R","M","E","?","?","R","BOSS","M","?","?","?","M","R","E","R","T","$","?","M","?","E","R","BOSS","M","?","?","?","M","E","$","E","T","$","?","M","?","M","R","BOSS","R","$","E","BOSS"],"items_purchased_type":["Relic","Card","Relic","Relic","Relic","Relic","Card","Card","Potion","Card"],"build_version":"2020-12-22","purchased_purges":5,"victory":true,"max_hp_per_floor":[83,86,91,94,97,100,100,100,100,100,104,108,108,116,116,120,120,124,124,128,128,132,132,146,146,146,146,146,146,146,150,150,154,154,158,170,176,176,180,180,180,180,180,177,181,181,181,185,185,185,185,185,185,185,185],"relic_stats":{"Darkstone Periapt":18,"counters":[27,131],"Gambling Chip":[22],"Astrolabe":["Dropkick","Whirlwind","Body Slam"],"Pen Nib":[4],"Whetstone":["Strike_R","Bash"],"Letter Opener":[34],"War Paint":["Violence","Battle Trance"],"Medical Kit":[2],"obtain_stats":[{"Darkstone Periapt":26,"Pear":24,"Astrolabe":34,"Vajra":27,"Enchiridion":30,"Pen Nib":44,"Omamori":12,"Whetstone":6,"Letter Opener":43,"Odd Mushroom":14,"War Paint":40,"Medical Kit":44,"Burning Blood":0,"WarpedTongs":19,"CaptainsWheel":44,"DollysMirror":41,"Gambling Chip":31,"Coffee Dripper":17,"Bag of Marbles":54,"Toxic Egg 2":42},{"Darkstone Periapt":13,"Pear":13,"Astrolabe":16,"Vajra":13,"Enchiridion":14,"Pen Nib":21,"Omamori":7,"Whetstone":5,"Letter Opener":21,"Odd Mushroom":8,"War Paint":20,"Medical Kit":21,"Burning Blood":0,"WarpedTongs":10,"CaptainsWheel":21,"DollysMirror":20,"Gambling Chip":15,"Coffee Dripper":9,"Bag of Marbles":26,"Toxic Egg 2":21},{"Darkstone Periapt":62,"Pear":62,"Astrolabe":81,"Vajra":62,"Enchiridion":66,"Pen Nib":104,"Omamori":28,"Whetstone":17,"Letter Opener":104,"Odd Mushroom":35,"War Paint":99,"Medical Kit":104,"Burning Blood":0,"WarpedTongs":49,"CaptainsWheel":104,"DollysMirror":99,"Gambling Chip":72,"Coffee Dripper":44,"Bag of Marbles":123,"Toxic Egg 2":104}],"Burning Blood":147,"WarpedTongs":[79]},"card_choices":[{"not_picked":["Perfected Strike","Flame Barrier"],"picked":"Clothesline","floor":1.0},{"not_picked":["Fire Breathing","True Grit"],"picked":"Shockwave","floor":2.0},{"not_picked":["Inflame","Searing Blow"],"picked":"Battle Trance","floor":4.0},{"not_picked":["Anger","Havoc"],"picked":"Dual Wield","floor":5.0},{"not_picked":["Thunderclap","Perfected Strike"],"picked":"Demon Form","floor":6.0},{"not_picked":["Twin Strike","Fire Breathing"],"picked":"Shrug It Off","floor":11.0},{"not_picked":["Fire Breathing","Perfected Strike"],"picked":"Clothesline","floor":12.0},{"not_picked":["Armaments","Body Slam"],"picked":"Whirlwind","floor":14.0},{"not_picked":["Feed","Double Tap"],"picked":"Immolate","floor":16.0},{"not_picked":["Perfected Strike","Armaments"],"picked":"Ghostly Armor+1","floor":18.0},{"not_picked":["Fire Breathing","Dropkick"],"picked":"Sword Boomerang","floor":20.0},{"not_picked":["Sentinel","Heavy Blade"],"picked":"Shrug It Off","floor":22.0},{"not_picked":["Body Slam+1","Barricade","Cleave"],"picked":"SKIP","floor":24.0},{"not_picked":["Searing Blow","Wild Strike","Thunderclap"],"picked":"SKIP","floor":29.0},{"not_picked":["Clash","Flex"],"picked":"Spot Weakness","floor":31.0},{"not_picked":["Bludgeon","Barricade"],"picked":"Limit Break","floor":33.0},{"not_picked":["Blood for Blood","Thunderclap+1"],"picked":"Sword Boomerang+1","floor":35.0},{"not_picked":["Thunderclap","Cleave","Seeing Red"],"picked":"SKIP","floor":38},{"not_picked":["Inflame","Sever Soul+1","Blood for Blood"],"picked":"SKIP","floor":39},{"not_picked":["Whirlwind+1","Flex+1"],"picked":"Feel No Pain","floor":40},{"not_picked":["Cleave+1","Intimidate+1","Body Slam"],"picked":"SKIP","floor":42},{"not_picked":["Pommel Strike","Sword Boomerang"],"picked":"Warcry+1","floor":45},{"not_picked":["Twin Strike+1","Dropkick+1","Anger+1"],"picked":"SKIP","floor":46},{"not_picked":["Rupture+1","Heavy Blade"],"picked":"Sword Boomerang+1","floor":48},{"not_picked":["Brutality","Perfected Strike+1"],"picked":"Dual Wield+1","floor":54}],"player_experience":1006045,"relics_obtained":[{"floor":6.0,"key":"Whetstone"},{"floor":12.0,"key":"Omamori"},{"floor":14.0,"key":"Odd Mushroom"},{"floor":24.0,"key":"Pear"},{"floor":26.0,"key":"Darkstone Periapt"},{"floor":30.0,"key":"Enchiridion"},{"floor":31.0,"key":"Gambling Chip"},{"floor":40,"key":"War Paint"},{"floor":42,"key":"Toxic Egg 2"},{"floor":43,"key":"Letter Opener"},{"floor":54,"key":"Bag of Marbles"}],"event_choices":[{"damage_healed":0.0,"max_hp_gain":5.0,"max_hp_loss":0.0,"gold_gain":0.0,"event_name":"Big Fish","player_choice":"Donut","floor":3.0,"gold_loss":0.0,"damage_taken":0.0},{"damage_healed":0.0,"max_hp_gain":0.0,"max_hp_loss":0.0,"gold_gain":175.0,"event_name":"Liars Game","player_choice":"AGREE","floor":13.0,"gold_loss":0.0,"damage_taken":0.0,"cards_obtained":["Doubt"]},{"damage_healed":0.0,"max_hp_gain":0.0,"max_hp_loss":0.0,"gold_gain":0.0,"event_name":"Mushrooms","player_choice":"Fought Mushrooms","floor":14.0,"gold_loss":0.0,"damage_taken":0.0},{"damage_healed":0.0,"max_hp_gain":0.0,"max_hp_loss":0.0,"gold_gain":0.0,"event_name":"Accursed Blacksmith","player_choice":"Rummage","floor":19.0,"gold_loss":0.0,"damage_taken":0.0,"relics_obtained":["WarpedTongs"],"cards_obtained":["Pain"]},{"damage_healed":0.0,"max_hp_gain":0.0,"max_hp_loss":0.0,"gold_gain":0.0,"event_name":"Ghosts","player_choice":"Ignored","floor":21.0,"gold_loss":0.0,"damage_taken":0.0},{"damage_healed":0.0,"max_hp_gain":0.0,"max_hp_loss":0.0,"gold_gain":99.0,"event_name":"Nest","player_choice":"Stole From Cult","floor":28.0,"gold_loss":0.0,"damage_taken":0.0},{"damage_healed":0.0,"max_hp_gain":0.0,"max_hp_loss":0.0,"gold_gain":0.0,"event_name":"Cursed Tome","player_choice":"Obtained Book","floor":30.0,"gold_loss":0.0,"damage_taken":16.0},{"damage_healed":0.0,"max_hp_gain":0.0,"max_hp_loss":0.0,"gold_gain":999.0,"event_name":"MindBloom","player_choice":"Gold","floor":36.0,"gold_loss":0.0,"damage_taken":0.0,"cards_obtained":["Normality","Normality"]},{"damage_healed":0.0,"max_hp_gain":0.0,"max_hp_loss":0.0,"gold_gain":0.0,"cards_transformed":["Normality"],"event_name":"Transmorgrifier","player_choice":"Transformed","floor":37.0,"gold_loss":0.0,"damage_taken":0.0,"cards_obtained":["Parasite"]}],"is_beta":false,"boss_relics":[{"not_picked":["Tiny House","Pandora\u0027s Box"],"picked":"Coffee Dripper"},{"not_picked":["Runic Cube","Velvet Choker"],"picked":"Astrolabe"}],"items_purged_floors":[7,27,41,44,47],"is_endless":false,"potions_floor_spawned":[4,5,11,12,16,24,29,31,38,39,42,48,54],"ascension_level":1}}