{"host":"ydg0vn0pu4pubmdt","time":1611578812,"event":{"mods":["AchievementEnabler","BaseMod","Colored Map","Gold Saver","Minty Spire (QoL Compilation)","Quick Restart","SuperFastMode"],"gold_per_floor":[813,830,846,873,873,873,886,896,896,915,915,927,939,952,952,1026,1026,1038,666,679,679,679,714,732,732,755,670,670,670,681,695,695,769,769,781,793,682,416,436,83,83,32,57,69,101,132,144,181,193,205],"floor_reached":51,"language":"KOR","playtime":1303,"items_purged":["Strike_B","Dualcast"],"score":1209,"play_id":"75e8f99a-4d6a-49d4-b61d-4d020d5838f3","local_time":"20210125214652","is_ascension_mode":true,"campfire_choices":[{"data":"Zap","floor":6.0,"key":"SMITH"},{"data":"Reinforced Body","floor":11.0,"key":"SMITH"},{"data":"Auto Shields","floor":15.0,"key":"SMITH"},{"floor":25.0,"key":"REST"},{"floor":29.0,"key":"REST"},{"data":"Scrape","floor":32.0,"key":"SMITH"},{"floor":41.0,"key":"REST"},{"data":"Reboot","floor":47,"key":"SMITH"},{"data":"Go for the Eyes","floor":49,"key":"SMITH"}],"circlet_count":0,"master_deck":["AscendersBane","Defend_B","Defend_B","Defend_B","Zap+1","Gash","Reinforced Body+1","Rebound","Gash","Gash","Hologram","Auto Shields+1","All For One","Scrape+1","Leap","Gash+1","Glacier","FTL+1","All For One","Go for the Eyes+1","Beam Cell+1","Reboot+1","Leap"],"relics":["Cracked Core","NeowsBlessing","DataDisk","Gremlin Horn","Sozu","TheAbacus","WingedGreaves","Ancient Tea Set","Anchor","Empty Cage","Happy Flower","Medical Kit","Pantograph","MawBank","Akabeko"],"acts_visited":["Exordium","TheCity","TheBeyond"],"potions_floor_usage":[],"damage_taken":[{"damage":0.0,"enemies":"Cultist","floor":1.0,"turns":1.0},{"damage":0.0,"enemies":"Small Slimes","floor":2.0,"turns":1.0},{"damage":0.0,"enemies":"2 Louse","floor":3.0,"turns":1.0},{"damage":8.0,"enemies":"Blue Slaver","floor":7.0,"turns":3.0},{"damage":11.0,"enemies":"2 Fungi Beasts","floor":8.0,"turns":3.0},{"damage":1.0,"enemies":"3 Louse","floor":10.0,"turns":3.0},{"damage":3.0,"enemies":"Looter","floor":12.0,"turns":3.0},{"damage":0.0,"enemies":"Gremlin Gang","floor":13.0,"turns":3.0},{"damage":0.0,"enemies":"2 Fungi Beasts","floor":14.0,"turns":2.0},{"damage":31.0,"enemies":"Hexaghost","floor":16.0,"turns":10.0},{"damage":11.0,"enemies":"Shell Parasite","floor":18.0,"turns":5.0},{"damage":1.0,"enemies":"Spheric Guardian","floor":20.0,"turns":4.0},{"damage":10.0,"enemies":"Book of Stabbing","floor":23.0,"turns":4.0},{"damage":30.0,"enemies":"Snake Plant","floor":24.0,"turns":3.0},{"damage":0.0,"enemies":"Centurion and Healer","floor":30.0,"turns":4.0},{"damage":6.0,"enemies":"Cultist and Chosen","floor":31.0,"turns":5.0},{"damage":32.0,"enemies":"Automaton","floor":33.0,"turns":7.0},{"damage":0.0,"enemies":"Orb Walker","floor":35.0,"turns":4.0},{"damage":20.0,"enemies":"3 Shapes","floor":36.0,"turns":4.0},{"damage":18.0,"enemies":"3 Darklings","floor":39.0,"turns":3.0},{"damage":2,"enemies":"Writhing Mass","floor":45,"turns":6},{"damage":0,"enemies":"Transient","floor":46,"turns":6},{"damage":29,"enemies":"Donu and Deca","floor":50,"turns":7}],"seed_played":"-194756636538731022","potions_obtained":[{"floor":1.0,"key":"DuplicationPotion"},{"floor":8.0,"key":"Swift Potion"}],"is_trial":false,"path_per_floor":["M","M","M","T","?","R","M","M","T","M","R","M","M","M","R","B",null,"M","$","M","?","?","E","M","R","T","?","?","R","M","M","R","B",null,"M","M","?","$","M","$","R","$","T","?","M","M","R","T","R","B",null],"character_chosen":"DEFECT","items_purchased":["Scrape","TheAbacus","Leap","Medical Kit","Pantograph","Reboot","Leap"],"campfire_rested":3,"item_purchase_floors":[19,19,19,38,40,40,42],"current_hp_per_floor":[64,64,64,64,64,64,56,45,45,44,44,41,41,41,41,10,56,45,45,44,44,44,34,4,25,25,25,25,46,46,40,40,8,55,55,35,35,35,17,17,38,38,38,71,69,69,69,69,69,42],"gold":217,"neow_bonus":"THREE_ENEMY_KILL","is_daily":false,"chose_seed":false,"campfire_upgraded":6,"win_rate":0.0,"timestamp":1611578812,"path_taken":["M","M","?","?","?","R","M","M","T","M","R","M","M","M","R","BOSS","M","$","M","?","?","E","M","R","T","?","?","R","M","M","R","BOSS","M","M","?","$","?","$","R","$","T","?","?","?","R","?","R","BOSS"],"items_purchased_type":["Card","Relic","Card","Relic","Relic","Card","Card"],"build_version":"2020-12-22","purchased_purges":2,"victory":true,"max_hp_per_floor":[71,71,71,71,71,71,71,71,71,71,71,71,71,71,71,71,71,71,71,71,71,71,71,71,71,71,71,71,71,71,71,71,71,71,71,71,71,71,71,71,71,71,71,71,71,71,71,71,71,71],"card_choices":[{"not_picked":["Barrage","Coolheaded"],"picked":"Gash","floor":1.0},{"not_picked":["Cold Snap","Storm"],"picked":"Reinforced Body","floor":2.0},{"not_picked":["Reprogram","Stack"],"picked":"Rebound","floor":3.0},{"not_picked":["Hello World","Redo"],"picked":"Gash","floor":7.0},{"not_picked":["Darkness","Barrage"],"picked":"Gash","floor":8.0},{"not_picked":["Blizzard","Redo","Consume"],"picked":"SKIP","floor":10.0},{"not_picked":["Turbo","Ball Lightning","Stack"],"picked":"SKIP","floor":12.0},{"not_picked":["Steam","Tempest"],"picked":"Hologram","floor":13.0},{"not_picked":["Compile Driver","Steam"],"picked":"Auto Shields","floor":14.0},{"not_picked":["Core Surge","Echo Form"],"picked":"All For One","floor":16.0},{"not_picked":["Loop","Turbo"],"picked":"Static Discharge","floor":18.0},{"not_picked":["Skim","White Noise"],"picked":"Gash+1","floor":20.0},{"not_picked":["Melter","Ball Lightning","Redo"],"picked":"SKIP","floor":23.0},{"not_picked":["Melter","Ball Lightning","Redo"],"picked":"SKIP","floor":23.0},{"not_picked":["Compile Driver","Coolheaded"],"picked":"FTL+1","floor":24.0},{"not_picked":["Turbo+1","Conserve Battery","Rebound"],"picked":"SKIP","floor":30.0},{"not_picked":["Redo","Barrage+1","Hyperbeam"],"picked":"SKIP","floor":31.0},{"not_picked":["Hyperbeam","Creative AI"],"picked":"All For One","floor":33.0},{"not_picked":["Steam","Self Repair+1"],"picked":"Go for the Eyes","floor":35.0},{"not_picked":["Go for the Eyes","Lockon","Ball Lightning"],"picked":"SKIP","floor":36.0},{"not_picked":["Cold Snap+1","Storm"],"picked":"Beam Cell+1","floor":39.0},{"not_picked":["Doom and Gloom","Aggregate+1","Turbo"],"picked":"SKIP","floor":45},{"not_picked":["Cold Snap","Conserve Battery","Compile Driver"],"picked":"SKIP","floor":46}],"player_experience":585167,"relics_obtained":[{"floor":4.0,"key":"DataDisk"},{"floor":9.0,"key":"Gremlin Horn"},{"floor":23.0,"key":"WingedGreaves"},{"floor":26.0,"key":"Ancient Tea Set"},{"floor":43.0,"key":"MawBank"},{"floor":48,"key":"Akabeko"}],"event_choices":[{"cards_removed":["Strike_B"],"damage_healed":0.0,"max_hp_gain":0.0,"max_hp_loss":0.0,"gold_gain":0.0,"event_name":"Living Wall","player_choice":"Forget","floor":5.0,"gold_loss":0.0,"damage_taken":0.0},{"damage_healed":0.0,"max_hp_gain":0.0,"max_hp_loss":0.0,"gold_gain":0.0,"event_name":"The Library","player_choice":"Read","floor":21.0,"gold_loss":0.0,"damage_taken":0.0,"cards_obtained":["Glacier"]},{"damage_healed":0.0,"max_hp_gain":0.0,"max_hp_loss":0.0,"gold_gain":0.0,"event_name":"Cursed Tome","player_choice":"Ignored","floor":22.0,"gold_loss":0.0,"damage_taken":0.0},{"damage_healed":0.0,"max_hp_gain":0.0,"max_hp_loss":0.0,"gold_gain":0.0,"event_name":"Addict","player_choice":"Obtained Relic","floor":27.0,"gold_loss":85.0,"damage_taken":0.0,"relics_obtained":["Anchor"]},{"cards_removed":["Strike_B"],"damage_healed":0.0,"max_hp_gain":0.0,"max_hp_loss":0.0,"gold_gain":0.0,"event_name":"Back to Basics","player_choice":"Elegance","floor":28.0,"gold_loss":0.0,"damage_taken":0.0},{"damage_healed":0.0,"max_hp_gain":0.0,"max_hp_loss":0.0,"gold_gain":0.0,"event_name":"WeMeetAgain","player_choice":"Paid Gold","floor":37.0,"gold_loss":111.0,"damage_taken":0.0,"relics_obtained":["Happy Flower"]},{"cards_removed":["Static Discharge"],"damage_healed":33.0,"max_hp_gain":0.0,"max_hp_loss":0.0,"gold_gain":0.0,"event_name":"Bonfire Elementals","player_choice":"Offered Uncommon","floor":44.0,"gold_loss":0.0,"damage_taken":0.0}],"is_beta":false,"boss_relics":[{"not_picked":["Fusion Hammer","Pandora\u0027s Box"],"picked":"Sozu"},{"not_picked":["Calling Bell","Coffee Dripper"],"picked":"Empty Cage"}],"items_purged_floors":[19,38],"is_endless":false,"potions_floor_spawned":[1,8,13,16,24,30,33,36,39,45],"ascension_level":17}}