{"host":"ayh4nqhr0ddw4ozv","time":1611538901,"event":{"mods":["BaseMod","Minty Spire (QoL Compilation)","Relic Stats","Replay The Spire","Robot Space Explorer","StSLib"],"gold_per_floor":[112,2,15,30,42,42,60,60,60,71,71,97,97,129,129,208,208,228,40,52,69,69,69,101,101,148,173,173,173,184,84,84,161,161,175,194,209,209,84,84,118,118,167,199,199,54,54,87,87,87,87],"floor_reached":50,"language":"ENG","playtime":3478,"items_purged":["Strike_R","Strike_R","Strike_R"],"score":1234,"play_id":"2e00d1e8-c4ef-40a6-9b19-19f658f1714e","local_time":"20210124174141","is_ascension_mode":true,"campfire_choices":[{"data":"Bash","floor":6,"key":"SMITH"},{"data":"ReplayTheSpireMod:Limb From Limb","floor":11,"key":"SMITH"},{"data":"Flame Barrier","floor":13,"key":"SMITH"},{"floor":23,"key":"REST"},{"floor":25,"key":"REST"},{"floor":29,"key":"REST"},{"floor":32,"key":"RECALL"},{"floor":40,"key":"REST"},{"floor":42,"key":"REST"},{"floor":45,"key":"REST"},{"floor":49,"key":"REST"}],"circlet_count":0,"master_deck":["AscendersBane","Defend_R","Defend_R","Defend_R","Bash+1","Reaper","ReplayTheSpireMod:Limb From Limb+1","Flame Barrier+1","Thunderclap","ReplayTheSpireMod:Stacked","Impervious","Demonic Infusion","Rampage","Corruption","Inflame","Inflame+1","Disarm","Armaments+1","Battle Trance","Immolate","Dark Shackles","Dark Embrace","Berserk","Double Tap","Abandon+1","Intimidate+1","Pommel Strike","Barricade","ReplayTheSpireMod:Stacked","Power Through"],"relics":["Burning Blood","Question Card","Quantum Egg","Onion Ring","Fusion Hammer","OrangePellets","Pocketwatch","Dream Catcher","Regal Pillow","ChewingGum","Orichalcum","Pear","Blue Doll","Charon\u0027s Ashes"],"acts_visited":["Exordium","TheCity","TheBeyond"],"potions_floor_usage":[7,10,16,16,24,27,37,50],"damage_taken":[{"damage":6,"enemies":"Cultist","floor":1,"turns":4},{"damage":8,"enemies":"Jaw Worm","floor":3,"turns":5},{"damage":7,"enemies":"Small Slimes","floor":4,"turns":4},{"damage":6,"enemies":"3 Louse","floor":5,"turns":5},{"damage":0,"enemies":"Lots of Slimes","floor":7,"turns":1},{"damage":17,"enemies":"Exordium Thugs","floor":10,"turns":6},{"damage":36,"enemies":"Lagavulin","floor":12,"turns":9},{"damage":49,"enemies":"3 Sentries","floor":14,"turns":12},{"damage":7,"enemies":"Slime Boss","floor":16,"turns":8},{"damage":12,"enemies":"Shell Parasite","floor":18,"turns":4},{"damage":57,"enemies":"Chosen","floor":20,"turns":7},{"damage":7,"enemies":"Centurion and Healer","floor":21,"turns":6},{"damage":27,"enemies":"Slavers","floor":24,"turns":4},{"damage":13,"enemies":"Book of Stabbing","floor":27,"turns":5},{"damage":5,"enemies":"Chosen and Byrds","floor":30,"turns":5},{"damage":54,"enemies":"Pondfish","floor":33,"turns":13},{"damage":1,"enemies":"Orb Walker","floor":35,"turns":4},{"damage":22,"enemies":"3 Darklings","floor":36,"turns":6},{"damage":42,"enemies":"Writhing Mass","floor":37,"turns":9},{"damage":34,"enemies":"Nemesis","floor":41,"turns":5},{"damage":35,"enemies":"Reptomancer","floor":44,"turns":6},{"damage":47,"enemies":"Giant Head","floor":48,"turns":9},{"damage":140,"enemies":"Replay:Hell Engine","floor":50,"turns":13}],"seed_played":"-2647702925289876605","potions_obtained":[{"floor":1,"key":"Block Potion"},{"floor":5,"key":"Toxic Potion"},{"floor":8,"key":"CultistPotion"},{"floor":14,"key":"Swift Potion"},{"floor":16,"key":"LiquidBronze"},{"floor":20,"key":"AttackPotion"},{"floor":24,"key":"AttackPotion"},{"floor":30,"key":"SpeedPotion"},{"floor":35,"key":"SkillPotion"}],"is_trial":false,"path_per_floor":["M","$","M","M","M","R","M","?","T","M","R","E","R","E","R","B",null,"M","$","M","M","?","R","E","R","T","E","?","R","M","$","R","B",null,"M","M","M","?","$","R","E","R","T","E","R","$","?","E","R","B"],"character_chosen":"IRONCLAD","items_purchased":["Flame Barrier","OrangePellets","Inflame","Blue Doll"],"campfire_rested":7,"item_purchase_floors":[2,19,19,46],"current_hp_per_floor":[74,74,72,75,75,75,75,75,75,68,68,44,44,13,13,30,64,58,58,17,16,16,38,31,53,53,62,62,75,75,75,75,38,66,72,74,44,44,44,75,47,75,75,65,85,85,85,63,85,0,0],"gold":87,"neow_bonus":"TRANSFORM_CARD","is_daily":false,"chose_seed":false,"campfire_upgraded":3,"win_rate":0.0,"timestamp":1611538901,"path_taken":["M","?","M","M","M","R","M","?","T","M","R","E","R","E","R","BOSS","M","$","?","M","?","R","E","R","T","E","?","R","?","?","R","BOSS","M","M","M","?","$","R","E","R","T","E","R","?","?","E","R","BOSS"],"items_purchased_type":["Card","Relic","Card","Relic"],"build_version":"2020-12-22","purchased_purges":3,"victory":false,"max_hp_per_floor":[75,75,75,75,75,75,75,75,75,75,75,75,75,75,75,75,75,75,75,75,75,75,75,75,75,75,75,75,75,75,75,75,75,75,75,75,75,75,75,75,75,75,75,85,85,85,85,85,85,85,85],"relic_stats":{"OrangePellets":[20],"Dream Catcher":5,"Regal Pillow":15,"counters":[23,150],"Charon\u0027s Ashes":[59],"Orichalcum":[24],"Question Card":22,"obtain_stats":[{"Regal Pillow":27,"Pear":44,"Quantum Egg":12,"Blue Doll":46,"Charon\u0027s Ashes":48,"Orichalcum":41,"Question Card":9,"Burning Blood":0,"OrangePellets":19,"Dream Catcher":26,"Onion Ring":14,"ChewingGum":34,"Fusion Hammer":17,"Pocketwatch":24},{"Regal Pillow":14,"Pear":21,"Quantum Egg":7,"Blue Doll":21,"Charon\u0027s Ashes":22,"Orichalcum":20,"Question Card":5,"Burning Blood":0,"OrangePellets":10,"Dream Catcher":13,"Onion Ring":8,"ChewingGum":16,"Fusion Hammer":9,"Pocketwatch":13},{"Regal Pillow":80,"Pear":128,"Quantum Egg":34,"Blue Doll":128,"Charon\u0027s Ashes":137,"Orichalcum":122,"Question Card":19,"Burning Blood":0,"OrangePellets":58,"Dream Catcher":75,"Onion Ring":46,"ChewingGum":98,"Fusion Hammer":54,"Pocketwatch":75}],"Burning Blood":114,"Pocketwatch":[63]},"card_choices":[{"not_picked":["Sword Boomerang","True Grit"],"picked":"ReplayTheSpireMod:Limb From Limb","floor":1},{"not_picked":["True Grit","Run Through"],"picked":"Thunderclap","floor":3},{"not_picked":["Armaments","ReplayReversal","True Grit"],"picked":"SKIP","floor":4},{"not_picked":["Replay:Undeath\u0027s Touch","Carnage","Armaments"],"picked":"SKIP","floor":5},{"not_picked":["Body Slam","Flex"],"picked":"ReplayTheSpireMod:Stacked","floor":7},{"not_picked":["Twin Strike","Seeing Red","Body Slam","ReplayTheSpireMod:Strike From Hell"],"picked":"SKIP","floor":10},{"not_picked":["Clothesline","Twin Strike","Heavy Blade"],"picked":"Impervious","floor":12},{"not_picked":["Cleave","Sentinel","Warcry"],"picked":"Demonic Infusion","floor":14},{"not_picked":["Eclipse","Barricade","Bludgeon"],"picked":"Corruption","floor":16},{"not_picked":["Replay:Undeath\u0027s Touch","True Grit","Life Link+1","ReplayTheSpireMod:Stacked"],"picked":"SKIP","floor":18},{"not_picked":["Flex+1","Defy Death","Ghostly Armor"],"picked":"Inflame+1","floor":20},{"not_picked":["Anger","Headbutt+1","Warcry"],"picked":"Disarm","floor":21},{"not_picked":["Bloodletting","Battle Trance","Wild Strike+1"],"picked":"Armaments+1","floor":24},{"not_picked":["Fire Breathing","Impervious","Clothesline"],"picked":"Battle Trance","floor":27},{"not_picked":["Perfected Strike+1","Havoc","ReplayTheSpireMod:Strike From Hell"],"picked":"Dark Embrace","floor":30},{"not_picked":["Impervious","Immolate","Eclipse"],"picked":"Berserk","floor":33},{"not_picked":["Body Slam+1","Havoc","Thunderclap+1","ReplayTheSpireMod:Strike From Hell+1"],"picked":"SKIP","floor":35},{"not_picked":["Warcry","Iron Wave","Armaments"],"picked":"Double Tap","floor":36},{"not_picked":["Clash+1","Reckless Charge+1","Flex","Headbutt"],"picked":"SKIP","floor":37},{"not_picked":["Body Slam","Bloodletting","Replay:Undeath\u0027s Touch"],"picked":"Abandon+1","floor":40},{"not_picked":["Blood for Blood","Clash","Sword Boomerang+1"],"picked":"Intimidate+1","floor":41},{"not_picked":["Flex+1","Inflame","Bloodletting"],"picked":"Pommel Strike","floor":42},{"not_picked":["Pommel Strike","Entrench","Heavy Blade+1"],"picked":"Barricade","floor":44},{"not_picked":["Run Through","Fire Breathing","ReplayTheSpireMod:Strike From Hell+1"],"picked":"ReplayTheSpireMod:Stacked","floor":45},{"not_picked":["True Grit","Twin Strike","Warcry","Massacre"],"picked":"SKIP","floor":48},{"not_picked":["Rampage","Rupture+1","Wild Strike"],"picked":"Power Through","floor":49}],"player_experience":379229,"relics_obtained":[{"floor":9,"key":"Question Card"},{"floor":12,"key":"Quantum Egg"},{"floor":14,"key":"Onion Ring"},{"floor":24,"key":"Pocketwatch"},{"floor":26,"key":"Dream Catcher"},{"floor":27,"key":"Regal Pillow"},{"floor":41,"key":"Orichalcum"},{"floor":44,"key":"Pear"},{"floor":48,"key":"Charon\u0027s Ashes"}],"event_choices":[{"damage_healed":0,"gold_gain":0,"player_choice":"Got Potions","damage_taken":0,"max_hp_gain":0,"max_hp_loss":0,"event_name":"Lab","floor":8,"gold_loss":0},{"damage_healed":0,"gold_gain":0,"player_choice":"Ignored","damage_taken":0,"max_hp_gain":0,"max_hp_loss":0,"event_name":"The Mausoleum","floor":22,"gold_loss":0},{"damage_healed":0,"gold_gain":0,"player_choice":"2 cards matched","damage_taken":0,"max_hp_gain":0,"max_hp_loss":0,"event_name":"Match and Keep!","floor":28,"gold_loss":0,"cards_obtained":["Immolate","Dark Shackles"]},{"damage_healed":0,"gold_gain":0,"player_choice":"Ignored","damage_taken":0,"max_hp_gain":0,"max_hp_loss":0,"event_name":"SecretPortal","floor":38,"gold_loss":0},{"cards_removed":["Strike_R"],"damage_healed":0,"gold_gain":0,"player_choice":"Offered Basic","damage_taken":0,"max_hp_gain":0,"max_hp_loss":0,"event_name":"Bonfire Elementals","floor":47,"gold_loss":0}],"is_beta":false,"boss_relics":[{"not_picked":["Black Blood","Mark of Pain"],"picked":"Fusion Hammer"},{"not_picked":["Pandora\u0027s Box","Replay:Ancient Bell"],"picked":"ChewingGum"}],"items_purged_floors":[2,31,39],"is_endless":false,"potions_floor_spawned":[1,5,14,16,20,24,30,35,36],"killed_by":"Replay:Hell Engine","ascension_level":14}}