{"host":"ooe12lh8pgcirntb","time":1611538521,"event":{"mods":["AchievementEnabler","Act Like it!","BaseMod","Beaked The Cultist","ChefMod","Colored Map","Colored Powertips","Downfall","Minty Spire (QoL Compilation)","StSLib","The Animator","The Bug Knight","The Disciple","The Hierophant","The Problem Sleuth"],"gold_per_floor":[367,97,97,121,3,3,17,17,17,27,27,27,68,95,95,236,236,261,106,106,106,80,80,117,117,167,167,167,188,188,188],"floor_reached":30,"language":"ENG","playtime":3690,"items_purged":["Pain"],"score":246,"play_id":"3e7423a5-02ed-4a5d-9c74-4afbf906cd84","local_time":"20210124203521","is_ascension_mode":false,"campfire_choices":[{"data":"animator:HighElfArcher","floor":6.0,"key":"SMITH"},{"floor":15.0,"key":"REST"},{"floor":23.0,"key":"REST"},{"floor":25.0,"key":"REST"},{"floor":28.0,"key":"REST"}],"circlet_count":0,"master_deck":["animator:Strike_GoblinSlayer","animator:Defend_GoblinSlayer","animator:Strike","animator:Strike","animator:Strike+1","animator:Defend","animator:Defend","animator:Defend","animator:LizardPriest","animator:DwarfShaman","animator:ElricAlphonse","animator:Entoma+2","animator:KrulTepes","animator:HighElfArcher+1","animator:Priestess","animator:Lancer","animator:Mikaela","animator:Ainz","animator:Hero","Injury","animator:Mitsurugi","animator:Demiurge","animator:Saber","animator:CowGirl+1","animator:Kaijin","Shame","animator:Mitsuba","animator:Archer+1","animator:Spearman","animator:Aqua"],"relics":["animator:VividPicture","animator:TheMissingPiece","Vajra","StoneCalendar","animator:CursedGlyph","Golden Idol","Blood Vial","Bronze Scales","Lantern","Dream Catcher","Ancient Tea Set"],"acts_visited":["Exordium","TheCity"],"potions_floor_usage":[],"damage_taken":[{"damage":6.0,"enemies":"Jaw Worm","floor":1.0,"turns":4.0},{"damage":11.0,"enemies":"Cultist","floor":4.0,"turns":3.0},{"damage":8.0,"enemies":"Small Slimes","floor":7.0,"turns":3.0},{"damage":0.0,"enemies":"3 Louse","floor":10.0,"turns":3.0},{"damage":28.0,"enemies":"3 Sentries","floor":13.0,"turns":7.0},{"damage":22.0,"enemies":"Large Slime","floor":14.0,"turns":7.0},{"damage":22.0,"enemies":"Slime Boss","floor":16.0,"turns":9.0},{"damage":27.0,"enemies":"2 Thieves","floor":18.0,"turns":4.0},{"damage":25.0,"enemies":"Chosen","floor":24.0,"turns":7.0},{"damage":42.0,"enemies":"Slavers","floor":27.0,"turns":4.0},{"damage":34,"enemies":"Centurion and Healer","floor":29,"turns":7},{"damage":8,"enemies":"Snecko","floor":30,"turns":2}],"seed_played":"-1759750316281132452","potions_obtained":[{"floor":1.0,"key":"Regen Potion"},{"floor":3.0,"key":"SmokeBomb"},{"floor":3.0,"key":"ColorlessPotion"},{"floor":10.0,"key":"SkillPotion"},{"floor":14.0,"key":"Strength Potion"},{"floor":16.0,"key":"DuplicationPotion"}],"is_trial":false,"path_per_floor":["M","$","?","M","$","R","M","?","T","M","$","?","E","M","R","B",null,"M","$","?","?","$","R","M","R","T","E","R","M","M"],"character_chosen":"THE_ANIMATOR","items_purchased":["Vajra","animator:Entoma","animator:KrulTepes","animator:Priestess","animator:Lancer","animator:Kaijin","animator:Mitsuba"],"campfire_rested":4,"item_purchase_floors":[2,2,2,5,5,19,22],"current_hp_per_floor":[60,60,60,49,49,49,41,41,41,43,43,43,15,10,29,9,64,38,38,38,38,38,58,35,54,54,14,33,3,0,0],"gold":188,"neow_bonus":"TWO_FIFTY_GOLD","is_daily":false,"chose_seed":false,"campfire_upgraded":1,"win_rate":0.0,"timestamp":1611538521,"path_taken":["M","$","?","M","$","R","?","?","T","?","?","?","E","M","R","BOSS","M","$","?","?","$","R","M","R","T","E","R","M","M"],"items_purchased_type":["Relic","Card","Card","Card","Card","Card","Card"],"build_version":"2020-12-22","purchased_purges":1,"victory":false,"max_hp_per_floor":[66,66,66,66,66,66,66,66,66,64,64,64,64,64,64,64,64,65,65,65,65,65,66,66,66,66,66,66,66,66,66],"card_choices":[{"not_picked":["animator:Verdia","animator:Archer"],"picked":"animator:ElricAlphonse","floor":1.0},{"not_picked":["animator:WinryRockbell","animator:Shigure"],"picked":"animator:HighElfArcher","floor":4.0},{"not_picked":["animator:Yoichi","animator:Spearman"],"picked":"animator:Mikaela","floor":7.0},{"not_picked":["animator:HighElfArcher","animator:Witch"],"picked":"animator:Hero","floor":10.0},{"not_picked":["animator:Shalltear","animator:Witch"],"picked":"animator:Mitsurugi","floor":13.0},{"not_picked":["animator:Rider","animator:Father"],"picked":"animator:Demiurge","floor":14.0},{"not_picked":["animator:SwordMaiden","animator:Eris"],"picked":"animator:Saber","floor":16.0},{"not_picked":["animator:PandorasActor","animator:Priestess"],"picked":"animator:CowGirl+1","floor":18.0},{"not_picked":["animator:Shinoa+1","animator:ElricAlphonse+1"],"picked":"animator:Archer+1","floor":23.0},{"not_picked":["animator:Witch","animator:DwarfShaman"],"picked":"animator:Spearman","floor":24.0},{"not_picked":["animator:Greed","animator:Shigure"],"picked":"animator:Entoma","floor":25.0},{"not_picked":["animator:Kazuma","animator:Caster"],"picked":"animator:Aqua","floor":28.0},{"not_picked":["animator:Kazuma","animator:Millim","animator:KrulTepes+1"],"picked":"SKIP","floor":29}],"player_experience":705577,"relics_obtained":[{"floor":9.0,"key":"StoneCalendar"},{"floor":10.0,"key":"animator:CursedGlyph"},{"floor":13.0,"key":"Blood Vial"},{"floor":13.0,"key":"Bronze Scales"},{"floor":26.0,"key":"Ancient Tea Set"}],"event_choices":[{"damage_healed":0.0,"max_hp_gain":0.0,"max_hp_loss":0.0,"gold_gain":0.0,"event_name":"Lab","player_choice":"Got Potions","floor":3.0,"gold_loss":0.0,"damage_taken":0.0},{"damage_healed":0.0,"max_hp_gain":0.0,"max_hp_loss":0.0,"gold_gain":0.0,"event_name":"Match and Keep!","player_choice":"1 cards matched","floor":8.0,"gold_loss":0.0,"damage_taken":0.0,"cards_obtained":["animator:Ainz"]},{"damage_healed":0.0,"max_hp_gain":0.0,"max_hp_loss":0.0,"gold_gain":0.0,"event_name":"Golden Idol","player_choice":"Take Wound","floor":12.0,"gold_loss":0.0,"damage_taken":0.0,"relics_obtained":["Golden Idol"],"cards_obtained":["Injury"]},{"damage_healed":0.0,"max_hp_gain":0.0,"max_hp_loss":0.0,"gold_gain":0.0,"event_name":"The Mausoleum","player_choice":"Opened","floor":20.0,"gold_loss":0.0,"damage_taken":0.0,"relics_obtained":["Lantern"]},{"damage_healed":0.0,"max_hp_gain":0.0,"max_hp_loss":0.0,"gold_gain":0.0,"event_name":"Addict","player_choice":"Stole Relic","floor":21.0,"gold_loss":0.0,"damage_taken":0.0,"relics_obtained":["Dream Catcher"],"cards_obtained":["Shame"]}],"is_beta":false,"boss_relics":[{"not_picked":["Empty Cage","Tiny House"],"picked":"animator:VividPicture"}],"items_purged_floors":[19],"is_endless":false,"potions_floor_spawned":[1,10,14,16,27],"killed_by":"Snecko","ascension_level":0}}