{"host":"pgm1p3lvdjflie30","time":1611586892,"event":{"mods":["100% Spire Juice","AchievementEnabler","Act Like it!","Aspiration","Bard","BaseMod","Block Reminder","Colored Map","Colored Powertips","Conspire","Downfall","Energized Spire","Gremlin Mod","GungeonMod","Hermit","HornydragonMod","Minty Spire (QoL Compilation)","Nova Terra(?娃·泰拉)","Quarter Circle Forward PUNCH!","Reimu（博???）","Robot Space Explorer","SOS（斯巴?之子）","StSLib","The Alterego","The Bug Knight","The Cursed","The Dragon Tamer","The Gatherer","The Hierophant","The IronCluck","The Jungle","The Mystic","The Runesmith","The Saiyan","The Senshi","The Servant 0.9.4","TheHeartMod","Waifu the Spire","【功能Mod】混沌之?修复?丁","【?物卡牌】REMEMod"],"gold_per_floor":[99,109,109,122,32,32,83,83,68,68,88,73,73,83,102,200,200,0,12,24,9,29,77,102,102,102,137,227,287,187,41,52,155,155,155,174,274,324,341,416,416,448,522,595,595,657,657,9,19,19,19,45,19,19,19,19,19,19],"floor_reached":56,"language":"ZHS","playtime":3593,"items_purged":["downfall:Malfunctioning"],"score":858,"play_id":"06354e20-8f70-415b-9749-65a48a9ad170","local_time":"20210125230132","is_ascension_mode":false,"campfire_choices":[{"floor":1,"key":"RECALL"},{"data":"champ:Execute","floor":8,"key":"SMITH"},{"data":"champ:PerfectedStrike","floor":10,"key":"SMITH"},{"data":"champ:TripleStrike","floor":18,"key":"SMITH"},{"floor":30,"key":"REST"},{"data":"champ:SteelEdge","floor":35,"key":"SMITH"},{"floor":45,"key":"REST"},{"floor":47,"key":"REST"},{"data":"expansioncontent:HyperBeam","floor":54,"key":"SMITH"}],"circlet_count":0,"master_deck":["champ:Strike","champ:Strike+1","champ:Strike","champ:Strike+1","champ:Defend","champ:Defend","champ:Execute+1","champ:Taunt","Guardian:Gem_Synthetic","champ:PerfectedStrike+1","champ:DeathBlow","champ:StanceDance","champ:PerfectedStrike+1","champ:TripleStrike+1","champ:HoldFirm","champ:PreciseThrust","champ:PreemptiveStrike","champ:MurderStrike","champ:FanOfKnives","champ:CalledShot","champ:GladiatorStyle","champ:Parry+1","champ:MurderStrike","champ:BerserkersShout","champ:ShieldSlam+1","champ:BladeFlurry+1","champ:RisingSlash","champ:TripleStrike","champ:SteelEdge+1","champ:EndlessRage+1","champ:HeartStrike+1","champ:RapidStrikes+1","champ:FocusedDefense","champ:Duel+1","champ:TornadoPunch+1","expansioncontent:HyperBeam+1","champ:PerfectedStrike","expansioncontent:DashGenerateEvil","champ:RapidStrikes","champ:RecklessLeap+1","champ:CrownThrow","champ:Haymaker"],"relics":["champ:ChampionCrown","REME_ComplimentaryCards","aspiration:BabyByrd","REME_PuzzleBoxRelic","Empty Cage","downfall:HeartBlessingBlue","downfall:HeartBlessingRed","Lee\u0027s Waffle","Vajra","Smiling Mask","aspiration:RitualStick","Akabeko","downfall:CloakOfManyFaces","CultistMask","FaceOfCleric","NlothsMask","GremlinMask","SsserpentHead","downfall:HeartBlessingGreen","qcfpunch:Wrestler\u0027s_Cloak","energizedSpire:DeadBattery","CaptainsWheel","CrazyTorch:ReiMu","Nunchaku","qcfpunch:Not_Strongest_Fighting_Style_Guidebook","Oddly Smooth Stone","DemoMod:MonsterBlood","MealTicket","DemoMod:PartiallyEatenCheese"],"acts_visited":["Exordium","TheCity","TheBeyond","TheEnding"],"potions_floor_usage":[16,16,16,27,27,28,33,37,40,50,50,50],"damage_taken":[{"damage":10,"enemies":"Small Slimes","floor":2,"turns":4},{"damage":13,"enemies":"Cultist","floor":4,"turns":3},{"damage":25,"enemies":"downfall:FleeingMerchant","floor":5,"turns":4},{"damage":14,"enemies":"downfall:FleeingMerchant","floor":9,"turns":4},{"damage":0,"enemies":"Jaw Worm","floor":11,"turns":2},{"damage":22,"enemies":"downfall:FleeingMerchant","floor":12,"turns":4},{"damage":1,"enemies":"2 Fungi Beasts","floor":14,"turns":2},{"damage":4,"enemies":"conspire:2 RoseBushes","floor":15,"turns":2},{"damage":54,"enemies":"SI_SHIV_ARCHETYPE","floor":16,"turns":6},{"damage":38,"enemies":"conspire:FuzzyDice","floor":19,"turns":3},{"damage":20,"enemies":"Snecko","floor":20,"turns":4},{"damage":25,"enemies":"downfall:FleeingMerchant","floor":21,"turns":4},{"damage":2,"enemies":"Centurion and Healer","floor":22,"turns":3},{"damage":29,"enemies":"downfall:FleeingMerchant","floor":23,"turns":3},{"damage":7,"enemies":"Gremlin Leader","floor":27,"turns":2},{"damage":40,"enemies":"downfall:FaceTrader","floor":28,"turns":5},{"damage":40,"enemies":"3 Cultists","floor":29,"turns":3},{"damage":9,"enemies":"Snake Plant","floor":32,"turns":3},{"damage":22,"enemies":"WA_ARCHETYPE_CALM","floor":33,"turns":5},{"damage":0,"enemies":"Orb Walker","floor":36,"turns":2},{"damage":39,"enemies":"2 Orb Walkers","floor":37,"turns":3},{"damage":36,"enemies":"3 Darklings","floor":39,"turns":4},{"damage":44,"enemies":"conspire:MimicChest","floor":40,"turns":4},{"damage":38,"enemies":"HollowMod:StalkingDevout","floor":42,"turns":5},{"damage":18,"enemies":"Writhing Mass","floor":46,"turns":2},{"damage":15,"enemies":"Transient","floor":49,"turns":5},{"damage":105,"enemies":"IC_BLOCK_ARCHETYPE","floor":50,"turns":7},{"damage":32,"enemies":"downfall:CharBossMerchant","floor":52,"turns":5},{"damage":126,"enemies":"downfall:NeowBoss","floor":55,"turns":12},{"damage":32,"enemies":"downfall:NeowBossFinal","floor":56,"turns":3}],"seed_played":"4009723126669332270","potions_obtained":[{"floor":2,"key":"Fire Potion"},{"floor":4,"key":"ZuzhouPotion:ReiMu"},{"floor":14,"key":"Block Potion"},{"floor":16,"key":"FearPotion"},{"floor":22,"key":"BlessingOfTheForge"},{"floor":27,"key":"SteroidPotion"},{"floor":28,"key":"Swift Potion"},{"floor":32,"key":"Ancient Potion"},{"floor":33,"key":"Explosive Potion"},{"floor":39,"key":"Regen Potion"},{"floor":49,"key":"Dexterity Potion"}],"is_trial":false,"path_per_floor":["R","M","?","M","$","?","T","R","$","R","M","$","T","M","M","B",null,"R","M","M","$","M","$","T","?","?","E","?","M","R","$","M","B",null,"R","M","?","?","M","?","T","E","T","?","R","M","R","$","M","B",null,"E","$","R","B","B"],"character_chosen":"THE_CHAMP","items_purchased":["Lee\u0027s Waffle","Vajra","qcfpunch:Wrestler\u0027s_Cloak","champ:RisingSlash","DemoMod:MonsterBlood","expansioncontent:HyperBeam","champ:PerfectedStrike","expansioncontent:DashGenerateEvil","MealTicket","champ:RapidStrikes","champ:Haymaker"],"campfire_rested":3,"item_purchase_floors":[23,23,31,31,48,48,48,48,48,48,53],"current_hp_per_floor":[99,99,99,96,91,91,91,91,87,87,87,85,85,84,80,53,99,109,81,71,56,54,116,116,93,93,86,66,52,87,87,79,73,119,119,120,92,92,72,48,48,41,41,41,78,61,98,105,106,27,134,113,128,128,28,0,0,0],"gold":19,"neow_bonus":"TEN_PERCENT_HP_BONUS","is_daily":false,"chose_seed":false,"campfire_upgraded":5,"win_rate":0.0,"timestamp":1611586892,"path_taken":["R","M","?","M","?","?","T","R","$","R","M","?","?","M","M","BOSS","R","M","M","$","M","$","T","?","?","E","?","?","R","?","M","BOSS","R","M","?","?","M","?","T","E","?","?","R","?","R","?","M","BOSS","E","$","R","BOSS","BOSS"],"items_purchased_type":["Relic","Relic","Relic","Card","Relic","Card","Card","Card","Relic","Card","Card"],"build_version":"2020-12-22","purchased_purges":1,"victory":false,"max_hp_per_floor":[99,99,99,99,99,99,99,99,99,99,99,99,99,99,99,99,99,109,109,109,109,109,116,116,116,116,116,116,117,117,117,118,119,119,119,120,121,121,122,123,123,124,124,124,124,125,125,132,133,134,134,135,135,135,136,136,136,136],"card_choices":[{"not_picked":["champ:Shatter","champ:PreciseThrust"],"picked":"champ:PerfectedStrike","floor":2},{"not_picked":["champ:GutPunch","champ:SkillfulDodge"],"picked":"champ:DeathBlow","floor":4},{"not_picked":["champ:ArenaPreparation","champ:DefensiveShout"],"picked":"champ:StanceDance","floor":5},{"not_picked":["champ:Endure","champ:GladiatorStyle"],"picked":"champ:PerfectedStrike","floor":9},{"not_picked":["champ:AdrenalArmor","champ:BringItOn"],"picked":"champ:TripleStrike","floor":11},{"not_picked":["champ:CalledShot","champ:BringItOn"],"picked":"champ:HoldFirm","floor":12},{"not_picked":["champ:CrownThrow","champ:Backstep"],"picked":"champ:PreciseThrust","floor":14},{"not_picked":["champ:DefensiveShout","champ:Circumvent"],"picked":"champ:PreemptiveStrike","floor":15},{"not_picked":["champ:Devastate","champ:DancingMaster"],"picked":"champ:MurderStrike","floor":16},{"not_picked":["champ:BringItOn","champ:Parry"],"picked":"champ:FanOfKnives","floor":19},{"not_picked":["champ:CrownThrow","champ:Backstep"],"picked":"champ:CalledShot","floor":20},{"not_picked":["champ:ArenaPreparation","champ:StanceDance"],"picked":"champ:GladiatorStyle","floor":21},{"not_picked":["champ:FocusedDefense+1","champ:BringItOn"],"picked":"champ:Parry+1","floor":22},{"not_picked":["champ:Endure","champ:SetATrap"],"picked":"champ:MurderStrike","floor":23},{"not_picked":["champ:ShieldSlam","champ:Haymaker"],"picked":"champ:BerserkersShout","floor":27},{"not_picked":["champ:FalseCounter","champ:HeartStrike+1"],"picked":"champ:ShieldSlam+1","floor":28},{"not_picked":["champ:CrownThrow","champ:Circumvent"],"picked":"champ:BladeFlurry+1","floor":29},{"not_picked":["champ:Circumvent","champ:CrownThrow"],"picked":"champ:TripleStrike","floor":32},{"not_picked":["champ:StrikeOfGenius","champ:HoldFirm"],"picked":"champ:SteelEdge","floor":33},{"not_picked":["champ:EnGarde","champ:DefensiveShout"],"picked":"champ:EndlessRage+1","floor":36},{"not_picked":["champ:StanceDance","champ:Circumvent"],"picked":"champ:HeartStrike+1","floor":37},{"not_picked":["champ:BerserkersShout+1","champ:StanceDance+1"],"picked":"champ:RapidStrikes+1","floor":39},{"not_picked":["champ:FanOfKnives","champ:HoldFirm"],"picked":"champ:FocusedDefense","floor":40},{"not_picked":["champ:BladeFlurry+1","champ:Haymaker"],"picked":"champ:Duel+1","floor":42},{"not_picked":["champ:DefensiveShout+1","champ:PreemptiveStrike+1"],"picked":"champ:TornadoPunch+1","floor":46},{"not_picked":["champ:Shatter+1","champ:SetATrap+1"],"picked":"champ:RecklessLeap+1","floor":49},{"not_picked":["champ:Lariat+1","champ:SetATrap"],"picked":"champ:CrownThrow","floor":52}],"player_experience":327653,"relics_obtained":[{"floor":13,"key":"REME_PuzzleBoxRelic"},{"floor":24,"key":"Smiling Mask"},{"floor":27,"key":"Akabeko"},{"floor":28,"key":"downfall:CloakOfManyFaces"},{"floor":37,"key":"CaptainsWheel"},{"floor":40,"key":"CrazyTorch:ReiMu"},{"floor":42,"key":"Nunchaku"},{"floor":43,"key":"qcfpunch:Not_Strongest_Fighting_Style_Guidebook"},{"floor":44,"key":"Oddly Smooth Stone"},{"floor":52,"key":"DemoMod:PartiallyEatenCheese"}],"event_choices":[{"damage_healed":0,"gold_gain":0,"player_choice":"Ignored","damage_taken":0,"max_hp_gain":0,"max_hp_loss":0,"event_name":"Ghosts","floor":26,"gold_loss":0},{"damage_healed":0,"gold_gain":0,"player_choice":"Fight","damage_taken":0,"max_hp_gain":0,"max_hp_loss":0,"event_name":"Mysterious Sphere","floor":37,"gold_loss":0}],"is_beta":false,"boss_relics":[{"not_picked":["conspire:RunicOctahedron","RedLine:ReiMu"],"picked":"Empty Cage"},{"not_picked":["aspiration:FutureDiary","aspiration:PoetsPen_weak"],"picked":"energizedSpire:DeadBattery"}],"items_purged_floors":[5],"is_endless":false,"potions_floor_spawned":[2,4,14,16,22,27,28,32,33,36,39,49],"killed_by":"downfall:NeowBossFinal","ascension_level":0}}