{"host":"8p5c6x4qt9411139","time":1611560182,"event":{"mods":["Aspiration","BaseMod","Infinite Spire","Minty Spire (QoL Compilation)","Replay The Spire","Shop Mod","StSLib","The Animator"],"gold_per_floor":[117,117,41,41,56,85,85,110,133,133,170,192,192,192,210,210,210,210],"floor_reached":17,"language":"ENG","playtime":227,"items_purged":[],"score":237,"play_id":"c1a9a3c2-b953-443e-8784-822f62784147","local_time":"20210124233622","is_ascension_mode":true,"campfire_choices":[{"data":"Perfected Strike","floor":7,"key":"SMITH"},{"data":"Bash","floor":10,"key":"SMITH"},{"floor":13,"key":"REST"},{"data":"Blood for Blood","floor":16,"key":"SMITH"}],"circlet_count":0,"master_deck":["AscendersBane","Strike_R","Strike_R","Strike_R","Strike_R+1","Defend_R","Defend_R","Defend_R+1","Defend_R","Bash+1","Wild Strike","Offering+1","Headbutt+1","Perfected Strike+1","Blood for Blood+1","Pommel Strike"],"relics":["Burning Blood","NeowsBlessing","War Paint","infinitespire:Midas Blood","Replay:Rubber Ducky","Whetstone"],"acts_visited":["Exordium"],"potions_floor_usage":[],"damage_taken":[{"damage":0,"enemies":"Small Slimes","floor":1,"turns":1},{"damage":0,"enemies":"2 Louse","floor":5,"turns":1},{"damage":0,"enemies":"Replay:BlueRogue","floor":6,"turns":1},{"damage":22,"enemies":"Gremlin Nob","floor":8,"turns":3},{"damage":46,"enemies":"Lagavulin","floor":11,"turns":5},{"damage":6,"enemies":"Cultist","floor":12,"turns":2},{"damage":6,"enemies":"Large Slime","floor":15,"turns":3},{"damage":0,"enemies":"The Guardian","floor":17,"turns":2}],"seed_played":"6157266490153181895","potions_obtained":[{"floor":6,"key":"Reflective Coating"},{"floor":15,"key":"SpeedPotion"}],"is_trial":false,"path_per_floor":["M","?","$","?","M","E","R","E","T","R","E","M","R","?","M","R","B"],"character_chosen":"IRONCLAD","items_purchased":["Offering"],"campfire_rested":1,"item_purchase_floors":[3],"current_hp_per_floor":[78,78,78,78,80,80,80,64,64,64,24,24,48,48,48,48,48,48],"gold":210,"neow_bonus":"THREE_ENEMY_KILL","is_daily":false,"chose_seed":false,"campfire_upgraded":3,"win_rate":0.0,"timestamp":1611560182,"path_taken":["M","?","$","?","M","E","R","E","T","R","E","M","R","?","M","R","BOSS"],"items_purchased_type":["Card"],"build_version":"2020-12-22","purchased_purges":0,"victory":false,"max_hp_per_floor":[80,80,80,80,80,80,80,80,80,80,80,80,80,80,80,80,80,80],"card_choices":[{"not_picked":["Havoc","Anger"],"picked":"Wild Strike","floor":1},{"not_picked":["Clash","Flex"],"picked":"Headbutt","floor":5},{"not_picked":["Disarm","Body Slam"],"picked":"Perfected Strike","floor":6},{"not_picked":["Fiend Fire","Clash"],"picked":"Blood for Blood","floor":8},{"not_picked":["Heavy Blade","Second Wind"],"picked":"Pommel Strike","floor":11},{"not_picked":["Headbutt","Cleave","Sever Soul"],"picked":"SKIP","floor":12},{"not_picked":["Headbutt","Cleave","Sever Soul"],"picked":"SKIP","floor":12},{"not_picked":["Sword Boomerang","Iron Wave","Body Slam"],"picked":"SKIP","floor":15}],"player_experience":394177,"relics_obtained":[{"floor":6,"key":"War Paint"},{"floor":8,"key":"infinitespire:Midas Blood"},{"floor":9,"key":"Replay:Rubber Ducky"},{"floor":11,"key":"Whetstone"}],"event_choices":[{"damage_healed":0,"gold_gain":0,"player_choice":"Ignored","damage_taken":0,"max_hp_gain":0,"max_hp_loss":0,"event_name":"Liars Game","floor":2,"gold_loss":0},{"cards_removed":["Strike_R"],"damage_healed":0,"gold_gain":0,"player_choice":"Forget","damage_taken":0,"max_hp_gain":0,"max_hp_loss":0,"event_name":"Living Wall","floor":4,"gold_loss":0},{"damage_healed":0,"gold_gain":0,"player_choice":"Bought 0 Potions","damage_taken":0,"max_hp_gain":0,"max_hp_loss":0,"event_name":"The Woman in Blue","floor":14,"gold_loss":0}],"is_beta":false,"boss_relics":[],"items_purged_floors":[],"is_endless":false,"potions_floor_spawned":[6,15],"killed_by":"The Guardian","ascension_level":12}}