{"host":"70zhvo5nwrhp1mbg","time":1611618612,"event":{"mods":["BaseMod","Colored Map","Colored Powertips","Filter the Spire","Highlight Path","Minty Spire (QoL Compilation)","Rare Cards Sparkle","StSLib"],"gold_per_floor":[119,137,86,98,98,98,129,144,144,160,160,160],"floor_reached":11,"language":"ENG","playtime":722,"items_purged":[],"score":101,"play_id":"e311d9e0-06ca-43b8-8e0e-3cc0785484f0","local_time":"20210125185012","is_ascension_mode":true,"campfire_choices":[{"floor":6,"key":"REST"}],"circlet_count":0,"master_deck":["Strike_R","Strike_R","Strike_R","Strike_R","Strike_R","Defend_R","Defend_R","Defend_R","Defend_R","Bash","Shockwave","Shrug It Off","Iron Wave","Clothesline"],"relics":["Burning Blood","Regal Pillow","Paper Frog","Peace Pipe","Unceasing Top"],"acts_visited":["Exordium"],"potions_floor_usage":[8,10,11],"damage_taken":[{"damage":11,"enemies":"Jaw Worm","floor":1,"turns":4},{"damage":4,"enemies":"2 Louse","floor":2,"turns":3},{"damage":6,"enemies":"Cultist","floor":4,"turns":5},{"damage":25,"enemies":"Gremlin Nob","floor":7,"turns":5},{"damage":7,"enemies":"Large Slime","floor":8,"turns":5},{"damage":7,"enemies":"Lots of Slimes","floor":10,"turns":6},{"damage":68,"enemies":"Lagavulin","floor":11,"turns":14}],"seed_played":"4227049045860328202","potions_obtained":[{"floor":1,"key":"SkillPotion"},{"floor":7,"key":"DistilledChaos"},{"floor":10,"key":"BlessingOfTheForge"}],"is_trial":false,"path_per_floor":["M","M","$","M","?","R","E","M","T","M","E"],"character_chosen":"IRONCLAD","items_purchased":["Dexterity Potion"],"campfire_rested":1,"item_purchase_floors":[3],"current_hp_per_floor":[67,69,69,69,57,80,61,60,60,59,0,0],"gold":160,"neow_bonus":"RANDOM_COMMON_RELIC","is_daily":false,"chose_seed":false,"campfire_upgraded":0,"win_rate":0.0,"timestamp":1611618612,"path_taken":["M","M","$","M","?","R","E","M","T","M","E"],"items_purchased_type":["Potion"],"build_version":"2020-12-22","purchased_purges":0,"victory":false,"max_hp_per_floor":[80,80,80,80,80,80,80,80,80,80,80,80],"card_choices":[{"not_picked":["Cleave","Dual Wield"],"picked":"Shockwave","floor":1},{"not_picked":["Uppercut","Combust"],"picked":"Shrug It Off","floor":2},{"not_picked":["Feel No Pain","Havoc"],"picked":"Iron Wave","floor":4},{"not_picked":["Battle Trance","Flex"],"picked":"Clothesline","floor":7},{"not_picked":["Hemokinesis","Rage","Pummel"],"picked":"SKIP","floor":8},{"not_picked":["Body Slam","Clothesline","Havoc"],"picked":"SKIP","floor":10}],"player_experience":489360,"relics_obtained":[{"floor":7,"key":"Peace Pipe"},{"floor":9,"key":"Unceasing Top"}],"event_choices":[{"damage_healed":0,"gold_gain":0,"player_choice":"Success","damage_taken":12,"relics_obtained":["Paper Frog"],"max_hp_gain":0,"max_hp_loss":0,"event_name":"Scrap Ooze","floor":5,"gold_loss":0}],"is_beta":false,"boss_relics":[],"items_purged_floors":[],"is_endless":false,"potions_floor_spawned":[1,7,10],"killed_by":"Lagavulin","ascension_level":7}}