{"host":"0p0n41frih4f9rxw","time":1611554449,"event":{"mods":["Act Like it!","BaseMod","Downfall","Minty Spire (QoL Compilation)","Replay The Spire","StSLib","The Servant 0.9.4"],"gold_per_floor":[117,39,39,52,72,72,101,101,101,135,155,155,155,175,175,275,275,293,310,310,310,234,234,259,276,276,290,143,143,143,0,0,0,0],"floor_reached":33,"language":"ENG","playtime":2220,"items_purged":[],"score":348,"play_id":"83a82c90-c212-4e98-9c62-e6c31d97da29","local_time":"20210125060049","is_ascension_mode":false,"campfire_choices":[{"data":"MurderousAura","floor":6.0,"key":"SMITH"},{"floor":12.0,"key":"RECALL"},{"data":"Solidify","floor":23.0,"key":"SMITH"},{"data":"Ghostly","floor":30.0,"key":"SMITH"},{"data":"TheWorld","floor":32.0,"key":"SMITH"}],"circlet_count":0,"master_deck":["Defend_S","Defend_S","Defend_S","KidneyShot+1","Exchange","Replace","InstantArmor+1","Solidify+1","Rewind","MurderousAura+1","Starlight","Rearm","Rearm","TheWorld+1","ShatteredReality+1","Read+1","Bite","Bite","Bite","Bite","Bite","Desolation","Moonlight+1","DualDimension","BottledTime+1","Ghostly+1","Ghostly","Ghostly","Ghostly","Ghostly"],"relics":["Uniform","Replay:Bottled Eggs","Toy Ornithopter","Divine Protection","Ring of Chaos","Enchiridion","Replay:Bottled Flurry","Eternal Feather","Bag of Marbles","Membership Card"],"acts_visited":["Exordium","TheCity"],"potions_floor_usage":[33,33],"damage_taken":[{"damage":6.0,"enemies":"2 Louse","floor":1.0,"turns":3.0},{"damage":2.0,"enemies":"Jaw Worm","floor":4.0,"turns":3.0},{"damage":0.0,"enemies":"Cultist","floor":5.0,"turns":3.0},{"damage":8.0,"enemies":"Lagavulin","floor":7.0,"turns":9.0},{"damage":0.0,"enemies":"Gremlin Nob","floor":10.0,"turns":3.0},{"damage":0.0,"enemies":"Looter","floor":11.0,"turns":3.0},{"damage":16.0,"enemies":"Exordium Thugs","floor":14.0,"turns":5.0},{"damage":5.0,"enemies":"Hexaghost","floor":16.0,"turns":10.0},{"damage":3.0,"enemies":"Shell Parasite","floor":18.0,"turns":4.0},{"damage":3.0,"enemies":"2 Thieves","floor":19.0,"turns":3.0},{"damage":33.0,"enemies":"Book of Stabbing","floor":24.0,"turns":5.0},{"damage":2.0,"enemies":"Centurion and Healer","floor":25.0,"turns":4.0},{"damage":0.0,"enemies":"Sentry and Sphere","floor":27.0,"turns":5.0},{"damage":22,"enemies":"Collector","floor":33,"turns":5}],"seed_played":"-5833347039620177630","potions_obtained":[{"floor":4.0,"key":"hexamod:SoulburnPotion"},{"floor":8.0,"key":"Doom Potion"},{"floor":8.0,"key":"DuplicationPotion"},{"floor":11.0,"key":"PowerPotion"},{"floor":19.0,"key":"GamblersBrew"},{"floor":24.0,"key":"Adrenaline Potion"}],"is_trial":false,"path_per_floor":["M","$","?","M","M","R","E","?","T","E","M","R","?","M","R","B",null,"M","M","?","?","$","R","E","M","T","M","$","?","R","$","R","B"],"character_chosen":"THE_SERVANT","items_purchased":["Collapse","Desolation","Bag of Marbles","Membership Card"],"campfire_rested":0,"item_purchase_floors":[2,22,28,31],"current_hp_per_floor":[41,41,41,39,39,39,31,31,31,41,41,41,41,25,25,25,65,62,59,45,29,29,29,14,22,22,38,38,22,22,22,22,0,0],"gold":0,"neow_bonus":"TRANSFORM_TWO_CARDS","is_daily":false,"chose_seed":false,"campfire_upgraded":4,"win_rate":0.0,"timestamp":1611554449,"path_taken":["M","$","?","M","M","R","E","?","T","E","?","R","?","M","R","BOSS","M","?","?","?","?","R","E","M","T","?","?","?","R","$","R","BOSS"],"items_purchased_type":["Card","Card","Relic","Relic"],"build_version":"2020-12-22","purchased_purges":0,"victory":false,"max_hp_per_floor":[65,65,65,65,65,65,65,65,65,65,65,65,65,65,65,65,65,65,65,45,45,45,45,45,45,45,45,45,22,22,22,22,22,22],"card_choices":[{"not_picked":["Rearm","Rewind"],"picked":"InstantArmor","floor":1.0},{"not_picked":["Potential","DoubleEdge"],"picked":"Rewind","floor":4.0},{"not_picked":["Potential","Defy"],"picked":"MurderousAura","floor":5.0},{"not_picked":["Replace","Gouge","Starlight"],"picked":"SKIP","floor":7.0},{"not_picked":["Defy","Unruled"],"picked":"Starlight","floor":10.0},{"not_picked":["Potential","Replace"],"picked":"Rearm","floor":11.0},{"not_picked":["Potential","Replace"],"picked":"Rearm","floor":14.0},{"not_picked":["Deny","KillingDoll"],"picked":"TheWorld","floor":16.0},{"not_picked":["Starlight+1","Rewind"],"picked":"ShatteredReality+1","floor":18.0},{"not_picked":["ShatteredReality","Potential"],"picked":"Read+1","floor":19.0},{"not_picked":["Defy+1","SurpressingFire"],"picked":"Moonlight+1","floor":24.0},{"not_picked":["DoubleEdge","Rewind"],"picked":"DualDimension","floor":25.0},{"not_picked":["TimeWarp","MoonPhase"],"picked":"BottledTime+1","floor":27.0}],"player_experience":117636,"relics_obtained":[{"floor":7.0,"key":"Replay:Bottled Eggs"},{"floor":9.0,"key":"Toy Ornithopter"},{"floor":10.0,"key":"Divine Protection"},{"floor":21.0,"key":"Enchiridion"},{"floor":24.0,"key":"Replay:Bottled Flurry"},{"floor":26.0,"key":"Eternal Feather"}],"event_choices":[{"damage_healed":0.0,"max_hp_gain":0.0,"max_hp_loss":0.0,"gold_gain":0.0,"cards_transformed":["StarChef"],"event_name":"Living Wall","player_choice":"Change","floor":3.0,"gold_loss":0.0,"damage_taken":0.0,"cards_obtained":["Solidify"]},{"damage_healed":0.0,"max_hp_gain":0.0,"max_hp_loss":0.0,"gold_gain":0.0,"event_name":"Lab","player_choice":"Got Potions","floor":8.0,"gold_loss":0.0,"damage_taken":0.0},{"cards_removed":["Collapse"],"damage_healed":0.0,"max_hp_gain":0.0,"max_hp_loss":0.0,"gold_gain":0.0,"event_name":"Purifier","player_choice":"Purged","floor":13.0,"gold_loss":0.0,"damage_taken":0.0},{"damage_healed":0.0,"max_hp_gain":0.0,"max_hp_loss":0.0,"gold_gain":0.0,"event_name":"Upgrade Shrine","player_choice":"Upgraded","floor":15.0,"gold_loss":0.0,"damage_taken":0.0,"cards_upgraded":["InstantArmor"]},{"damage_healed":0.0,"max_hp_gain":0.0,"max_hp_loss":20.0,"gold_gain":0.0,"event_name":"Vampires","player_choice":"Became a vampire","floor":20.0,"gold_loss":0.0,"damage_taken":0.0,"cards_obtained":["Bite","Bite","Bite","Bite","Bite"]},{"damage_healed":0.0,"max_hp_gain":0.0,"max_hp_loss":0.0,"gold_gain":0.0,"event_name":"Cursed Tome","player_choice":"Obtained Book","floor":21.0,"gold_loss":0.0,"damage_taken":16.0},{"damage_healed":0.0,"max_hp_gain":0.0,"max_hp_loss":23.0,"gold_gain":0.0,"event_name":"Ghosts","player_choice":"Became a Ghost","floor":29.0,"gold_loss":0.0,"damage_taken":0.0,"cards_obtained":["Ghostly","Ghostly","Ghostly","Ghostly","Ghostly"]}],"is_beta":false,"boss_relics":[{"not_picked":["Cursed Key","MysterySword"],"picked":"Ring of Chaos"}],"items_purged_floors":[],"is_endless":false,"potions_floor_spawned":[4,11,19,24,25],"killed_by":"Collector","ascension_level":0}}