{"host":"ooetke516h53yqww","time":1611588340,"event":{"mods":["100% Spire Juice","2.2 Compatiblity","Abigail Mod","Act Like it!","Astrologer","Bartender","BaseMod","Beaked The Cultist","Better Match","Better Third Choice","Conspire","Elementarium","Friendly Minions","Hallownest","Hermit","HololiveMod","Hubris","Infinite Spire","Kiyohime????","Lobotomy","LobotomyExtend","Mari Mod (Legacy)","Mari\u0027s V1 Patch","Menagerie","Minty Spire (QoL Compilation)","Prisma Mod","Random Character Button","Reliquary","Replay The Spire","Robot Space Explorer","Spicy Shops","StSLib","Td1madao Mod","The Alterego","The Bug Knight","The Marked","The Poker Player","The Senshi","TheSwordswoman","Uncapped","WarShipGirlsR/????R mod","Yakumo Yukari mod","Yohane!"],"gold_per_floor":[109,30,48,60,78,78,107,107,160,171,182,182,199,199,199,300,300,315,315,335,57,73,73,90,115,115,2,2,18,18,28,28,28,28,28],"floor_reached":33,"language":"ENG","playtime":1511,"items_purged":["PokerPlayerMod:Spade1"],"score":296,"play_id":"d1a1324a-9ed4-4734-a40e-6fc483c4de3a","local_time":"20210125102540","is_ascension_mode":false,"metric_token":2770,"campfire_choices":[{"data":"PokerPlayerMod:Club3","floor":6,"key":"SMITH"},{"data":"PokerPlayerMod:Club1","floor":8,"key":"SMITH"},{"data":"PokerPlayerMod:TheDieIsCast","floor":15,"key":"SMITH"},{"data":"PokerPlayerMod:Club2","floor":23,"key":"SMITH"},{"data":"PokerPlayerMod:TrumpStrike","floor":28,"key":"SMITH"},{"data":"PokerPlayerMod:Club3","floor":30,"key":"SMITH"},{"data":"PokerPlayerMod:Spade3","floor":32,"key":"SMITH"}],"circlet_count":0,"master_deck":["PokerPlayerMod:Diamond1","PokerPlayerMod:Diamond2","PokerPlayerMod:Diamond3","PokerPlayerMod:Diamond4","PokerPlayerMod:Diamond5","PokerPlayerMod:Spade2","PokerPlayerMod:Spade4","PokerPlayerMod:Spade4","PokerPlayerMod:Club4","PokerPlayerMod:Club2","PokerPlayerMod:Heart2","PokerPlayerMod:TrumpStrike+1","PokerPlayerMod:BadJoker","PokerPlayerMod:Mulligan","PokerPlayerMod:TheDieIsCast+1","PokerPlayerMod:Club4","PokerPlayerMod:ClubDance","PokerPlayerMod:Club4","PokerPlayerMod:Heart5","Pot Of Greed","Pot Of Greed","PokerPlayerMod:DiamondStrike","PokerPlayerMod:Club5","PokerPlayerMod:CloakAndDiamond","PokerPlayerMod:Configure","PokerPlayerMod:VarietyAttack","PokerPlayerMod:MagicTrick","PokerPlayerMod:Raise","Pot Of Greed","PokerPlayerMod:StackedDeck","PokerPlayerMod:ClubShade","PokerPlayerMod:CardBurn","PokerPlayerMod:Club5","PokerPlayerMod:Diamond4","PokerPlayerMod:Heart4"],"relics":["PokerPlayerMod:DeckCase","LetterFromLob","PokerPlayerMod:EnergeticBat","PreservedInsect","Grinning Jar","hubris:RunicObelisk","Shuriken","The Courier","RedMistMask","PokerPlayerMod:Splitter","PokerPlayerMod:FairLicense"],"acts_visited":["Exordium","TheCity"],"potions_floor_usage":[7],"damage_taken":[{"damage":0,"enemies":"Cultist","floor":1,"turns":3},{"damage":0,"enemies":"2 Louse","floor":3,"turns":1},{"damage":0,"enemies":"conspire:RoseBush","floor":4,"turns":1},{"damage":4,"enemies":"2 Fungi Beasts","floor":5,"turns":2},{"damage":4,"enemies":"Gremlin Nob","floor":7,"turns":3},{"damage":10,"enemies":"Looter","floor":10,"turns":2},{"damage":0,"enemies":"3 Louse","floor":11,"turns":2},{"damage":11,"enemies":"Large Slime","floor":13,"turns":3},{"damage":20,"enemies":"The Guardian","floor":16,"turns":5},{"damage":0,"enemies":"3 Byrds","floor":18,"turns":1},{"damage":4,"enemies":"Shell Parasite","floor":20,"turns":3},{"damage":0,"enemies":"Sentry and Sphere","floor":22,"turns":2},{"damage":26,"enemies":"Snake Plant","floor":24,"turns":4},{"damage":7,"enemies":"conspire:SneckoGhost","floor":25,"turns":4},{"damage":0,"enemies":"3 Cultists","floor":29,"turns":2},{"damage":0,"enemies":"Cultist and Chosen","floor":31,"turns":3},{"damage":55,"enemies":"Automaton","floor":33,"turns":6}],"seed_played":"-1010770847227372302","potions_obtained":[{"floor":1,"key":"Doom Potion"},{"floor":3,"key":"Elixir"},{"floor":4,"key":"Fire Potion"},{"floor":11,"key":"FearPotion"}],"is_trial":false,"path_per_floor":["M","$","M","M","M","R","E","R","T","M","M","?","M","?","R","B",null,"M","?","M","$","M","R","M","E","T","$","R","M","R","M","R","B"],"character_chosen":"THE_POKER_PLAYER","items_purchased":["PokerPlayerMod:EnergeticBat","PokerPlayerMod:ClubShade","Shuriken","PokerPlayerMod:Heart4","PokerPlayerMod:FairLicense"],"campfire_rested":0,"item_purchase_floors":[2,21,21,27,27],"current_hp_per_floor":[47,47,47,47,43,43,39,39,39,36,47,47,42,42,42,22,47,47,47,47,47,47,47,21,26,26,26,26,43,43,47,47,0,0,0],"gold":28,"neow_bonus":"THREE_RARE_CARDS","is_daily":false,"chose_seed":false,"campfire_upgraded":7,"win_rate":0.0,"timestamp":1611588340,"path_taken":["M","$","M","M","?","R","E","R","T","M","M","?","M","?","R","BOSS","M","?","M","$","M","R","M","E","T","$","R","M","R","M","R","BOSS"],"items_purchased_type":["Relic","Card","Relic","Card","Relic"],"build_version":"2020-12-22","purchased_purges":1,"victory":false,"max_hp_per_floor":[47,47,47,47,47,47,47,47,47,47,47,47,47,47,47,47,47,47,47,47,47,47,47,47,47,47,47,47,47,47,47,47,47,47,47],"card_choices":[{"not_picked":["PokerPlayerMod:ItsShowtime","PokerPlayerMod:StackedDeck"],"picked":"PokerPlayerMod:TheDieIsCast","floor":0},{"not_picked":["PokerPlayerMod:Diamond1","PokerPlayerMod:Trickery"],"picked":"PokerPlayerMod:Club3","floor":1},{"not_picked":["PokerPlayerMod:Sharpen","PokerPlayerMod:Spade5"],"picked":"PokerPlayerMod:ClubDance","floor":3},{"not_picked":["PokerPlayerMod:Spade4","PokerPlayerMod:CloakAndDiamond"],"picked":"PokerPlayerMod:Club4","floor":4},{"not_picked":["PokerPlayerMod:ClubsClub","PokerPlayerMod:CloakAndDiamond"],"picked":"PokerPlayerMod:Heart5","floor":5},{"not_picked":["PokerPlayerMod:Diamond7","PokerPlayerMod:Harden","PokerPlayerMod:PoorCopy"],"picked":"SKIP","floor":7},{"not_picked":["PokerPlayerMod:Diamond1","PokerPlayerMod:Fold"],"picked":"PokerPlayerMod:DiamondStrike","floor":10},{"not_picked":["PokerPlayerMod:Club4","PokerPlayerMod:Raise"],"picked":"PokerPlayerMod:Club5","floor":11},{"not_picked":["PokerPlayerMod:Spade1","PokerPlayerMod:DartThrow","PokerPlayerMod:Sharpen"],"picked":"SKIP","floor":13},{"not_picked":["PokerPlayerMod:Diamond10+","PokerPlayerMod:Spade9"],"picked":"PokerPlayerMod:StackedDeck","floor":16},{"not_picked":["PokerPlayerMod:Configure+1","PokerPlayerMod:Trickery","PokerPlayerMod:DartThrow"],"picked":"SKIP","floor":18},{"not_picked":["PokerPlayerMod:Diamond6","PokerPlayerMod:HotShotCut","PokerPlayerMod:CloakAndDiamond"],"picked":"SKIP","floor":20},{"not_picked":["PokerPlayerMod:Diamond4","PokerPlayerMod:RiskyBet"],"picked":"PokerPlayerMod:CardBurn","floor":22},{"not_picked":["PokerPlayerMod:Overdeal","PokerPlayerMod:Club2"],"picked":"PokerPlayerMod:Club5","floor":24},{"not_picked":["PokerPlayerMod:WasteCollection","PokerPlayerMod:Diamond1"],"picked":"PokerPlayerMod:Diamond4","floor":25},{"not_picked":["PokerPlayerMod:Diamond3","PokerPlayerMod:Diamond1","PokerPlayerMod:Club2"],"picked":"SKIP","floor":29},{"not_picked":["PokerPlayerMod:Fold","PokerPlayerMod:MagicTrick","PokerPlayerMod:Diamond6"],"picked":"SKIP","floor":31}],"player_experience":1527618,"relics_obtained":[{"floor":1,"key":"LetterFromLob"},{"floor":7,"key":"PreservedInsect"},{"floor":9,"key":"Grinning Jar"},{"floor":25,"key":"The Courier"},{"floor":25,"key":"RedMistMask"},{"floor":26,"key":"PokerPlayerMod:Splitter"}],"event_choices":[{"damage_healed":0,"gold_gain":0,"player_choice":"Bought 0 Potions","damage_taken":0,"max_hp_gain":0,"max_hp_loss":0,"event_name":"The Woman in Blue","floor":19,"gold_loss":0}],"is_beta":false,"boss_relics":[{"not_picked":["Hololive_TopUpMoneyS","reliquary:WritOfMandamus"],"picked":"hubris:RunicObelisk"}],"items_purged_floors":[21],"is_endless":false,"potions_floor_spawned":[1,3,4,11,24,31],"killed_by":"Automaton","ascension_level":0}}