{"host":"dgo3vn978vkqa5rz","time":1611539978,"event":{"mods":["AchievementEnabler","BaseMod","BetterRewards","Colored Map","Custom Start","Minty Spire (QoL Compilation)","Quick Restart","Rare Cards Sparkle","Remove Card Discount Mod","Shop Mod","Spicy Shops","StSLib","Transform Curses"],"gold_per_floor":[110,121,136,155,173,173,206,281,281,281,293,305,317,339,351,461,473,496,508,538,500,523,535,573,459,459,494,80,94,113,125,125,230,230,247,247,262,262,276,276,295,330,398,398,415,431,462,533,533,628,628,638,638,913,911,928,957,957,970,970,987,1022,1035,1048,1060,1060,1164,1164,1177,1188,1090,1090,1090,1090,1090,1110,1139,1139,1164,1184,1197,1296,1296,1394,1394,1411,1423,1438,1450,1465,1465,1465],"floor_reached":91,"language":"ENG","playtime":5660,"items_purged":["Concentrate","Bandage Up","Bandage Up","Pain","Madness","Madness","Regret"],"score":2295,"play_id":"335f0358-a86c-41f0-9264-8b38b069c617","local_time":"20210124175938","is_ascension_mode":false,"campfire_choices":[{"data":"Echo Form","floor":6,"key":"SMITH"},{"data":"Echo Form","floor":11,"key":"SMITH"},{"data":"Adrenaline","floor":15,"key":"SMITH"},{"data":"Chill","floor":23,"key":"SMITH"},{"data":"Loop","floor":32,"key":"SMITH"},{"data":"Double Energy","floor":40,"key":"SMITH"},{"data":"Aggregate","floor":49,"key":"SMITH"},{"data":"Gash","floor":58,"key":"SMITH"},{"data":"Demon Form","floor":66,"key":"SMITH"},{"data":"J.A.X.","floor":74,"key":"SMITH"},{"data":"Double Energy","floor":78,"key":"SMITH"},{"data":"Chill","floor":83,"key":"SMITH"}],"circlet_count":0,"master_deck":["LiveForever","Panache","Enlightenment","Enlightenment","Adrenaline","Adrenaline","Adrenaline","Adrenaline+1","Rage","Seeing Red","Seeing Red","Barricade","Demon Form+1","Rainbow","Rainbow","Rainbow","Rainbow+1","Chill+1","Chill","Lockon","Melter+1","Melter","Electrodynamics","Electrodynamics","Buffer","Buffer","Buffer","Echo Form+1","Echo Form+1","Loop+1","Self Repair","Self Repair","Reboot","Reboot","Seek","Seek","Aggregate+1","Double Energy","Double Energy+1","Double Energy","Double Energy","Double Energy+1","Chill","Chill+1","BootSequence","BootSequence","BootSequence+1","BootSequence","BootSequence","Scrape+1","Gash+1","Gash","Gash","Gash","Gash","Gash","Gash","Gash","Gash","Gash","Gash","Gash","Reinforced Body","Defragment","Finesse","Stack","Redo+1","Lockon","Double Energy","Loop","Gash","J.A.X.+1","Double Energy+1","Buffer"],"relics":["FrozenCore","Anchor","Bottled Flame","Bottled Tornado","Bottled Lightning","Calipers","Busted Crown","Burning Blood","Bronze Scales","Blue Candle","Bird Faced Urn","Bag of Preparation","Inserter","HoveringKite","Ice Cream","Incense Burner","HornCleat","HandDrill","Gremlin Horn","Cables","Shuriken","SlaversCollar","Sling","SacredBark","Runic Capacitor","Potion Belt","Magic Flower","Mango","Emotion Chip","DataDisk","Chemical X","Lee\u0027s Waffle","Lantern","OrangePellets","Pen Nib","TheAbacus","Symbiotic Virus","Sundial","Strawberry","Tough Bandages","Toy Ornithopter","Turnip","Unceasing Top","Vajra","War Paint","Whetstone","WristBlade","Darkstone Periapt","Centennial Puzzle","Cauldron","MealTicket","Boot","Torii","Inserter","MerchantsRug","Pocketwatch","CaptainsWheel","Lizard Tail","Membership Card","TungstenRod","Thread and Needle","Nuclear Battery","Kunai","Philosopher\u0027s Stone","Strange Spoon","Coffee Dripper"],"acts_visited":["Exordium","TheCity","TheBeyond","Exordium","TheCity","TheBeyond"],"potions_floor_usage":[],"damage_taken":[{"damage":0,"enemies":"Jaw Worm","floor":1,"turns":2},{"damage":0,"enemies":"Small Slimes","floor":2,"turns":1},{"damage":0,"enemies":"2 Louse","floor":3,"turns":1},{"damage":0,"enemies":"Looter","floor":4,"turns":1},{"damage":0,"enemies":"2 Fungi Beasts","floor":5,"turns":1},{"damage":0,"enemies":"Gremlin Nob","floor":7,"turns":2},{"damage":0,"enemies":"Gremlin Gang","floor":14,"turns":1},{"damage":0,"enemies":"The Guardian","floor":16,"turns":2},{"damage":0,"enemies":"3 Byrds","floor":18,"turns":2},{"damage":0,"enemies":"Spheric Guardian","floor":20,"turns":1},{"damage":0,"enemies":"Centurion and Healer","floor":22,"turns":2},{"damage":0,"enemies":"Slavers","floor":24,"turns":1},{"damage":0,"enemies":"Gremlin Leader","floor":27,"turns":2},{"damage":0,"enemies":"3 Cultists","floor":29,"turns":1},{"damage":0,"enemies":"Snecko","floor":30,"turns":1},{"damage":0,"enemies":"Cultist and Chosen","floor":31,"turns":3},{"damage":0,"enemies":"Collector","floor":33,"turns":2},{"damage":0,"enemies":"3 Darklings","floor":35,"turns":2},{"damage":0,"enemies":"Orb Walker","floor":37,"turns":3},{"damage":0,"enemies":"3 Darklings","floor":39,"turns":1},{"damage":0,"enemies":"Spire Growth","floor":41,"turns":3},{"damage":0,"enemies":"Giant Head","floor":42,"turns":3},{"damage":0,"enemies":"Transient","floor":45,"turns":4},{"damage":0,"enemies":"3 Darklings","floor":46,"turns":2},{"damage":0,"enemies":"Reptomancer","floor":47,"turns":4},{"damage":0,"enemies":"Awakened One","floor":50,"turns":3},{"damage":0,"enemies":"Jaw Worm","floor":52,"turns":4},{"damage":0,"enemies":"Small Slimes","floor":56,"turns":1},{"damage":0,"enemies":"3 Sentries","floor":57,"turns":2},{"damage":0,"enemies":"Cultist","floor":59,"turns":2},{"damage":0,"enemies":"Looter","floor":61,"turns":2},{"damage":0,"enemies":"Gremlin Nob","floor":62,"turns":2},{"damage":0,"enemies":"Red Slaver","floor":63,"turns":1},{"damage":0,"enemies":"Exordium Thugs","floor":64,"turns":1},{"damage":0,"enemies":"Large Slime","floor":65,"turns":1},{"damage":0,"enemies":"Slime Boss","floor":67,"turns":1},{"damage":0,"enemies":"Shell Parasite","floor":69,"turns":1},{"damage":0,"enemies":"Chosen","floor":70,"turns":1},{"damage":0,"enemies":"Centurion and Healer","floor":76,"turns":2},{"damage":0,"enemies":"Slavers","floor":77,"turns":2},{"damage":2,"enemies":"Book of Stabbing","floor":79,"turns":2},{"damage":0,"enemies":"3 Cultists","floor":80,"turns":3},{"damage":0,"enemies":"Sentry and Sphere","floor":81,"turns":1},{"damage":0,"enemies":"Champ","floor":84,"turns":2},{"damage":0,"enemies":"3 Shapes","floor":86,"turns":3},{"damage":2,"enemies":"3 Darklings","floor":87,"turns":1},{"damage":0,"enemies":"Jaw Worm Horde","floor":88,"turns":1},{"damage":0,"enemies":"4 Shapes","floor":89,"turns":2},{"damage":0,"enemies":"3 Darklings","floor":90,"turns":2},{"damage":0,"enemies":"Reptomancer","floor":91,"turns":1}],"seed_played":"-3314078208701960331","potions_obtained":[{"floor":0,"key":"Regen Potion"},{"floor":0,"key":"Swift Potion"},{"floor":0,"key":"Energy Potion"},{"floor":0,"key":"AttackPotion"},{"floor":0,"key":"PotionOfCapacity"},{"floor":16,"key":"LiquidMemories"},{"floor":65,"key":"FocusPotion"}],"is_trial":true,"path_per_floor":["M","M","M","M","M","R","E","?","T","?","R","?","T","M","R","B",null,"M","?","M","?","M","R","E","$","T","E","$","M","M","M","R","B",null,"M","?","M","T","M","R","M","E","T","?","M","M","E","$","R","B",null,"M","?","?","$","M","E","R","M","T","M","E","M","M","M","R","B",null,"M","M","$","?","?","R","?","M","E","R","E","M","M","?","R","B",null,"M","M","M","M","M","E"],"character_chosen":"DEFECT","items_purchased":["MerchantsRug","Lizard Tail","Membership Card","Defragment","Finesse","Thread and Needle","Gash","Strange Spoon"],"campfire_rested":0,"item_purchase_floors":[25,28,28,28,28,48,71,71],"current_hp_per_floor":[103,103,103,103,103,103,103,92,92,89,89,89,89,103,103,103,103,103,103,103,103,103,103,103,103,103,103,109,109,109,109,109,109,109,109,95,109,109,109,109,109,109,109,109,109,109,109,109,109,109,109,109,109,115,115,115,115,115,115,115,115,115,115,115,115,115,115,115,115,115,115,92,92,92,92,119,120,120,120,120,120,120,120,120,120,120,120,120,120,120,120,120],"gold":1465,"neow_bonus":"","is_daily":false,"chose_seed":false,"campfire_upgraded":12,"win_rate":0.0,"timestamp":1611539978,"path_taken":["M","M","M","M","M","R","E","?","T","?","R","?","?","M","R","BOSS","M","?","M","?","?","R","E","$","T","E","?","M","M","M","R","BOSS","M","?","M","?","M","R","M","E","T","?","M","M","E","$","R","BOSS","M","?","?","$","M","E","R","M","T","M","E","M","?","M","R","BOSS","M","M","?","?","?","R","?","M","E","R","E","?","M","?","R","BOSS","M","M","M","M","M","E"],"items_purchased_type":["Relic","Relic","Relic","Card","Card","Relic","Card","Relic"],"build_version":"2020-12-22","purchased_purges":7,"victory":false,"max_hp_per_floor":[103,103,103,103,103,103,103,103,103,103,103,103,103,103,103,103,103,103,103,103,103,103,103,103,103,103,103,109,109,109,109,109,109,109,109,109,109,109,109,109,109,109,109,109,109,109,109,109,109,109,109,109,109,115,115,115,115,115,115,115,115,115,115,115,115,115,115,115,115,115,115,120,120,120,120,120,120,120,120,120,120,120,120,120,120,120,120,120,120,120,120,120],"card_choices":[{"not_picked":["Ball Lightning"],"picked":"SKIP","floor":1},{"not_picked":["Leap"],"picked":"SKIP","floor":2},{"not_picked":["Steam"],"picked":"SKIP","floor":3},{"not_picked":["Consume"],"picked":"SKIP","floor":4},{"not_picked":["Barrage"],"picked":"SKIP","floor":5},{"not_picked":["Hologram"],"picked":"SKIP","floor":7},{"not_picked":["Consume"],"picked":"SKIP","floor":14},{"not_picked":["Blizzard"],"picked":"SKIP","floor":18},{"not_picked":["Barrage+1"],"picked":"SKIP","floor":20},{"not_picked":["Rebound"],"picked":"SKIP","floor":22},{"not_picked":["Aggregate"],"picked":"SKIP","floor":24},{"not_picked":["Core Surge"],"picked":"SKIP","floor":27},{"not_picked":["Steam Power"],"picked":"SKIP","floor":29},{"not_picked":["Ball Lightning"],"picked":"SKIP","floor":30},{"not_picked":["Coolheaded"],"picked":"SKIP","floor":31},{"not_picked":["Steam+1"],"picked":"SKIP","floor":35},{"not_picked":["Barrage+1"],"picked":"SKIP","floor":37},{"not_picked":["Turbo+1"],"picked":"SKIP","floor":39},{"not_picked":["Recycle+1"],"picked":"SKIP","floor":41},{"not_picked":[],"picked":"Stack","floor":42},{"not_picked":[],"picked":"Redo+1","floor":45},{"not_picked":["Recycle+1"],"picked":"SKIP","floor":46},{"not_picked":["Glacier+1"],"picked":"SKIP","floor":47},{"not_picked":["Rebound"],"picked":"SKIP","floor":52},{"not_picked":[],"picked":"Lockon","floor":56},{"not_picked":["Melter"],"picked":"SKIP","floor":57},{"not_picked":["Rebound"],"picked":"SKIP","floor":59},{"not_picked":["Turbo"],"picked":"SKIP","floor":61},{"not_picked":[],"picked":"Double Energy","floor":62},{"not_picked":["Genetic Algorithm"],"picked":"SKIP","floor":63},{"not_picked":["Recycle"],"picked":"SKIP","floor":64},{"not_picked":[],"picked":"Loop","floor":65},{"not_picked":["Barrage+1"],"picked":"SKIP","floor":69},{"not_picked":["Steam Power+1"],"picked":"SKIP","floor":70},{"not_picked":["Self Repair"],"picked":"SKIP","floor":76},{"not_picked":["Barrage"],"picked":"SKIP","floor":77},{"not_picked":["Lockon"],"picked":"SKIP","floor":79},{"not_picked":["Defragment+1"],"picked":"SKIP","floor":80},{"not_picked":[],"picked":"Double Energy+1","floor":81},{"not_picked":[],"picked":"Buffer","floor":84},{"not_picked":["Defragment"],"picked":"SKIP","floor":86},{"not_picked":["Heatsinks"],"picked":"SKIP","floor":87},{"not_picked":["Go for the Eyes+1"],"picked":"SKIP","floor":88},{"not_picked":["Turbo"],"picked":"SKIP","floor":89},{"not_picked":["Streamline"],"picked":"SKIP","floor":90}],"player_experience":154533,"relics_obtained":[{"floor":7,"key":"MealTicket"},{"floor":9,"key":"Boot"},{"floor":13,"key":"Torii"},{"floor":26,"key":"Pocketwatch"},{"floor":27,"key":"CaptainsWheel"},{"floor":38,"key":"Gambling Chip"},{"floor":42,"key":"TungstenRod"},{"floor":60,"key":"Kunai"}],"event_choices":[{"damage_healed":0,"gold_gain":75,"player_choice":"Gather Gold","damage_taken":11,"max_hp_gain":0,"max_hp_loss":0,"event_name":"World of Goop","floor":8,"gold_loss":0},{"damage_healed":0,"gold_gain":0,"player_choice":"Success","damage_taken":3,"relics_obtained":["MawBank"],"max_hp_gain":0,"max_hp_loss":0,"event_name":"Scrap Ooze","floor":10,"gold_loss":0},{"damage_healed":0,"gold_gain":0,"player_choice":"Leave","damage_taken":0,"max_hp_gain":0,"max_hp_loss":0,"event_name":"The Cleric","floor":12,"gold_loss":0},{"damage_healed":0,"gold_gain":0,"player_choice":"Read","damage_taken":0,"max_hp_gain":0,"max_hp_loss":0,"event_name":"The Library","floor":19,"gold_loss":0,"cards_obtained":["Reinforced Body"]},{"damage_healed":0,"gold_gain":0,"player_choice":"Bet on Murderer","damage_taken":0,"max_hp_gain":0,"max_hp_loss":0,"event_name":"The Joust","floor":21,"gold_loss":50},{"damage_healed":0,"gold_gain":0,"player_choice":"Embrace Madness","damage_taken":14,"max_hp_gain":0,"max_hp_loss":0,"event_name":"Winding Halls","floor":36,"gold_loss":0,"cards_obtained":["Madness","Madness"]},{"damage_healed":0,"gold_gain":0,"player_choice":"Ignored","damage_taken":0,"max_hp_gain":0,"max_hp_loss":0,"event_name":"Tomb of Lord Red Mask","floor":44,"gold_loss":0},{"damage_healed":0,"gold_gain":0,"player_choice":"Leave","damage_taken":0,"max_hp_gain":0,"max_hp_loss":0,"event_name":"The Cleric","floor":53,"gold_loss":0},{"damage_healed":0,"gold_gain":275,"player_choice":"Desecrate","damage_taken":0,"max_hp_gain":0,"max_hp_loss":0,"event_name":"Golden Shrine","floor":54,"gold_loss":0,"cards_obtained":["Regret"]},{"damage_healed":0,"gold_gain":0,"player_choice":"Shed Blood","damage_taken":29,"max_hp_gain":5,"max_hp_loss":0,"event_name":"Forgotten Altar","floor":72,"gold_loss":0},{"damage_healed":0,"gold_gain":0,"player_choice":"Obtain J.A.X.","damage_taken":0,"max_hp_gain":0,"max_hp_loss":0,"event_name":"Drug Dealer","floor":73,"gold_loss":0,"cards_obtained":["J.A.X."]},{"damage_healed":0,"gold_gain":0,"player_choice":"Ignored","damage_taken":0,"max_hp_gain":0,"max_hp_loss":0,"event_name":"N\u0027loth","floor":75,"gold_loss":0},{"damage_healed":0,"gold_gain":99,"player_choice":"Stole From Cult","damage_taken":0,"max_hp_gain":0,"max_hp_loss":0,"event_name":"Nest","floor":82,"gold_loss":0}],"is_beta":false,"boss_relics":[{"not_picked":["Philosopher\u0027s Stone","Sozu"],"picked":"Inserter"},{"not_picked":["Snecko Eye","Fusion Hammer"],"picked":"FrozenCore"},{"not_picked":["Cursed Key","Tiny House"],"picked":"Nuclear Battery"},{"not_picked":["Snecko Eye","Fusion Hammer"],"picked":"Philosopher\u0027s Stone"},{"not_picked":["Runic Pyramid","Velvet Choker"],"picked":"Coffee Dripper"}],"items_purged_floors":[25,25,25,28,48,48,55],"is_endless":true,"potions_floor_spawned":[1,4,14,16,20,24,29,31,33,35,41,45,47,59,62,63,64,65,70,79,80,86,87,89],"killed_by":"Reptomancer","ascension_level":0}}