{"host":"7ignn9ecrhg4n0rm","time":1611599779,"event":{"mods":["BaseMod","Minty Spire (QoL Compilation)","Relic Stats","StSLib"],"gold_per_floor":[117,117,192,219,230,230,257,269,323,349,365,384,384,384,384,461,461,447,151,168,185,201,228,228,238,238,263,263,280,315,327,327,327,327],"floor_reached":33,"language":"ENG","playtime":1887,"items_purged":["Strike_G"],"score":627,"play_id":"562031c7-43fd-4e74-a562-7fc61915feb2","local_time":"20210125103619","is_ascension_mode":true,"campfire_choices":[{"data":"Cloak And Dagger","floor":6,"key":"SMITH"},{"data":"Dagger Spray","floor":15,"key":"SMITH"},{"floor":24,"key":"REST"},{"data":"After Image","floor":28,"key":"SMITH"},{"data":"Footwork","floor":32,"key":"SMITH"}],"circlet_count":0,"master_deck":["AscendersBane","Strike_G","Strike_G","Strike_G+1","Defend_G","Defend_G","Defend_G","Defend_G","Defend_G","Survivor","Neutralize","Cloak And Dagger+1","Backflip","Accuracy+1","Escape Plan","Prepared","Well Laid Plans","Dagger Spray+1","After Image+1","Infinite Blades","Footwork+1","Infinite Blades","Prepared","Caltrops","Acrobatics+1","Blade Dance","Backflip"],"relics":["Ring of the Snake","NeowsBlessing","Regal Pillow","Paper Crane","Whetstone","Bronze Scales","SlaversCollar","ClockworkSouvenir","Mummified Hand","Calipers","Toy Ornithopter","Meat on the Bone"],"acts_visited":["Exordium","TheCity"],"potions_floor_usage":[10,21,23,23],"damage_taken":[{"damage":0,"enemies":"2 Louse","floor":1,"turns":1},{"damage":0,"enemies":"Jaw Worm","floor":5,"turns":1},{"damage":0,"enemies":"Gremlin Nob","floor":7,"turns":1},{"damage":0,"enemies":"Small Slimes","floor":8,"turns":4},{"damage":2,"enemies":"3 Sentries","floor":10,"turns":7},{"damage":1,"enemies":"3 Louse","floor":11,"turns":3},{"damage":5,"enemies":"Blue Slaver","floor":12,"turns":4},{"damage":28,"enemies":"The Guardian","floor":16,"turns":15},{"damage":13,"enemies":"2 Thieves","floor":18,"turns":4},{"damage":3,"enemies":"Spheric Guardian","floor":20,"turns":5},{"damage":9,"enemies":"Cultist and Chosen","floor":21,"turns":6},{"damage":0,"enemies":"Snecko","floor":22,"turns":6},{"damage":14,"enemies":"Slavers","floor":23,"turns":6},{"damage":9,"enemies":"Centurion and Healer","floor":25,"turns":6},{"damage":0,"enemies":"Gremlin Leader","floor":27,"turns":6},{"damage":1,"enemies":"3 Cultists","floor":29,"turns":4},{"damage":27,"enemies":"Slavers","floor":30,"turns":5},{"damage":4,"enemies":"Snecko","floor":31,"turns":4},{"damage":26,"enemies":"Collector","floor":33,"turns":3}],"seed_played":"-3899984331029254712","potions_obtained":[{"floor":1,"key":"Explosive Potion"},{"floor":10,"key":"GamblersBrew"},{"floor":16,"key":"Weak Potion"},{"floor":21,"key":"Swift Potion"},{"floor":25,"key":"CultistPotion"},{"floor":29,"key":"FearPotion"}],"is_trial":false,"path_per_floor":["M","?","?","T","M","R","E","M","T","E","M","M","?","?","R","B",null,"M","$","M","M","M","E","R","M","T","E","R","M","E","M","R","B"],"character_chosen":"THE_SILENT","items_purchased":["Footwork","ClockworkSouvenir"],"campfire_rested":1,"item_purchase_floors":[19,19],"current_hp_per_floor":[59,64,53,53,53,53,53,53,53,51,50,45,45,38,38,10,56,43,43,40,31,31,17,53,44,44,44,44,43,16,24,24,0,0],"gold":327,"neow_bonus":"THREE_ENEMY_KILL","is_daily":false,"chose_seed":false,"campfire_upgraded":4,"win_rate":0.0,"timestamp":1611599779,"path_taken":["M","?","?","?","M","R","E","M","T","E","M","M","?","?","R","BOSS","M","$","M","M","M","E","R","M","T","E","R","M","E","M","R","BOSS"],"items_purchased_type":["Card","Relic"],"build_version":"2020-12-22","purchased_purges":1,"victory":false,"max_hp_per_floor":[66,71,71,71,71,71,71,71,71,71,71,71,71,71,71,71,71,71,71,71,71,71,71,71,71,71,71,71,71,71,71,71,71,71],"relic_stats":{"Regal Pillow":15,"counters":[19,91],"Mummified Hand":[38],"Bronze Scales":[259],"Whetstone":["Strike_G","Strike_G"],"obtain_stats":[{"SlaversCollar":17,"Regal Pillow":4,"Calipers":26,"NeowsBlessing":0,"Mummified Hand":23,"Bronze Scales":10,"Whetstone":9,"Paper Crane":7,"Toy Ornithopter":27,"Ring of the Snake":0,"ClockworkSouvenir":19,"Meat on the Bone":30},{"SlaversCollar":8,"Regal Pillow":1,"Calipers":14,"NeowsBlessing":0,"Mummified Hand":13,"Bronze Scales":5,"Whetstone":4,"Paper Crane":3,"Toy Ornithopter":15,"Ring of the Snake":0,"ClockworkSouvenir":9,"Meat on the Bone":17},{"SlaversCollar":36,"Regal Pillow":1,"Calipers":69,"NeowsBlessing":0,"Mummified Hand":63,"Bronze Scales":14,"Whetstone":7,"Paper Crane":3,"Toy Ornithopter":75,"Ring of the Snake":0,"ClockworkSouvenir":40,"Meat on the Bone":84}],"Toy Ornithopter":0,"Ring of the Snake":[38],"Meat on the Bone":12},"card_choices":[{"not_picked":["Heel Hook","Predator"],"picked":"Cloak And Dagger","floor":1},{"not_picked":["Sucker Punch","Dodge and Roll"],"picked":"Backflip","floor":5},{"not_picked":["Deflect","Acrobatics"],"picked":"Accuracy","floor":7},{"not_picked":["Quick Slash","Setup"],"picked":"Escape Plan","floor":8},{"not_picked":["Acrobatics","Dagger Throw"],"picked":"Prepared","floor":10},{"not_picked":["Flechettes","Sucker Punch"],"picked":"Well Laid Plans","floor":11},{"not_picked":["Eviscerate","Slice"],"picked":"Dagger Spray","floor":12},{"not_picked":["Bullet Time","Wraith Form v2"],"picked":"After Image","floor":16},{"not_picked":["Dagger Throw","Slice"],"picked":"Infinite Blades","floor":18},{"not_picked":["Slice","Reflex"],"picked":"Infinite Blades","floor":20},{"not_picked":["Poisoned Stab","Deadly Poison","Acrobatics"],"picked":"SKIP","floor":21},{"not_picked":["Outmaneuver","Flying Knee"],"picked":"Prepared","floor":22},{"not_picked":["Dagger Spray","Bouncing Flask","Slice"],"picked":"SKIP","floor":23},{"not_picked":["Dagger Spray","Flying Knee"],"picked":"Caltrops","floor":25},{"not_picked":["Dagger Spray","Poisoned Stab","Slice+1"],"picked":"SKIP","floor":27},{"not_picked":["Doppelganger","Outmaneuver"],"picked":"Acrobatics+1","floor":29},{"not_picked":["Skewer","Bouncing Flask"],"picked":"Blade Dance","floor":30},{"not_picked":["Prepared","Heel Hook"],"picked":"Backflip","floor":31}],"player_experience":234810,"relics_obtained":[{"floor":4,"key":"Regal Pillow"},{"floor":7,"key":"Paper Crane"},{"floor":9,"key":"Whetstone"},{"floor":10,"key":"Bronze Scales"},{"floor":23,"key":"Mummified Hand"},{"floor":26,"key":"Calipers"},{"floor":27,"key":"Toy Ornithopter"},{"floor":30,"key":"Meat on the Bone"}],"event_choices":[{"damage_healed":0,"gold_gain":0,"player_choice":"Donut","damage_taken":0,"max_hp_gain":5,"max_hp_loss":0,"event_name":"Big Fish","floor":2,"gold_loss":0},{"damage_healed":0,"gold_gain":75,"player_choice":"Gather Gold","damage_taken":11,"max_hp_gain":0,"max_hp_loss":0,"event_name":"World of Goop","floor":3,"gold_loss":0},{"damage_healed":0,"gold_gain":0,"player_choice":"Grow","damage_taken":0,"max_hp_gain":0,"max_hp_loss":0,"event_name":"Living Wall","floor":13,"gold_loss":0,"cards_upgraded":["Accuracy"]},{"cards_removed":["Strike_G"],"damage_healed":0,"gold_gain":0,"player_choice":"Card Removal","damage_taken":7,"max_hp_gain":0,"max_hp_loss":0,"event_name":"Golden Wing","floor":14,"gold_loss":0}],"is_beta":false,"boss_relics":[{"not_picked":["Snecko Eye","Cursed Key"],"picked":"SlaversCollar"}],"items_purged_floors":[19],"is_endless":false,"potions_floor_spawned":[1,10,16,21,22,25,29,31],"killed_by":"Collector","ascension_level":14}}