{"host":"3y2rtlgteqp2nuo3","time":1611578749,"event":{"mods":["2.2 Compatiblity","AchievementEnabler","BaseMod","Colored Map","DeckTracker","Highlight Path","Keyboard Shortcuts","Minty Spire (QoL Compilation)","Permanent Neow","Quick Restart","StSLib","SuperFastMode","everything is the same but u backflip on backflip"],"gold_per_floor":[113,131,146,71,71,97,109,109,136,163,179,195,206,10,10,113,113,133,152,170,77,2,30,47,47,47,61,61,61,61,88,88,190,190,205,205,218,237,248,279,279,311,311,261,277,277,306,324,324,324,324,324,42,75,75],"floor_reached":56,"language":"KOR","playtime":2234,"items_purged":["Strike_P","Strike_P","FollowUp","Defend_P","Defend_P"],"score":1748,"play_id":"95cb9ae9-dbf2-4620-bd76-7f3ea1d228a8","local_time":"20210125214549","is_ascension_mode":true,"campfire_choices":[{"data":"Eruption","floor":8.0,"key":"SMITH"},{"data":"Adaptation","floor":15.0,"key":"SMITH"},{"data":"InnerPeace","floor":25.0,"key":"SMITH"},{"data":"FearNoEvil","floor":29.0,"key":"SMITH"},{"data":"Adaptation","floor":32.0,"key":"SMITH"},{"floor":41.0,"key":"RECALL"},{"data":"Wallop","floor":46,"key":"SMITH"},{"data":"1","floor":49,"key":"LIFT"},{"data":"Vigilance","floor":52,"key":"SMITH"}],"circlet_count":0,"master_deck":["Eruption+1","Vigilance+1","InnerPeace+1","FearNoEvil+1","Adaptation+1","Wallop+1","Adaptation+1","TalkToTheHand+1","Enlightenment"],"relics":["HolyWater","MealTicket","CeramicFish","Membership Card","Juzu Bracelet","Pantograph","Girya","SlaversCollar","PreservedInsect","Smiling Mask","Whetstone","Orrery","Shuriken","InkBottle"],"acts_visited":["Exordium","TheCity","TheBeyond","TheEnding"],"potions_floor_usage":[55,55,55],"damage_taken":[{"damage":0.0,"enemies":"2 Louse","floor":1.0,"turns":1.0},{"damage":0.0,"enemies":"Small Slimes","floor":2.0,"turns":4.0},{"damage":0.0,"enemies":"Jaw Worm","floor":3.0,"turns":4.0},{"damage":23.0,"enemies":"Lagavulin","floor":6.0,"turns":6.0},{"damage":4.0,"enemies":"3 Louse","floor":7.0,"turns":4.0},{"damage":12.0,"enemies":"2 Fungi Beasts","floor":10.0,"turns":4.0},{"damage":5.0,"enemies":"Looter","floor":11.0,"turns":3.0},{"damage":13.0,"enemies":"Lots of Slimes","floor":12.0,"turns":3.0},{"damage":3.0,"enemies":"Gremlin Gang","floor":13.0,"turns":4.0},{"damage":0.0,"enemies":"The Guardian","floor":16.0,"turns":2.0},{"damage":5.0,"enemies":"3 Byrds","floor":18.0,"turns":5.0},{"damage":5.0,"enemies":"Shell Parasite","floor":19.0,"turns":3.0},{"damage":0.0,"enemies":"Gremlin Leader","floor":23.0,"turns":1.0},{"damage":0.0,"enemies":"Cultist and Chosen","floor":24.0,"turns":3.0},{"damage":0.0,"enemies":"Snecko","floor":27.0,"turns":1.0},{"damage":4.0,"enemies":"Slavers","floor":31.0,"turns":2.0},{"damage":0.0,"enemies":"Champ","floor":33.0,"turns":1.0},{"damage":0.0,"enemies":"3 Darklings","floor":35.0,"turns":1.0},{"damage":0.0,"enemies":"Orb Walker","floor":37.0,"turns":2.0},{"damage":0.0,"enemies":"Transient","floor":38.0,"turns":1.0},{"damage":0.0,"enemies":"Writhing Mass","floor":39.0,"turns":1.0},{"damage":0.0,"enemies":"Nemesis","floor":40.0,"turns":1.0},{"damage":0.0,"enemies":"Giant Head","floor":42.0,"turns":2.0},{"damage":0,"enemies":"Maw","floor":45,"turns":2},{"damage":0,"enemies":"Reptomancer","floor":47,"turns":1},{"damage":0,"enemies":"Spire Growth","floor":48,"turns":2},{"damage":0,"enemies":"Awakened One","floor":50,"turns":2},{"damage":0,"enemies":"Shield and Spear","floor":54,"turns":1},{"damage":53,"enemies":"The Heart","floor":55,"turns":5}],"seed_played":"42426662322957894","potions_obtained":[{"floor":6.0,"key":"Dexterity Potion"},{"floor":7.0,"key":"Fruit Juice"},{"floor":10.0,"key":"SpeedPotion"},{"floor":12.0,"key":"DistilledChaos"},{"floor":19.0,"key":"GamblersBrew"},{"floor":24.0,"key":"BottledMiracle"}],"is_trial":false,"path_per_floor":["M","M","M","$","?","E","M","R","T","M","M","M","M","$","R","B",null,"M","M","?","$","?","E","M","R","T","M","?","R","$","E","R","B",null,"M","?","M","M","M","E","R","E","T","$","M","R","E","M","R","B",null,"R","$","E","B",null],"character_chosen":"WATCHER","items_purchased":["Membership Card","Adaptation","Orrery","Shuriken","Enlightenment"],"campfire_rested":0,"item_purchase_floors":[14,21,53,53,53],"current_hp_per_floor":[72,72,72,72,65,42,43,43,43,31,26,13,10,25,25,25,77,72,67,67,77,77,77,77,77,77,77,77,77,77,73,73,77,77,77,77,77,77,77,77,77,77,77,77,77,77,77,77,77,77,77,77,77,77,24],"gold":75,"neow_bonus":"THREE_CARDS","is_daily":false,"chose_seed":false,"campfire_upgraded":7,"win_rate":0.0,"timestamp":1611578749,"path_taken":["M","M","M","$","?","E","M","R","T","M","M","M","M","$","R","BOSS","M","M","?","$","?","E","M","R","T","M","?","R","$","E","R","BOSS","M","?","M","M","M","E","R","E","T","$","M","R","E","M","R","BOSS","R","$","E","BOSS"],"items_purchased_type":["Relic","Card","Relic","Relic","Card"],"build_version":"2020-12-22","purchased_purges":5,"victory":true,"max_hp_per_floor":[72,72,72,72,72,72,77,77,77,77,77,77,77,77,77,77,77,77,77,77,77,77,77,77,77,77,77,77,77,77,77,77,77,77,77,77,77,77,77,77,77,77,77,77,77,77,77,77,77,77,77,77,77,77,77],"card_choices":[{"not_picked":["Halt","ForeignInfluence"],"picked":"InnerPeace","floor":0.0},{"not_picked":["JustLucky","CrushJoints","Sanctity"],"picked":"SKIP","floor":1.0},{"not_picked":["ForeignInfluence","CutThroughFate","Evaluate"],"picked":"SKIP","floor":2.0},{"not_picked":["FlurryOfBlows","EmptyFist"],"picked":"FearNoEvil","floor":3.0},{"not_picked":["Swivel","CrushJoints","Vengeance"],"picked":"SKIP","floor":6.0},{"not_picked":["Omniscience","PathToVictory","Crescendo"],"picked":"SKIP","floor":7.0},{"not_picked":["CarveReality","EmptyBody"],"picked":"Adaptation","floor":10.0},{"not_picked":["InnerPeace","Consecrate","Halt"],"picked":"SKIP","floor":11.0},{"not_picked":["Wireheading","WindmillStrike","Evaluate"],"picked":"SKIP","floor":12.0},{"not_picked":["Worship","FollowUp","Evaluate"],"picked":"SKIP","floor":13.0},{"not_picked":["SashWhip","WreathOfFlame","SignatureMove+1"],"picked":"SKIP","floor":18.0},{"not_picked":["Study","CrushJoints","EmptyFist"],"picked":"SKIP","floor":19.0},{"not_picked":["FlyingSleeves","Prostrate","Study"],"picked":"SKIP","floor":23.0},{"not_picked":["EmptyBody","FollowUp+1","FlurryOfBlows"],"picked":"SKIP","floor":24.0},{"not_picked":["Adaptation","Collect+1","FollowUp+1"],"picked":"SKIP","floor":27.0},{"not_picked":["CutThroughFate+1","Vengeance","SashWhip"],"picked":"SKIP","floor":31.0},{"not_picked":["WaveOfTheHand+1","InnerPeace+1","Protect+1"],"picked":"SKIP","floor":35.0},{"not_picked":["FollowUp+1","BowlingBash","ClearTheMind+1"],"picked":"SKIP","floor":37.0},{"not_picked":["SignatureMove+1","Protect+1","EmptyFist+1"],"picked":"SKIP","floor":38.0},{"not_picked":["WaveOfTheHand","ClearTheMind+1","FlurryOfBlows"],"picked":"SKIP","floor":39.0},{"not_picked":["DeusExMachina","Consecrate+1","Protect"],"picked":"SKIP","floor":40.0},{"not_picked":["Meditate","Devotion","Brilliance"],"picked":"SKIP","floor":42.0},{"not_picked":["Halt+1","ClearTheMind+1","Wallop"],"picked":"SKIP","floor":45},{"not_picked":["Vengeance+1","TalkToTheHand+1","Protect+1"],"picked":"SKIP","floor":47},{"not_picked":["ReachHeaven+1","Protect","Halt"],"picked":"SKIP","floor":48},{"not_picked":["JustLucky","Evaluate+1"],"picked":"TalkToTheHand+1","floor":53},{"not_picked":["Halt","Perseverance","Indignation+1"],"picked":"SKIP","floor":54}],"player_experience":718531,"relics_obtained":[{"floor":6.0,"key":"MealTicket"},{"floor":9.0,"key":"CeramicFish"},{"floor":23.0,"key":"Juzu Bracelet"},{"floor":26.0,"key":"Pantograph"},{"floor":31.0,"key":"Girya"},{"floor":40.0,"key":"PreservedInsect"},{"floor":42.0,"key":"Smiling Mask"},{"floor":47,"key":"Whetstone"},{"floor":54,"key":"InkBottle"}],"event_choices":[{"cards_removed":["Strike_P"],"damage_healed":0.0,"max_hp_gain":0.0,"max_hp_loss":0.0,"gold_gain":0.0,"event_name":"Golden Wing","player_choice":"Card Removal","floor":5.0,"gold_loss":0.0,"damage_taken":7.0},{"damage_healed":0.0,"max_hp_gain":0.0,"max_hp_loss":0.0,"gold_gain":0.0,"cards_transformed":["Strike_P","Defend_P"],"event_name":"Drug Dealer","player_choice":"Became Test Subject","floor":20.0,"gold_loss":0.0,"damage_taken":0.0,"cards_obtained":["Wallop","FollowUp"]},{"cards_removed":["Defend_P"],"damage_healed":0.0,"max_hp_gain":0.0,"max_hp_loss":0.0,"gold_gain":0.0,"event_name":"Beggar","player_choice":"Gave Gold","floor":22.0,"gold_loss":75.0,"damage_taken":0.0},{"damage_healed":0.0,"max_hp_gain":0.0,"max_hp_loss":0.0,"gold_gain":0.0,"event_name":"Vampires","player_choice":"Ignored","floor":28.0,"gold_loss":0.0,"damage_taken":0.0},{"damage_healed":0.0,"max_hp_gain":0.0,"max_hp_loss":0.0,"gold_gain":0.0,"event_name":"SensoryStone","player_choice":"Memory 1","floor":36.0,"gold_loss":0.0,"damage_taken":0.0}],"is_beta":false,"boss_relics":[{"not_picked":["Busted Crown","Sozu"],"picked":"HolyWater"},{"not_picked":["Pandora\u0027s Box","Snecko Eye"],"picked":"SlaversCollar"}],"items_purged_floors":[4,14,21,44,53],"is_endless":false,"potions_floor_spawned":[6,7,10,12,19,24,31,39,42,47,48],"ascension_level":1}}