{"host":"kvdgttz6fg1t1san","time":1611550689,"event":{"mods":["Aspiration","BaseMod","Colored Map","Downfall","Halation","Hubris","Lobotomy","Minty Spire (QoL Compilation)","Replay The Spire","StSLib"],"gold_per_floor":[99,114,179,191,191,191,215,125,125,156,174,190,190,227,242,361,361,361,361,385,409,257,280,303,347,347,347,347],"floor_reached":26,"language":"ENG","playtime":1604,"items_purged":["champ:Strike"],"score":226,"play_id":"dc564b3f-45f9-4903-a3f7-ee48c0444eb0","local_time":"20210124235809","is_ascension_mode":false,"campfire_choices":[{"data":"champ:Execute","floor":1.0,"key":"SMITH"},{"data":"champ:FanOfKnives","floor":6.0,"key":"SMITH"},{"data":"champ:Shatter","floor":9.0,"key":"SMITH"},{"data":"champ:VampiricStrike","floor":18,"key":"SMITH"}],"circlet_count":0,"master_deck":["champ:Strike","champ:Strike","champ:Strike","champ:Defend","champ:Defend","champ:Defend","champ:Execute+1","champ:Taunt","champ:Shatter+1","champ:FanOfKnives+1","champ:ShieldWall","champ:CrownThrow","champ:FaceSlap","champ:Encircle","champ:BringItOn","champ:VampiricStrike+1","champ:EnragedBash","champ:FlashCut+1","champ:IronFortress"],"relics":["champ:ChampionCrown","Replay:Rubber Ducky","Ring of Peace","champ:FightingForDummies","halation:IllGainedPizza","Odd Mushroom","Ring of Chaos","Orrery","Akabeko","aspiration:AnachronicSnailShell"],"acts_visited":["Exordium","TheCity"],"potions_floor_usage":[22],"damage_taken":[{"damage":10.0,"enemies":"Small Slimes","floor":2.0,"turns":3.0},{"damage":51.0,"enemies":"Gremlin Nob","floor":3.0,"turns":5.0},{"damage":7.0,"enemies":"2 Louse","floor":4.0,"turns":3.0},{"damage":0.0,"enemies":"downfall:FleeingMerchant","floor":8.0,"turns":4.0},{"damage":20.0,"enemies":"3 Sentries","floor":10.0,"turns":7.0},{"damage":0.0,"enemies":"Jaw Worm","floor":11.0,"turns":3.0},{"damage":0.0,"enemies":"Blue Slaver","floor":12.0,"turns":4.0},{"damage":0.0,"enemies":"The Mushroom Lair","floor":14.0,"turns":5.0},{"damage":0.0,"enemies":"Exordium Wildlife","floor":15.0,"turns":4.0},{"damage":89.0,"enemies":"DF_ARCHETYPE_STREAMLINE","floor":16.0,"turns":12.0},{"damage":5,"enemies":"3 Byrds","floor":20,"turns":5},{"damage":4,"enemies":"Snake Plant","floor":21,"turns":5},{"damage":18,"enemies":"downfall:FleeingMerchant","floor":22,"turns":4},{"damage":20,"enemies":"Cultist and Chosen","floor":23,"turns":5},{"damage":57,"enemies":"Book of Stabbing","floor":25,"turns":7},{"damage":0,"enemies":"3 Cultists","floor":26,"turns":2}],"seed_played":"-3832575125089264724","potions_obtained":[{"floor":3.0,"key":"BlessingOfTheForge"},{"floor":11.0,"key":"Ancient Potion"},{"floor":12.0,"key":"Reflective Coating"},{"floor":15.0,"key":"FearPotion"},{"floor":25,"key":"Adrenaline Potion"}],"is_trial":false,"path_per_floor":["R","M","?","M","?","R","T","$","R","E","M","M","?","?","M","B",null,"R","?","M","M","$","M","T","E","M"],"character_chosen":"THE_CHAMP","items_purchased":["Orrery"],"campfire_rested":0,"item_purchase_floors":[22],"current_hp_per_floor":[99,99,68,61,61,61,61,71,71,71,71,71,71,81,81,27,99,99,99,99,99,91,86,86,44,44,44,44],"gold":347,"neow_bonus":"TEN_PERCENT_HP_BONUS","is_daily":false,"chose_seed":false,"campfire_upgraded":4,"win_rate":0.0,"timestamp":1611550689,"path_taken":["R","M","?","M","?","R","T","?","R","E","?","M","?","?","M","BOSS","R","?","?","M","$","M","T","E","M"],"items_purchased_type":["Relic"],"build_version":"2020-12-22","purchased_purges":1,"victory":false,"max_hp_per_floor":[99,99,99,99,99,99,99,99,99,99,99,99,99,99,99,99,99,99,99,99,99,99,99,99,99,99,99,99],"card_choices":[{"not_picked":["champ:Backstep","champ:DefensiveShout"],"picked":"champ:Shatter","floor":2.0},{"not_picked":["champ:Endure","champ:AdrenalArmor"],"picked":"champ:FanOfKnives","floor":3.0},{"not_picked":["champ:BringItOn","champ:EnGarde"],"picked":"champ:ShieldWall","floor":4.0},{"not_picked":["champ:EnGarde","champ:FanOfKnives"],"picked":"champ:CrownThrow","floor":8.0},{"not_picked":["champ:IgnorePain","champ:PreemptiveStrike"],"picked":"champ:FaceSlap","floor":10.0},{"not_picked":["champ:BerserkersShout","champ:FlashCut"],"picked":"champ:Encircle","floor":11.0},{"not_picked":["champ:BerserkersShout","champ:Haymaker"],"picked":"champ:BringItOn","floor":12.0},{"not_picked":["champ:TornadoPunch","champ:BringItOn","champ:EndlessRage"],"picked":"SKIP","floor":15.0},{"not_picked":["champ:GladiatorForm","champ:IgnorePain"],"picked":"champ:VampiricStrike","floor":16.0},{"not_picked":["champ:PreemptiveStrike","champ:SkillfulDodge+1","champ:DefensiveShout"],"picked":"SKIP","floor":20},{"not_picked":["champ:FalseCounter","champ:EnGarde+1","champ:SkillfulDodge"],"picked":"SKIP","floor":21},{"not_picked":["champ:SkillfulDodge+1","champ:Backstep+1","champ:BringItOn"],"picked":"SKIP","floor":22},{"not_picked":["champ:CrownThrow","champ:Lariat"],"picked":"champ:FlashCut+1","floor":22},{"not_picked":["champ:TornadoPunch+1","champ:Haymaker","champ:HeartStrike"],"picked":"SKIP","floor":23},{"not_picked":["champ:FanOfKnives","champ:BerserkersShout+1"],"picked":"champ:IronFortress","floor":25}],"player_experience":146643,"relics_obtained":[{"floor":3.0,"key":"Replay:Rubber Ducky"},{"floor":5.0,"key":"Ring of Peace"},{"floor":7.0,"key":"champ:FightingForDummies"},{"floor":10.0,"key":"halation:IllGainedPizza"},{"floor":14.0,"key":"Odd Mushroom"},{"floor":24,"key":"Akabeko"},{"floor":25,"key":"aspiration:AnachronicSnailShell"}],"event_choices":[{"damage_healed":0.0,"max_hp_gain":0.0,"max_hp_loss":0.0,"gold_gain":0.0,"event_name":"Mushrooms","player_choice":"Fought Mushrooms","floor":14.0,"gold_loss":0.0,"damage_taken":0.0}],"is_beta":false,"boss_relics":[{"not_picked":["hubris:ScarierMask","halation:PinkAlligatorPlush"],"picked":"Ring of Chaos"}],"items_purged_floors":[8],"is_endless":false,"potions_floor_spawned":[3,11,12,14,15,25],"killed_by":"3 Cultists","ascension_level":0}}