{"host":"v3jf26dbm2nq3y14","time":1611610602,"event":{"mods":["2.2 Compatiblity","Act Like it!","BaseMod","BetterRewards","Block Reminder","CapriCore","Card Filter","Chen","Colored Map","Colored Powertips","Custom Start","DeckTracker","Defuse TimeMaze Blight","Exacting","FoggyMod","Gensokyo","Highlight Path","Keyboard Shortcuts","Koishi","KomeijiMod","Marisa（霧雨　魔理沙）","Minty Spire (QoL Compilation)","Permanent Neow","Quick Restart","RNG Fix","Reimu（博??梦）","Relic Filter","Relic Sorter","Remove Card Discount Mod","SpireExporter+","StSLib","Synergy Search","The Administrix","The Immortal","Transform Curses","Unceasing Turn Reminder","Waifu the Spire","WarShipGirlsR/??少女R mod","Yakumo Yukari mod","Yuyuko"],"gold_per_floor":[156,33,33,87,17,17,90,186,236,296,28,37,37,46,46,370,370,427,436,17,0,0,108,144,144,144,156,156],"floor_reached":27,"language":"ENG","playtime":3503,"items_purged":[],"score":491,"play_id":"2c2dc4e1-352a-4b13-b4ef-20a40ebbbfdb","local_time":"20210125213642","daily_mods":["SealedDeck","Vintage","Heirloom","Flight","Elite Swarm","Midas"],"is_ascension_mode":true,"campfire_choices":[{"floor":15.0,"key":"REST"}],"circlet_count":0,"master_deck":["Anti_communist_purple","ExternalForce_HighSpeedFlying_purple","Koishi:Untouchable","Umbrella_purple","Koishi:UnconsciousUrges","Koishi:DNAsFlaw","Koishi:ReflexRadar","RuptureOfTimeAndSpace_purple","CommonSense_AntiCommonSense_purple","DimensionStaggered_purple","Know_ledgeAbilityRealm_purple","Sadistic Nature","Koishi:PhilosophyOfTheDespised","Mirror_FourBoundary_purple","Koishi:UnconsciousUrges+1","Pain","LoveAcrossDimensions_purple+1","Night Terror","Gensokyo:RustyChest","Gensokyo:TarnishedGold","Gensokyo:Shovel","Gensokyo:ScrapIron","Koishi:HeartStoppingHorror+1","ProofOfUnderstanding_purple","Gensokyo:FourOfAKind","Gensokyo:FourOfAKind","Gensokyo:FourOfAKind","Gensokyo:FourOfAKind"],"relics":["Boundary_crack","Memoryfragments_purpleEX","KyoryuNoHagoromo","Nloth\u0027s Gift","GoodDreamPillow","Gensokyo:OccultBall","Mummified Hand","CeramicFish","TungstenRod","Membership Card","Orichalcum","Singing Bowl","Incense Burner","Gensokyo:LunaticRedEyes","Seventeenyearold_girl_Forever","The Courier","TentaclePot:ReiMu","Frozen Eye","Medical Kit","Gensokyo:DayTheSeaSplit","MawBank"],"acts_visited":["Gensokyo:Gensokyo","Gensokyo:Gensokyoer"],"potions_floor_usage":[],"damage_taken":[{"damage":5.0,"enemies":"Gensokyo:Python","floor":1.0,"turns":3.0},{"damage":5.0,"enemies":"Gensokyo:3_Fairies","floor":4.0,"turns":4.0},{"damage":19.0,"enemies":"Gensokyo:Mamizou","floor":8.0,"turns":6.0},{"damage":0.0,"enemies":"Gensokyo:2_Kodama","floor":10.0,"turns":3.0},{"damage":0.0,"enemies":"Gensokyo:Reimu","floor":16.0,"turns":10.0},{"damage":0.0,"enemies":"Gensokyo:Chomper","floor":18.0,"turns":3.0},{"damage":27.0,"enemies":"Gensokyo:Koishi","floor":23.0,"turns":6.0},{"damage":0,"enemies":"Gensokyo:Reisen","floor":27,"turns":2}],"seed_played":"7746654589174266770","potions_obtained":[{"floor":1.0,"key":"RealmPotion"},{"floor":8.0,"key":"Weak Potion"},{"floor":10.0,"key":"SneckoOil"}],"is_trial":true,"path_per_floor":["M","M","?","M","?","R","T","E","T","M","$","?","M","M","R","B",null,"M","?","COS","?","M","E","M","?","T","E"],"character_chosen":"Youkari","items_purchased":["Sadistic Nature","Incense Burner","Koishi:PhilosophyOfTheDespised","Mirror_FourBoundary_purple"],"campfire_rested":1,"item_purchase_floors":[11,11,11,11],"current_hp_per_floor":[67,67,67,67,67,67,67,53,53,58,58,58,66,66,88,88,88,90,82,82,82,82,64,63,63,63,63,63],"gold":156,"neow_bonus":"","is_daily":false,"chose_seed":false,"campfire_upgraded":0,"win_rate":0.0,"timestamp":1611610602,"path_taken":["M","?","?","?","?","R","?","E","T","?","?","?","?","?","R","BOSS","M","?","COS","?","?","E","?","?","T","E"],"items_purchased_type":["Card","Relic","Card","Card"],"build_version":"2020-12-22","purchased_purges":0,"victory":false,"max_hp_per_floor":[70,70,70,70,70,80,80,80,80,80,80,80,88,88,88,88,88,90,90,90,90,90,90,63,63,63,63,63],"card_choices":[{"not_picked":["OmniscientAndOmnipotent_Monster_purple","Bait_HighSpeedFlying_purple"],"picked":"DimensionStaggered_purple","floor":4.0},{"not_picked":["Human_Monster_Realm_purple","Mirror_TwoAndThreeElementRealm_purple"],"picked":"Know_ledgeAbilityRealm_purple","floor":8.0},{"not_picked":["Computing_the_future_purpleEX","WangLiang_LineAndCurveDreams_purple"],"picked":"LoveAcrossDimensions_purple","floor":16.0},{"not_picked":["Price_of_realm_purpleEX+1","Boundary_LifeAndDeath_purple+1"],"picked":"Koishi:HeartStoppingHorror+1","floor":23.0},{"not_picked":["LoveAcrossDimensions_purple","Monsters_DoubleDeathButterfly_purple"],"picked":"ProofOfUnderstanding_purple","floor":23.0}],"player_experience":419095,"relics_obtained":[{"floor":1.0,"key":"Nloth\u0027s Gift"},{"floor":4.0,"key":"Mummified Hand"},{"floor":7.0,"key":"TungstenRod"},{"floor":8.0,"key":"Membership Card"},{"floor":9.0,"key":"Orichalcum"},{"floor":10.0,"key":"Singing Bowl"},{"floor":16.0,"key":"Gensokyo:OccultBall"},{"floor":18.0,"key":"Gensokyo:OccultBall"},{"floor":18.0,"key":"The Courier"},{"floor":23.0,"key":"Medical Kit"},{"floor":26.0,"key":"MawBank"}],"event_choices":[],"is_beta":false,"boss_relics":[{"not_picked":["Fusion Hammer","RedLine:ReiMu"],"picked":"Seventeenyearold_girl_Forever"}],"items_purged_floors":[],"is_endless":true,"potions_floor_spawned":[1,8,10,16],"killed_by":"Gensokyo:Reisen","ascension_level":1}}