{"host":"6vv0uythevi5qk1w","time":1611583146,"event":{"mods":["Act Like it!","BaseMod","Downfall","Gensokyo","Minty Spire (QoL Compilation)","StSLib"],"gold_per_floor":[99,113,80,80,95,123,150,150,150,163,163,163,163,198,2,78,109,109,119,119,436,464,304,314,414,414,114,0,0,100,100,100,124,124,153,173,185,205,33,33,50,148,148,148,71,71,71,71,106,129,141,60,70,70,105,105,134,134,134,155,455,455,483,26,26,26,26],"floor_reached":64,"language":"ZHS","playtime":5775,"items_purged":["bronze:Strike","bronze:Strike"],"score":1518,"play_id":"e22723cc-4847-43ac-8172-2ccc07fc7382","local_time":"20210125215906","is_ascension_mode":false,"campfire_choices":[{"floor":1.0,"key":"RECALL"},{"data":"bronze:Goto","floor":9.0,"key":"SMITH"},{"data":"bronze:Return","floor":11.0,"key":"SMITH"},{"data":"bronze:Boost","floor":18.0,"key":"SMITH"},{"data":"1","floor":25.0,"key":"LIFT"},{"data":"2","floor":30.0,"key":"LIFT"},{"data":"bronze:HardenedForm","floor":42.0,"key":"SMITH"},{"data":"bronze:Flail","floor":52.0,"key":"SMITH"},{"data":"3","floor":61.0,"key":"LIFT"}],"circlet_count":0,"master_deck":["bronze:Strike","bronze:Strike","bronze:Defend","bronze:Defend+1","bronze:Defend","bronze:Defend","bronze:Goto+1","bronze:Return+1","bronze:MaxOutput","bronze:ItsAFeature+1","bronze:ChildClass","bronze:Turbo+1","bronze:FineTuning","bronze:ChildClass","bronze:Flail+1","bronze:Boost+1","bronze:GetLatest","bronze:Repair","bronze:ClassDefault","bronze:Virus","Night Terror+1","Gensokyo:FourOfAKind+1","Gensokyo:FourOfAKind","Gensokyo:FourOfAKind","Gensokyo:FourOfAKind","bronze:FineTuning+1","bronze:CutThrough+1","bronze:Turbo+1","bronze:BronzeOrb","bronze:HardenedForm+1","bronze:Optimize","Gensokyo:GreaterSplit","Doubt","Gensokyo:UnhurriedMind+1","bronze:Optimize+1","bronze:CloningBeam","bronze:GetLatest+1","bronze:Assembly","bronze:Turbo","Purity"],"relics":["bronze:BronzeCore","NeowsBlessing","Guardian:PocketSentry","Pear","Oddly Smooth Stone","Happy Flower","Gensokyo:PortableGap","Bag of Marbles","Shuriken","Potion Belt","Art of War","Bag of Preparation","Toy Ornithopter","Gensokyo:BookOfSpecters","Mercury Hourglass","Girya","Runic Pyramid","downfall:HeartBlessingRed","downfall:HeartBlessingGreen","downfall:HeartBlessingBlue","Gambling Chip","CaptainsWheel","Vajra","InkBottle","SlaversCollar","CeramicFish","Darkstone Periapt","Boot","Dead Branch","HornCleat","War Paint","Letter Opener","Anchor","Pantograph"],"acts_visited":["Exordium","Gensokyo:Gensokyo","Gensokyo:Gensokyoer","TheEnding"],"potions_floor_usage":[63],"damage_taken":[{"damage":0.0,"enemies":"Gensokyo:2_Kodama","floor":2.0,"turns":1.0},{"damage":0.0,"enemies":"downfall:FleeingMerchant","floor":3.0,"turns":1.0},{"damage":0.0,"enemies":"Gensokyo:3_Fairies","floor":5.0,"turns":2.0},{"damage":3.0,"enemies":"Gensokyo:Mamizou","floor":6.0,"turns":9.0},{"damage":0.0,"enemies":"Gensokyo:Python","floor":10.0,"turns":4.0},{"damage":1.0,"enemies":"Gensokyo:Cirno","floor":14.0,"turns":5.0},{"damage":0.0,"enemies":"Gensokyo:Mamizou","floor":15.0,"turns":7.0},{"damage":0.0,"enemies":"Gensokyo:Kitsune","floor":17.0,"turns":1.0},{"damage":0.0,"enemies":"Gensokyo:LivingMonolith","floor":19.0,"turns":3.0},{"damage":0.0,"enemies":"Gensokyo:Mamizou","floor":20.0,"turns":8.0},{"damage":5.0,"enemies":"Gensokyo:3_Kodama","floor":22.0,"turns":3.0},{"damage":8.0,"enemies":"WA_ARCHETYPE_RETAIN","floor":23.0,"turns":7.0},{"damage":24.0,"enemies":"WA_ARCHETYPE_RETAIN","floor":28.0,"turns":6.0},{"damage":0.0,"enemies":"Gensokyo:Koishi","floor":33.0,"turns":4.0},{"damage":14.0,"enemies":"Gensokyo:AngelMirror","floor":34.0,"turns":2.0},{"damage":0.0,"enemies":"Gensokyo:3_Dogs","floor":35.0,"turns":1.0},{"damage":0.0,"enemies":"Gensokyo:Wraith","floor":36.0,"turns":3.0},{"damage":14.0,"enemies":"Gensokyo:Swordslinger","floor":39.0,"turns":3.0},{"damage":18.0,"enemies":"IC_MUSHROOM_ARCHETYPE","floor":40.0,"turns":5.0},{"damage":1.0,"enemies":"IC_MUSHROOM_ARCHETYPE","floor":45.0,"turns":3.0},{"damage":0.0,"enemies":"Gensokyo:Kasen","floor":47.0,"turns":3.0},{"damage":0.0,"enemies":"Gensokyo:3_Bats","floor":49.0,"turns":2.0},{"damage":0.0,"enemies":"Gensokyo:3_Boulders","floor":51.0,"turns":2.0},{"damage":42.0,"enemies":"Gensokyo:Marisa","floor":51.0,"turns":3.0},{"damage":0.0,"enemies":"Gensokyo:Sharpion","floor":53.0,"turns":3.0},{"damage":0.0,"enemies":"Gensokyo:AtlasGolem","floor":56.0,"turns":1.0},{"damage":55.0,"enemies":"DF_ARCHETYPE_ORBS","floor":57.0,"turns":6.0},{"damage":0.0,"enemies":"downfall:CharBossMerchant","floor":59.0,"turns":3.0},{"damage":14.0,"enemies":"downfall:NeowBoss","floor":62.0,"turns":9.0},{"damage":36,"enemies":"downfall:NeowBossFinal","floor":63,"turns":8}],"seed_played":"454163854397694405","potions_obtained":[{"floor":2.0,"key":"bronze:FreeFunctionsPotion"},{"floor":5.0,"key":"DuplicationPotion"},{"floor":6.0,"key":"SkillPotion"},{"floor":17.0,"key":"SneckoOil"},{"floor":22.0,"key":"Weak Potion"},{"floor":35.0,"key":"Block Potion"},{"floor":36.0,"key":"Dexterity Potion"},{"floor":40.0,"key":"SmokeBomb"},{"floor":51.0,"key":"Strength Potion"},{"floor":53.0,"key":"DistilledChaos"}],"is_trial":false,"path_per_floor":["R","M","$","?","M","E","T","?","R","M","R","?","?","E","COS","T","?","T","M","R","M","E","?","M","B",null,"R","?","?","?","?","R","T","?","E","M","M","M","COS","?","M","B",null,"R","$","?","?","$","E","T","M","COS","M","R","E","?","M","?","?","M","B",null,"E","$","R","B","B",null],"character_chosen":"THE_AUTOMATON","items_purchased":["bronze:ItsAFeature","Guardian:PocketSentry","bronze:ChildClass","bronze:Optimize","Pantograph","bronze:Turbo","Purity"],"campfire_rested":0,"item_purchase_floors":[3,3,3,43,60,60,60],"current_hp_per_floor":[70,70,70,65,65,62,62,62,62,62,62,62,62,61,61,61,61,61,61,61,61,68,68,69,61,69,79,79,72,48,48,48,48,66,66,59,59,66,66,66,61,48,66,66,66,66,66,66,66,66,66,66,66,63,52,52,63,63,63,63,8,63,63,63,63,63,27],"gold":26,"neow_bonus":"THREE_ENEMY_KILL","is_daily":false,"chose_seed":false,"campfire_upgraded":5,"win_rate":0.0,"timestamp":1611583146,"path_taken":["R","M","?","?","M","E","T","?","R","?","R","?","?","E","COS","T","?","?","M","R","M","E","?","M","BOSS","R","?","?","?","?","R","T","?","E","M","M","?","COS","?","M","BOSS","R","$","?","?","?","E","T","M","COS","?","R","E","?","?","?","?","M","BOSS","E","$","R","BOSS","BOSS"],"items_purchased_type":["Card","Relic","Card","Card","Relic","Card","Card"],"build_version":"2020-12-22","purchased_purges":2,"victory":true,"max_hp_per_floor":[70,70,70,80,80,80,80,80,80,80,80,80,72,69,69,69,69,69,69,69,69,69,69,69,69,69,79,79,79,79,56,56,56,66,66,66,66,66,66,66,66,66,66,66,66,66,66,66,66,66,66,66,66,63,63,63,63,63,63,63,63,63,63,63,63,63,63],"card_choices":[{"not_picked":["bronze:FollowUp","bronze:DelayedGuard"],"picked":"bronze:Return","floor":2.0},{"not_picked":["bronze:Turbo","bronze:Overheat"],"picked":"bronze:MaxOutput","floor":3.0},{"not_picked":["bronze:DelayedGuard","bronze:DarkDash"],"picked":"bronze:Turbo","floor":5.0},{"not_picked":["bronze:Deprecate","bronze:FollowUp"],"picked":"bronze:FineTuning","floor":6.0},{"not_picked":["bronze:BuggyMess","bronze:DelayedGuard"],"picked":"bronze:ChildClass","floor":10.0},{"not_picked":["bronze:WhirlingStrike","bronze:Iterate"],"picked":"bronze:Flail","floor":12.0},{"not_picked":["bronze:WildBeam","bronze:DigitalCarnage"],"picked":"bronze:Boost","floor":14.0},{"not_picked":["bronze:WildBeam","bronze:Iterate","bronze:OilSpill"],"picked":"SKIP","floor":15.0},{"not_picked":["bronze:Iterate","bronze:Fortify"],"picked":"bronze:GetLatest","floor":17.0},{"not_picked":["bronze:Turbo","bronze:Allocate"],"picked":"bronze:Repair","floor":19.0},{"not_picked":["bronze:BuggyMess","bronze:DelayedSlice"],"picked":"bronze:ClassDefault","floor":20.0},{"not_picked":["bronze:Allocate","bronze:BugBarrage"],"picked":"bronze:Mutator","floor":22.0},{"not_picked":["bronze:HardenedForm","bronze:BurnOut"],"picked":"bronze:Virus","floor":23.0},{"not_picked":["bronze:Deprecate+1","bronze:ShipIt","bronze:Overheat"],"picked":"SKIP","floor":33.0},{"not_picked":["bronze:Overheat","bronze:Branch"],"picked":"bronze:FineTuning+1","floor":34.0},{"not_picked":["bronze:Iterate","bronze:WhirlingStrike"],"picked":"bronze:CutThrough+1","floor":35.0},{"not_picked":["bronze:Shield","bronze:Overheat"],"picked":"bronze:Turbo+1","floor":36.0},{"not_picked":["bronze:ChildClass","bronze:Deprecate","bronze:ItsAFeature"],"picked":"SKIP","floor":39.0},{"not_picked":["bronze:BurnOut","bronze:CleanCode"],"picked":"bronze:HardenedForm","floor":40.0},{"not_picked":["Gensokyo:HouraiInAPot+1","Gensokyo:DreamlikeParadise+1"],"picked":"Gensokyo:UnhurriedMind+1","floor":45.0},{"not_picked":["bronze:BugBarrage+1","bronze:Shield+1"],"picked":"bronze:Optimize+1","floor":47.0},{"not_picked":["bronze:WildBeam+1","bronze:DelayedSlice","bronze:Overload"],"picked":"SKIP","floor":49.0},{"not_picked":["bronze:ThunderWave","bronze:Philosophize+1","bronze:BitShift+1"],"picked":"SKIP","floor":51.0},{"not_picked":["bronze:WhirlingStrike","bronze:Repulsor"],"picked":"bronze:CloningBeam","floor":51.0},{"not_picked":["bronze:OilSpill","bronze:DelayedGuard+1"],"picked":"bronze:GetLatest+1","floor":53.0},{"not_picked":["bronze:WildBeam","bronze:Boost"],"picked":"bronze:Assembly","floor":56.0},{"not_picked":["bronze:BitShift+1","bronze:FineTuning","bronze:Overheat"],"picked":"SKIP","floor":59.0}],"player_experience":490159,"relics_obtained":[{"floor":6.0,"key":"Oddly Smooth Stone"},{"floor":14.0,"key":"Bag of Marbles"},{"floor":14.0,"key":"Shuriken"},{"floor":15.0,"key":"Potion Belt"},{"floor":16.0,"key":"Art of War"},{"floor":20.0,"key":"Toy Ornithopter"},{"floor":28.0,"key":"Gambling Chip"},{"floor":28.0,"key":"CaptainsWheel"},{"floor":31.0,"key":"Vajra"},{"floor":33.0,"key":"InkBottle"},{"floor":47.0,"key":"Darkstone Periapt"},{"floor":48.0,"key":"Boot"},{"floor":51.0,"key":"HornCleat"},{"floor":59.0,"key":"Anchor"}],"event_choices":[],"is_beta":false,"boss_relics":[{"not_picked":["Sozu","Velvet Choker"],"picked":"Runic Pyramid"},{"not_picked":["Snecko Eye","Astrolabe"],"picked":"SlaversCollar"}],"items_purged_floors":[3,60],"is_endless":false,"potions_floor_spawned":[2,5,6,17,22,35,36,40,51,53],"ascension_level":0}}