{"host":"fnk117zi8wf5078t","time":1611587793,"event":{"mods":["AchievementEnabler","BaseMod","Colored Map","Minty Spire (QoL Compilation)","Rare Cards Sparkle","SuperFastMode","everything is the same but u backflip on backflip"],"gold_per_floor":[367,382,397,410,152,152,169,169,193,193,10,10,10,23,23,144,144,163,178,199,5,23,23,23,23,46,46,89,103,121,121,121,246,246,261,261,277,154,178,178,178,178,205,48,0,0,24,24,24,24],"floor_reached":51,"language":"KOR","playtime":2027,"items_purged":["Strike_B","Dualcast","Defend_B"],"score":961,"play_id":"80313b09-02b9-4bdf-96bc-bf5028a7c6ab","local_time":"20210126001633","is_ascension_mode":true,"campfire_choices":[{"floor":6.0,"key":"REST"},{"data":"Reprogram","floor":8.0,"key":"SMITH"},{"floor":13.0,"key":"REST"},{"data":"Beam Cell","floor":15.0,"key":"SMITH"},{"floor":23.0,"key":"REST"},{"floor":25.0,"key":"REST"},{"data":"Go for the Eyes","floor":27.0,"key":"SMITH"},{"floor":32.0,"key":"REST"},{"data":"Recycle","floor":40.0,"key":"SMITH"},{"data":"Purity","floor":46.0,"key":"SMITH"},{"floor":49.0,"key":"REST"}],"circlet_count":0,"master_deck":["AscendersBane","Strike_B","Strike_B","Defend_B","Defend_B","Beam Cell+1","Genetic Algorithm","Skim","Reprogram+1","Steam","Reboot","Rip and Tear+1","Streamline","Beam Cell","Go for the Eyes+1","Go for the Eyes","Steam","Core Surge","White Noise+1","Madness","Madness","Scrape+1","Go for the Eyes+1","Streamline+1","Recycle+1","Steam","Purity+1","Beam Cell"],"relics":["Cracked Core","Kunai","Regal Pillow","Membership Card","Golden Idol","Runic Pyramid","FossilizedHelix","Ancient Tea Set","Juzu Bracelet","SlaversCollar","Orrery","Whetstone","Red Mask"],"acts_visited":["Exordium","TheCity","TheBeyond"],"potions_floor_usage":[50,50],"damage_taken":[{"damage":1.0,"enemies":"Cultist","floor":1.0,"turns":4.0},{"damage":9.0,"enemies":"Jaw Worm","floor":2.0,"turns":3.0},{"damage":1.0,"enemies":"2 Louse","floor":3.0,"turns":2.0},{"damage":18.0,"enemies":"Exordium Wildlife","floor":4.0,"turns":7.0},{"damage":3.0,"enemies":"3 Louse","floor":7.0,"turns":4.0},{"damage":3.0,"enemies":"Blue Slaver","floor":14.0,"turns":7.0},{"damage":19.0,"enemies":"The Guardian","floor":16.0,"turns":13.0},{"damage":24.0,"enemies":"3 Byrds","floor":18.0,"turns":9.0},{"damage":5.0,"enemies":"Chosen","floor":19.0,"turns":3.0},{"damage":26.0,"enemies":"Snecko","floor":20.0,"turns":7.0},{"damage":19.0,"enemies":"Sentry and Sphere","floor":22.0,"turns":6.0},{"damage":2.0,"enemies":"Book of Stabbing","floor":28.0,"turns":5.0},{"damage":17.0,"enemies":"Chosen and Byrds","floor":29.0,"turns":4.0},{"damage":5.0,"enemies":"Centurion and Healer","floor":30.0,"turns":7.0},{"damage":4.0,"enemies":"Automaton","floor":33.0,"turns":10.0},{"damage":0.0,"enemies":"Orb Walker","floor":35.0,"turns":4.0},{"damage":10.0,"enemies":"3 Darklings","floor":37.0,"turns":6.0},{"damage":0.0,"enemies":"Spire Growth","floor":39.0,"turns":5.0},{"damage":11.0,"enemies":"Sphere and 2 Shapes","floor":47.0,"turns":6.0},{"damage":26,"enemies":"Awakened One","floor":50,"turns":13}],"seed_played":"127414032264493682","potions_obtained":[{"floor":2.0,"key":"PotionOfCapacity"},{"floor":3.0,"key":"PotionOfCapacity"},{"floor":4.0,"key":"Dexterity Potion"},{"floor":28.0,"key":"PowerPotion"},{"floor":30.0,"key":"Explosive Potion"},{"floor":33.0,"key":"SpeedPotion"},{"floor":35.0,"key":"SmokeBomb"},{"floor":47.0,"key":"Energy Potion"}],"is_trial":false,"path_per_floor":["M","M","M","M","$","R","M","R","T","?","$","?","R","M","R","B",null,"M","M","M","$","M","R","?","R","T","R","E","M","M","?","R","B",null,"M","?","M","$","M","R","?","$","T","$","?","R","M","?","R","B",null],"character_chosen":"DEFECT","items_purchased":["Kunai","Membership Card","Regen Potion","FossilizedHelix","Orrery","Steam","Purity","Beam Cell"],"campfire_rested":6,"item_purchase_floors":[5,11,21,21,38,44,44,44],"current_hp_per_floor":[49,40,39,21,21,43,40,40,40,40,40,22,59,56,56,37,66,42,37,11,11,7,44,44,75,75,75,73,56,51,51,75,71,74,74,65,55,55,55,55,55,55,55,55,55,55,44,44,75,49],"gold":24,"neow_bonus":"TWO_FIFTY_GOLD","is_daily":false,"chose_seed":false,"campfire_upgraded":5,"win_rate":0.0,"timestamp":1611587793,"path_taken":["M","M","?","?","$","R","M","R","T","?","$","?","R","M","R","BOSS","M","M","M","$","M","R","?","R","T","R","E","M","M","?","R","BOSS","M","?","M","$","M","R","?","$","T","$","?","R","M","?","R","BOSS"],"items_purchased_type":["Relic","Relic","Potion","Relic","Relic","Card","Card","Card"],"build_version":"2020-12-22","purchased_purges":3,"victory":true,"max_hp_per_floor":[75,75,75,75,75,75,75,75,75,75,75,75,75,75,75,75,75,75,75,75,75,75,75,75,75,75,75,75,75,75,75,75,75,75,75,75,75,75,75,75,75,75,75,75,75,75,75,75,75,75],"card_choices":[{"not_picked":["Barrage","Melter"],"picked":"Beam Cell","floor":1.0},{"not_picked":["Aggregate","Hello World"],"picked":"Genetic Algorithm","floor":2.0},{"not_picked":["Consume","Tempest"],"picked":"Skim","floor":3.0},{"not_picked":["Chaos","Leap"],"picked":"Reprogram","floor":4.0},{"not_picked":["White Noise","Cold Snap"],"picked":"Steam","floor":7.0},{"not_picked":["Cold Snap","Compile Driver","Darkness"],"picked":"SKIP","floor":14.0},{"not_picked":["Multi-Cast","Amplify"],"picked":"Reboot","floor":16.0},{"not_picked":["Doom and Gloom","Cold Snap"],"picked":"Rip and Tear+1","floor":18.0},{"not_picked":["Barrage+1","Storm"],"picked":"Streamline","floor":19.0},{"not_picked":["Rip and Tear","Skim"],"picked":"Beam Cell","floor":20.0},{"not_picked":["Barrage","Beam Cell"],"picked":"Go for the Eyes","floor":22.0},{"not_picked":["Reinforced Body","Consume"],"picked":"Go for the Eyes","floor":28.0},{"not_picked":["Cold Snap+1","Sunder"],"picked":"Steam","floor":29.0},{"not_picked":["Undo","Rebound","Coolheaded"],"picked":"SKIP","floor":30.0},{"not_picked":["Amplify","Meteor Strike"],"picked":"Core Surge","floor":33.0},{"not_picked":["Ball Lightning","Conserve Battery+1"],"picked":"White Noise+1","floor":35.0},{"not_picked":["Barrage","Coolheaded","Darkness"],"picked":"SKIP","floor":37.0},{"not_picked":["Compile Driver+1","Conserve Battery+1"],"picked":"Scrape","floor":38.0},{"not_picked":["Force Field","Lockon"],"picked":"Go for the Eyes","floor":38.0},{"not_picked":["BootSequence","Conserve Battery+1"],"picked":"Streamline+1","floor":38.0},{"not_picked":["Tempest","Turbo"],"picked":"Recycle","floor":38.0},{"not_picked":["Sweeping Beam+1","Tempest+1","Barrage"],"picked":"SKIP","floor":39.0},{"not_picked":["Redo","Leap","Glacier+1"],"picked":"SKIP","floor":47.0}],"player_experience":416864,"relics_obtained":[{"floor":9.0,"key":"Regal Pillow"},{"floor":26.0,"key":"Ancient Tea Set"},{"floor":28.0,"key":"Juzu Bracelet"},{"floor":43.0,"key":"Whetstone"}],"event_choices":[{"cards_removed":["Strike_B"],"damage_healed":0.0,"max_hp_gain":0.0,"max_hp_loss":0.0,"gold_gain":0.0,"event_name":"Living Wall","player_choice":"Forget","floor":10.0,"gold_loss":0.0,"damage_taken":0.0},{"damage_healed":0.0,"max_hp_gain":0.0,"max_hp_loss":0.0,"gold_gain":0.0,"event_name":"Golden Idol","player_choice":"Take Damage","floor":12.0,"gold_loss":0.0,"damage_taken":18.0,"relics_obtained":["Golden Idol"]},{"cards_removed":["Defend_B"],"damage_healed":0.0,"max_hp_gain":0.0,"max_hp_loss":0.0,"gold_gain":0.0,"event_name":"Back to Basics","player_choice":"Elegance","floor":24.0,"gold_loss":0.0,"damage_taken":0.0},{"damage_healed":0.0,"max_hp_gain":0.0,"max_hp_loss":0.0,"gold_gain":0.0,"event_name":"Cursed Tome","player_choice":"Ignored","floor":31.0,"gold_loss":0.0,"damage_taken":0.0},{"damage_healed":0.0,"max_hp_gain":0.0,"max_hp_loss":0.0,"gold_gain":0.0,"event_name":"Winding Halls","player_choice":"Embrace Madness","floor":36.0,"gold_loss":0.0,"damage_taken":9.0,"cards_obtained":["Madness","Madness"]},{"cards_removed":["Zap"],"damage_healed":0.0,"max_hp_gain":0.0,"max_hp_loss":0.0,"gold_gain":0.0,"event_name":"Falling","player_choice":"Removed Skill","floor":41.0,"gold_loss":0.0,"damage_taken":0.0},{"damage_healed":0.0,"max_hp_gain":0.0,"max_hp_loss":0.0,"gold_gain":0.0,"event_name":"Tomb of Lord Red Mask","player_choice":"Paid","floor":45.0,"gold_loss":48.0,"damage_taken":0.0,"relics_obtained":["Red Mask"]},{"damage_healed":0.0,"max_hp_gain":0.0,"max_hp_loss":0.0,"gold_gain":0.0,"event_name":"Mysterious Sphere","player_choice":"Ignored","floor":48.0,"gold_loss":0.0,"damage_taken":0.0}],"is_beta":false,"boss_relics":[{"not_picked":["Astrolabe","Velvet Choker"],"picked":"Runic Pyramid"},{"not_picked":["Tiny House","SacredBark"],"picked":"SlaversCollar"}],"items_purged_floors":[11,38,44],"is_endless":false,"potions_floor_spawned":[2,3,4,28,30,33,35,47],"ascension_level":10}}