{"host":"dalyxm3kpwukgmp4","time":1611559307,"event":{"mods":["AchievementEnabler","Act Like it!","Arknights The Spire","BaseMod","Colored Map","Colored Powertips","Decade(Õı–°√˜)","Hermit","KinomotoSakuraMod(ƒæ÷Æ±æ”£)","Minty Spire (QoL Compilation)","Prisma Mod","Quick Restart","Rare Cards Sparkle","Reimu£®≤©¿ˆ¡È√Œ£©","Remilia£®¿Ÿ√◊¿Ú—«£©","Replay The Spire","Shop Mod","Spicy Shops","StSLib","Td1madao Mod","Waifu the Spire","Youmu£®ªÍ∆«—˝√Œ£©"],"gold_per_floor":[111,186,186,210,226,260,260,260,330,330,181,194,219,233,233,353,353,353,353,353,353,353,353,353,353,353,353,97,97,97,97,97,97,97,97,97,97,97,97],"floor_reached":38,"language":"ZHS","playtime":2612,"items_purged":["ats:Defend","ats:Strike C"],"score":400,"play_id":"797d16e3-2417-4e5f-92a4-3b004a193591","local_time":"20210125152147","is_ascension_mode":false,"campfire_choices":[{"data":"ats:Rat Pack","floor":7.0,"key":"SMITH"},{"data":"ats:Blood Oath","floor":10.0,"key":"SMITH"},{"data":"ats:Part Time Job","floor":15.0,"key":"SMITH"},{"data":"ats:Roar Of Ursus","floor":30.0,"key":"SMITH"},{"data":"ats:Emotion Absorption","floor":32.0,"key":"SMITH"}],"circlet_count":0,"master_deck":["ats:Strike G","ats:Strike S","ats:Strike V","ats:Armor Crushing Shot","ats:Defend","ats:Defend","ats:Defend","ats:Emotion Absorption+1","ats:Blood Oath+1","ats:Assault Order","ats:Chain Hook","ats:Rat Pack+1","ats:Song Of Battle","ats:Leaping Hammer","ats:Part Time Job+1","ats:Roar Of Ursus+1","ats:Blood Oath","ats:Hammer On","RitualDagger","ats:Echo Reverb+1","ats:Revitalization","ats:Cat Scratch","ats:Guard Mode","ats:Absolute Focus","ats:Closed Bolt Burst Fire","ats:Shadow Assault+1","ats:Apocalypse+1"],"relics":["ats:Sanity","NeowsBlessing","Golden Idol","ats:Originium","Toy Ornithopter","Snack Pack","Garlic","Ectoplasm","ReplayTheSpireMod:Ninjato","Golden Egg","ats:Attack","Black Star","Omamori"],"acts_visited":["Exordium","TheCity","TheBeyond"],"potions_floor_usage":[33,33],"damage_taken":[{"damage":0.0,"enemies":"2 Louse","floor":1.0,"turns":1.0},{"damage":0.0,"enemies":"Small Slimes","floor":4.0,"turns":1.0},{"damage":0.0,"enemies":"Jaw Worm","floor":5.0,"turns":1.0},{"damage":37.0,"enemies":"Gremlin Nob","floor":6.0,"turns":6.0},{"damage":12.0,"enemies":"Blue Slaver","floor":12.0,"turns":4.0},{"damage":1.0,"enemies":"Red Slaver","floor":13.0,"turns":4.0},{"damage":4.0,"enemies":"Exordium Wildlife","floor":14.0,"turns":4.0},{"damage":60.0,"enemies":"Slime Boss","floor":16.0,"turns":15.0},{"damage":26.0,"enemies":"3 Byrds","floor":18.0,"turns":7.0},{"damage":18.0,"enemies":"Spheric Guardian","floor":20.0,"turns":4.0},{"damage":86.0,"enemies":"Replay:Snechameleon","floor":23.0,"turns":8.0},{"damage":24.0,"enemies":"Centurion and Healer","floor":24.0,"turns":6.0},{"damage":46.0,"enemies":"Chosen and Byrds","floor":25.0,"turns":8.0},{"damage":21.0,"enemies":"Snecko","floor":27.0,"turns":6.0},{"damage":51.0,"enemies":"Cultist and Chosen","floor":29.0,"turns":10.0},{"damage":27.0,"enemies":"Snake Plant","floor":31.0,"turns":6.0},{"damage":107,"enemies":"Champ","floor":33,"turns":12},{"damage":30,"enemies":"3 Shapes","floor":35,"turns":4},{"damage":51,"enemies":"Orb Walker","floor":37,"turns":6},{"damage":56,"enemies":"Jaw Worm Horde","floor":38,"turns":5}],"seed_played":"254232768745784065","potions_obtained":[{"floor":4.0,"key":"Weak Potion"},{"floor":6.0,"key":"SpeedPotion"},{"floor":12.0,"key":"Elixir"},{"floor":23.0,"key":"Venom Potion"},{"floor":27.0,"key":"Languid Potion"},{"floor":37,"key":"LiquidBronze"}],"is_trial":false,"path_per_floor":["M","?","?","M","M","E","R","?","T","R","$","M","M","M","R","B",null,"M","?","M","?","T","E","M","M","T","M","$","M","R","M","R","B",null,"M","T","M","M"],"character_chosen":"DOCTOR_CLASS","items_purchased":["ats:Song Of Battle","ats:Attack"],"campfire_rested":0,"item_purchase_floors":[11,28],"current_hp_per_floor":[72,61,61,61,61,30,30,23,23,23,23,21,25,31,31,36,67,61,61,63,57,57,17,25,36,36,44,44,39,39,38,38,33,67,52,52,26,0,0],"gold":97,"neow_bonus":"THREE_ENEMY_KILL","is_daily":false,"chose_seed":false,"campfire_upgraded":5,"win_rate":0.0,"timestamp":1611559307,"path_taken":["M","?","?","M","M","E","R","?","T","R","$","M","M","M","R","BOSS","M","?","M","?","?","E","M","M","T","M","$","M","R","M","R","BOSS","M","?","M","M"],"items_purchased_type":["Card","Relic"],"build_version":"2020-12-22","purchased_purges":2,"victory":false,"max_hp_per_floor":[72,72,67,67,67,67,67,67,67,67,67,67,67,67,67,67,67,67,67,67,67,67,67,67,67,67,67,67,67,67,67,67,67,67,67,67,67,67,67],"card_choices":[{"not_picked":["ats:Powerful Strike","ats:Revitalization"],"picked":"ats:Blood Oath","floor":1.0},{"not_picked":["ats:Revitalization","ats:Cat Scratch"],"picked":"ats:Assault Order","floor":4.0},{"not_picked":["ats:Sword Rain","ats:Ignite"],"picked":"ats:Chain Hook","floor":5.0},{"not_picked":["ats:Sunburst","ats:Beaten Up"],"picked":"ats:Rat Pack","floor":6.0},{"not_picked":["ats:Absolute Focus","ats:Powerful Strike"],"picked":"ats:Leaping Hammer","floor":12.0},{"not_picked":["ats:Soul Absorption","ats:Flexible Camouflage"],"picked":"ats:Part Time Job","floor":13.0},{"not_picked":["ats:Ignite","ats:Shell Defense","ats:Support Order"],"picked":"SKIP","floor":14.0},{"not_picked":["ats:Dogmatic Field","ats:Volcano"],"picked":"ats:Roar Of Ursus","floor":16.0},{"not_picked":["ats:Consecutive Shot Auto","ats:Support Order"],"picked":"ats:Blood Oath","floor":18.0},{"not_picked":["ats:Neurotoxin","ats:Assault Order"],"picked":"ats:Hammer On","floor":20.0},{"not_picked":["ats:Consecutive Shot Auto","ats:Very Hot Blade"],"picked":"ats:Echo Reverb","floor":23.0},{"not_picked":["ats:Ignite+1","ats:Absolute Focus"],"picked":"ats:Revitalization","floor":24.0},{"not_picked":["ats:Flexible Camouflage","ats:Soul Absorption"],"picked":"ats:Cat Scratch","floor":25.0},{"not_picked":["ats:Powerful Strike","ats:Phantom"],"picked":"ats:Guard Mode","floor":27.0},{"not_picked":["ats:Flexible Camouflage","ats:Powerful Strike"],"picked":"ats:Absolute Focus","floor":29.0},{"not_picked":["ats:Leaping Hammer","ats:LN2 Cannon"],"picked":"ats:Closed Bolt Burst Fire","floor":31.0},{"not_picked":["ats:Ambush","ats:Rat Pack"],"picked":"ats:Shadow Assault","floor":33},{"not_picked":["ats:Absolute Focus","ats:Curse Doll+1"],"picked":"ats:Apocalypse+1","floor":35},{"not_picked":["ats:Absolute Focus","ats:Assault Order+1","ats:Closed Bolt Burst Fire"],"picked":"SKIP","floor":37}],"player_experience":300160,"relics_obtained":[{"floor":6.0,"key":"ats:Originium"},{"floor":6.0,"key":"Toy Ornithopter"},{"floor":9.0,"key":"Garlic"},{"floor":22.0,"key":"ReplayTheSpireMod:Ninjato"},{"floor":23.0,"key":"ats:Originium"},{"floor":23.0,"key":"Golden Egg"},{"floor":36,"key":"Omamori"}],"event_choices":[{"damage_healed":0.0,"max_hp_gain":0.0,"max_hp_loss":0.0,"gold_gain":75.0,"event_name":"World of Goop","player_choice":"Gather Gold","floor":2.0,"gold_loss":0.0,"damage_taken":11.0},{"damage_healed":0.0,"max_hp_gain":0.0,"max_hp_loss":5.0,"gold_gain":0.0,"event_name":"Golden Idol","player_choice":"Lose Max HP","floor":3.0,"gold_loss":0.0,"damage_taken":0.0,"relics_obtained":["Golden Idol"]},{"damage_healed":0.0,"max_hp_gain":0.0,"max_hp_loss":0.0,"gold_gain":0.0,"event_name":"Scrap Ooze","player_choice":"Success","floor":8.0,"gold_loss":0.0,"damage_taken":7.0,"relics_obtained":["Snack Pack"]},{"damage_healed":0.0,"max_hp_gain":0.0,"max_hp_loss":0.0,"gold_gain":0.0,"event_name":"Nest","player_choice":"Joined the Cult","floor":21.0,"gold_loss":0.0,"damage_taken":6.0,"cards_obtained":["RitualDagger"]}],"is_beta":false,"boss_relics":[{"not_picked":["RedLine:ReiMu","Replay:Wanted Poster"],"picked":"Ectoplasm"},{"not_picked":["Pandora\u0027s Box","Cursed Key"],"picked":"Black Star"}],"items_purged_floors":[11,28],"is_endless":false,"potions_floor_spawned":[4,6,12,23,27,29,31,37],"killed_by":"Jaw Worm Horde","ascension_level":0}}