{"host":"oigynbtg272c19pw","time":1611561056,"event":{"mods":["BaseMod","Colored Map","Minty Spire (QoL Compilation)","Relic Stats","Slay the Relics Exporter","StSLib"],"gold_per_floor":[114,114,73,92,92,119,24,50,50,68,68,82,32,32,32],"floor_reached":14,"playtime":453,"items_purged":["Strike_G"],"score":246,"play_id":"67e97b87-541b-43a2-801e-d49131df373a","local_time":"20210125085056","is_ascension_mode":true,"campfire_choices":[{"floor":11,"key":"REST"}],"circlet_count":0,"master_deck":["AscendersBane","Strike_G","Strike_G","Strike_G","Defend_G","Defend_G","Defend_G","Defend_G","Defend_G","Survivor","Neutralize","Blade Dance","Sucker Punch","Footwork","Dagger Spray","Riddle With Holes","Escape Plan","Deadly Poison","Grand Finale"],"relics":["Ring of the Snake","NeowsBlessing","Gambling Chip","Smiling Mask","Anchor","StoneCalendar"],"acts_visited":["Exordium"],"potions_floor_usage":[8,14],"damage_taken":[{"damage":0,"enemies":"Jaw Worm","floor":1,"turns":1},{"damage":0,"enemies":"Small Slimes","floor":4,"turns":1},{"damage":0,"enemies":"3 Sentries","floor":6,"turns":1},{"damage":48,"enemies":"Lagavulin","floor":8,"turns":12},{"damage":0,"enemies":"Cultist","floor":10,"turns":4},{"damage":1,"enemies":"Looter","floor":12,"turns":4},{"damage":24,"enemies":"Gremlin Nob","floor":14,"turns":3}],"seed_played":"-5039820639945699780","potions_obtained":[{"floor":4,"key":"AttackPotion"},{"floor":6,"key":"CultistPotion"},{"floor":12,"key":"Weak Potion"}],"is_trial":false,"path_per_floor":["M","?","$","M","?","E","$","E","T","M","R","M","$","E"],"character_chosen":"THE_SILENT","items_purchased":["Footwork","Escape Plan","Deadly Poison"],"campfire_rested":1,"item_purchase_floors":[3,7,7],"current_hp_per_floor":[59,59,59,59,54,54,54,6,6,6,25,24,24,0,0],"gold":32,"neow_bonus":"THREE_ENEMY_KILL","is_daily":false,"chose_seed":false,"campfire_upgraded":0,"win_rate":0.0,"timestamp":1611561056,"path_taken":["M","?","$","M","?","E","$","E","T","M","R","?","?","E"],"items_purchased_type":["Card","Card","Card"],"build_version":"2020-12-13","purchased_purges":1,"victory":false,"max_hp_per_floor":[66,66,66,66,66,66,66,66,66,66,66,66,66,66,66],"relic_stats":{"counters":[7,26],"Gambling Chip":[6],"StoneCalendar":[0],"Smiling Mask":25,"obtain_stats":[{"Anchor":8,"NeowsBlessing":0,"Gambling Chip":5,"StoneCalendar":9,"Smiling Mask":6,"Ring of the Snake":0},{"Anchor":4,"NeowsBlessing":0,"Gambling Chip":2,"StoneCalendar":4,"Smiling Mask":3,"Ring of the Snake":0},{"Anchor":15,"NeowsBlessing":0,"Gambling Chip":2,"StoneCalendar":15,"Smiling Mask":3,"Ring of the Snake":0}],"Ring of the Snake":[14]},"card_choices":[{"not_picked":["Bane","Prepared"],"picked":"Blade Dance","floor":1},{"not_picked":["Flying Knee","Bullet Time"],"picked":"Dagger Spray","floor":4},{"not_picked":["Dagger Throw","Poisoned Stab"],"picked":"Riddle With Holes","floor":6},{"not_picked":["Crippling Poison","Dagger Throw"],"picked":"Grand Finale","floor":8},{"not_picked":["PiercingWail","Outmaneuver","Slice"],"picked":"SKIP","floor":10},{"not_picked":["Finisher","Flying Knee","Bane"],"picked":"SKIP","floor":12}],"player_experience":1486397,"relics_obtained":[{"floor":6,"key":"Smiling Mask"},{"floor":8,"key":"Anchor"},{"floor":9,"key":"StoneCalendar"}],"event_choices":[{"damage_healed":0,"gold_gain":0,"cards_transformed":["Strike_G"],"player_choice":"Change","damage_taken":0,"max_hp_gain":0,"max_hp_loss":0,"event_name":"Living Wall","floor":2,"gold_loss":0,"cards_obtained":["Sucker Punch"]},{"damage_healed":0,"gold_gain":0,"player_choice":"Success","damage_taken":5,"relics_obtained":["Gambling Chip"],"max_hp_gain":0,"max_hp_loss":0,"event_name":"Scrap Ooze","floor":5,"gold_loss":0}],"is_beta":false,"boss_relics":[],"items_purged_floors":[13],"is_endless":false,"potions_floor_spawned":[4,6,12],"killed_by":"Gremlin Nob","ascension_level":20}}