{"host":"1tl36azeqm6yhdgj","time":1611574407,"event":{"mods":["AchievementEnabler","BaseMod","Minty Spire (QoL Compilation)","StSLib","The IronCluck","everything is the same but u backflip on backflip"],"gold_per_floor":[110,127,137,41,41,76,76,76,76],"floor_reached":8,"language":"ENG","playtime":160,"items_purged":[],"score":112,"play_id":"bf2cfd96-81be-4d0f-acf2-93b56b32299b","local_time":"20210125063327","is_ascension_mode":true,"campfire_choices":[{"data":"Seeing Red","floor":7,"key":"SMITH"}],"circlet_count":0,"master_deck":["AscendersBane","Strike_R","Strike_R","Strike_R","Strike_R","Strike_R","Defend_R","Defend_R+1","Defend_R","Defend_R+1","Bash","Iron Wave","Clothesline","Feel No Pain","Bandage Up","Immolate","Seeing Red+1","Evolve"],"relics":["Burning Blood","NeowsBlessing","War Paint"],"acts_visited":["Exordium"],"potions_floor_usage":[],"damage_taken":[{"damage":0.0,"enemies":"Cultist","floor":1.0,"turns":1.0},{"damage":0.0,"enemies":"2 Louse","floor":2.0,"turns":1.0},{"damage":0.0,"enemies":"Jaw Worm","floor":3.0,"turns":1.0},{"damage":44,"enemies":"Lagavulin","floor":6,"turns":7},{"damage":48,"enemies":"Gremlin Nob","floor":8,"turns":4}],"seed_played":"8882269082099722482","potions_obtained":[{"floor":3.0,"key":"GamblersBrew"}],"is_trial":false,"path_per_floor":["M","M","M","$","?","E","R","E"],"character_chosen":"IRONCLAD","items_purchased":["Bandage Up"],"campfire_rested":0,"item_purchase_floors":[4],"current_hp_per_floor":[74,75,75,75,75,37,37,0,0],"gold":76,"neow_bonus":"THREE_ENEMY_KILL","is_daily":false,"chose_seed":false,"campfire_upgraded":1,"win_rate":0.0,"timestamp":1611574407,"path_taken":["M","M","M","$","?","E","R","E"],"items_purchased_type":["Card"],"build_version":"2020-12-22","purchased_purges":0,"victory":false,"max_hp_per_floor":[75,75,75,75,75,75,75,75,75],"card_choices":[{"not_picked":["Havoc","Power Through"],"picked":"Iron Wave","floor":1.0},{"not_picked":["Heavy Blade","Searing Blow"],"picked":"Clothesline","floor":2.0},{"not_picked":["Sword Boomerang","Infernal Blade"],"picked":"Feel No Pain","floor":3.0},{"not_picked":["Perfected Strike","Sever Soul"],"picked":"Evolve","floor":6}],"player_experience":2033586,"relics_obtained":[{"floor":6,"key":"War Paint"}],"event_choices":[{"damage_healed":0,"gold_gain":0,"player_choice":"2 cards matched","damage_taken":0,"max_hp_gain":0,"max_hp_loss":0,"event_name":"Match and Keep!","floor":5,"gold_loss":0,"cards_obtained":["Immolate","Seeing Red"]}],"is_beta":false,"boss_relics":[],"items_purged_floors":[],"is_endless":false,"potions_floor_spawned":[3],"killed_by":"Gremlin Nob","ascension_level":20}}