{"host":"l2dnabsh5e0fsksb","time":1611549622,"event":{"mods":["2.2 Compatiblity","BaseMod","Downfall","Minty Spire (QoL Compilation)","Quick Restart","StSLib"],"gold_per_floor":[99,99,99,99,24,37,62,62,62,91,109,126,26,41,54,54,54,54],"floor_reached":16,"language":"ENG","playtime":456,"items_purged":["Injury"],"score":130,"play_id":"c1b9230a-cbbb-41d9-aa52-313f59555291","local_time":"20210125151022","is_ascension_mode":true,"campfire_choices":[{"floor":1.0,"key":"RECALL"},{"data":"bronze:Mutator","floor":8.0,"key":"SMITH"},{"floor":13.0,"key":"REST"}],"circlet_count":0,"master_deck":["bronze:Strike","bronze:Strike","bronze:Strike","bronze:Strike","bronze:Defend","bronze:Defend","bronze:Defend","bronze:Defend","bronze:Replicate+1","bronze:Goto","bronze:WhirlingStrike+1","bronze:Allocate","bronze:Mutator+1","bronze:ItsAFeature","bronze:WhirlingStrike+1","bronze:Repulsor","bronze:ChosenStrike","bronze:Boost","bronze:Constructor","bronze:FineTuning"],"relics":["bronze:BronzeCore","downfall:HeartsMalice","Du-Vu Doll","downfall:HeartBlessingBlue"],"acts_visited":["Exordium"],"potions_floor_usage":[16],"damage_taken":[{"damage":0.0,"enemies":"Jaw Worm","floor":2.0,"turns":1.0},{"damage":0.0,"enemies":"Cultist","floor":4.0,"turns":1.0},{"damage":0.0,"enemies":"downfall:FleeingMerchant","floor":5.0,"turns":1.0},{"damage":9.0,"enemies":"2 Louse","floor":6.0,"turns":2.0},{"damage":15.0,"enemies":"3 Sentries","floor":10.0,"turns":4.0},{"damage":8.0,"enemies":"Red Slaver","floor":11.0,"turns":3.0},{"damage":17.0,"enemies":"Exordium Wildlife","floor":12.0,"turns":2.0},{"damage":12.0,"enemies":"Exordium Thugs","floor":14.0,"turns":3.0},{"damage":0,"enemies":"Gremlin Gang","floor":15,"turns":1},{"damage":36,"enemies":"DF_ARCHETYPE_STREAMLINE","floor":16,"turns":4}],"seed_played":"-1545834593465617127","potions_obtained":[{"floor":6.0,"key":"sneckomod:MuddlingPotion"},{"floor":10.0,"key":"Weak Potion"},{"floor":15,"key":"SmokeBomb"}],"is_trial":false,"path_per_floor":["R","M","?","M","$","M","T","R","?","E","M","M","R","M","M","B"],"character_chosen":"THE_AUTOMATON","items_purchased":[],"campfire_rested":1,"item_purchase_floors":[],"current_hp_per_floor":[63,63,63,63,63,54,54,54,54,39,31,14,48,36,36,0,0,0],"gold":54,"neow_bonus":"THREE_ENEMY_KILL","is_daily":false,"chose_seed":false,"campfire_upgraded":1,"win_rate":0.0,"timestamp":1611549622,"path_taken":["R","M","?","M","?","?","T","R","?","E","M","?","R","M","M","BOSS"],"items_purchased_type":[],"build_version":"2020-12-22","purchased_purges":1,"victory":false,"max_hp_per_floor":[70,70,70,70,70,70,70,70,70,70,70,70,80,80,80,80,80,80],"card_choices":[{"not_picked":["bronze:CutThrough","bronze:Repulsor"],"picked":"bronze:WhirlingStrike","floor":2.0},{"not_picked":["bronze:Overheat","bronze:Turbo"],"picked":"bronze:Allocate","floor":4.0},{"not_picked":["bronze:NullPointer","bronze:CutThrough"],"picked":"bronze:Mutator","floor":5.0},{"not_picked":["bronze:Backtrace","bronze:Allocate"],"picked":"bronze:ItsAFeature","floor":6.0},{"not_picked":["bronze:Flail","bronze:Deprecate"],"picked":"bronze:Repulsor","floor":10.0},{"not_picked":["bronze:Branch","bronze:GetLatest"],"picked":"bronze:ChosenStrike","floor":11.0},{"not_picked":["bronze:ItsAFeature","bronze:Shield"],"picked":"bronze:Boost","floor":12.0},{"not_picked":["bronze:Deprecate","bronze:CutThrough"],"picked":"bronze:Constructor","floor":14.0},{"not_picked":["bronze:BitShift","bronze:Overload"],"picked":"bronze:FineTuning","floor":15}],"player_experience":1834159,"relics_obtained":[{"floor":10.0,"key":"Du-Vu Doll"}],"event_choices":[],"is_beta":false,"boss_relics":[],"items_purged_floors":[5],"is_endless":false,"potions_floor_spawned":[6,10,15],"killed_by":"DF_ARCHETYPE_STREAMLINE","ascension_level":6}}