{"host":"qeogwbudlaqzb6hy","time":1611536686,"event":{"mods":["BaseMod","Downfall","Minty Spire (QoL Compilation)","StSLib"],"gold_per_floor":[99,117,136,156,174,190,190,201,229,239,264,279,110,121,135,135,135,135],"floor_reached":16,"language":"ENG","playtime":3166,"items_purged":["champ:Defend"],"score":145,"play_id":"a8ad5d24-2299-4cd7-af4d-3c33ec802bf4","local_time":"20210125110446","is_ascension_mode":false,"campfire_choices":[{"data":"champ:Execute","floor":1,"key":"SMITH"}],"circlet_count":0,"master_deck":["champ:Strike","champ:Strike","champ:Strike","champ:Strike","champ:Defend","champ:Defend","champ:Defend","champ:Execute+1","champ:Taunt","champ:Backstep","champ:PreciseThrust","champ:FaceSlap","champ:DeathBlow","champ:PerfectedStrike","champ:Duel","champ:PerfectedStrike","champ:TornadoPunch","champ:StrikeOfGenius","champ:FlashCut","champ:EnragedBash","champ:ArenaPreparation","champ:GladiatorStyle","champ:Devastate"],"relics":["champ:ChampionCrown","Anchor","Happy Flower","Sundial"],"acts_visited":["Exordium"],"potions_floor_usage":[15,16],"damage_taken":[{"damage":10,"enemies":"2 Louse","floor":2,"turns":3},{"damage":10,"enemies":"Jaw Worm","floor":3,"turns":4},{"damage":16,"enemies":"Cultist","floor":4,"turns":3},{"damage":6,"enemies":"Blue Slaver","floor":5,"turns":3},{"damage":10,"enemies":"Lots of Slimes","floor":6,"turns":3},{"damage":10,"enemies":"2 Fungi Beasts","floor":8,"turns":3},{"damage":44,"enemies":"Lagavulin","floor":9,"turns":6},{"damage":22,"enemies":"Gremlin Gang","floor":10,"turns":4},{"damage":20,"enemies":"3 Sentries","floor":11,"turns":5},{"damage":18,"enemies":"Exordium Thugs","floor":12,"turns":4},{"damage":10,"enemies":"downfall:FleeingMerchant","floor":13,"turns":4},{"damage":36,"enemies":"Large Slime","floor":14,"turns":5},{"damage":4,"enemies":"Gremlin Gang","floor":15,"turns":4},{"damage":67,"enemies":"SI_SHIV_ARCHETYPE","floor":16,"turns":7}],"seed_played":"-8860601144018101791","potions_obtained":[{"floor":5,"key":"SkillPotion"},{"floor":6,"key":"Fire Potion"},{"floor":10,"key":"Fire Potion"},{"floor":15,"key":"Strength Potion"}],"is_trial":false,"path_per_floor":["R","M","M","M","M","M","T","M","E","M","E","M","$","M","M","B"],"character_chosen":"THE_CHAMP","items_purchased":["champ:ArenaPreparation"],"campfire_rested":0,"item_purchase_floors":[13],"current_hp_per_floor":[99,99,99,93,87,87,87,87,73,61,61,58,58,52,48,0,0,0],"gold":135,"neow_bonus":"TEN_PERCENT_HP_BONUS","is_daily":false,"chose_seed":false,"campfire_upgraded":1,"win_rate":0.0,"timestamp":1611536686,"path_taken":["R","M","M","M","M","M","T","M","E","M","E","M","$","M","M","BOSS"],"items_purchased_type":["Card"],"build_version":"2020-12-22","purchased_purges":1,"victory":false,"max_hp_per_floor":[99,99,99,99,99,99,99,99,99,99,99,99,99,99,99,99,99,99],"card_choices":[{"not_picked":["champ:Circumvent","champ:DefensiveShout"],"picked":"champ:Backstep","floor":2},{"not_picked":["champ:EnGarde","champ:CalledShot"],"picked":"champ:PreciseThrust","floor":3},{"not_picked":["champ:FocusedBerserking","champ:IronFortress"],"picked":"champ:FaceSlap","floor":4},{"not_picked":["champ:Backstep","champ:FanOfKnives"],"picked":"champ:DeathBlow","floor":5},{"not_picked":["champ:Backstep","champ:EnGarde"],"picked":"champ:PerfectedStrike","floor":6},{"not_picked":["champ:StanceDance","champ:TornadoPunch"],"picked":"champ:Duel","floor":8},{"not_picked":["champ:ShieldSlam","champ:DefensiveShout"],"picked":"champ:PerfectedStrike","floor":9},{"not_picked":["champ:EnGarde","champ:Circumvent"],"picked":"champ:TornadoPunch","floor":10},{"not_picked":["champ:AdrenalArmor","champ:BladeFlurry"],"picked":"champ:StrikeOfGenius","floor":11},{"not_picked":["champ:EnGarde","champ:DeathBlow"],"picked":"champ:FlashCut","floor":12},{"not_picked":["champ:GutPunch","champ:Circumvent"],"picked":"champ:EnragedBash","floor":13},{"not_picked":["champ:PreciseThrust","champ:PerfectedStrike"],"picked":"champ:GladiatorStyle","floor":14},{"not_picked":["champ:DefensiveShout","champ:DeathBlow"],"picked":"champ:Devastate","floor":15}],"player_experience":306581,"relics_obtained":[{"floor":7,"key":"Anchor"},{"floor":9,"key":"Happy Flower"},{"floor":11,"key":"Sundial"}],"event_choices":[],"is_beta":false,"boss_relics":[],"items_purged_floors":[13],"is_endless":false,"potions_floor_spawned":[5,6,10,15],"killed_by":"SI_SHIV_ARCHETYPE","ascension_level":0}}