{"host":"usdj552hvd2ulznm","time":1611533073,"event":{"mods":["Act Like it!","Aspiration","BaseMod","Better Third Choice","Colored Powertips","Conjunction","Conspire","DeckTracker","Downfall","Emptier Cage","Energized Spire","Gensokyo","GifTheSpireLib","GungeonMod","Halation","Hallownest","Hermit","Hubris","Infinite Spire","Key Reminder","Lobotomy","LobotomyExtend","Minty Spire (QoL Compilation)","Quick Restart","RNG Fix","Railgun Mod","Random Character Mod","Relic Stats","Replay The Spire","Reworked Bosses","Small Relic Pack","StSLib","Stuff the Spire","The Animator","The Blue Laboratory","The IronCluck","The Jungle","Uncapped","WarShipGirlsR/????R mod","vexMod"],"gold_per_floor":[113,113,38,52,52,52,232,132,132,177,177],"floor_reached":10,"language":"ENG","playtime":363,"items_purged":["hermit:Defend_Hermit","hermit:Defend_Hermit"],"score":54,"play_id":"7a6b142b-9214-4715-911a-ae045b97932e","local_time":"20210124170433","is_ascension_mode":false,"campfire_choices":[{"data":"hermit:Showdown","floor":6,"key":"SMITH"}],"circlet_count":0,"master_deck":["hermit:Strike_Hermit","hermit:Strike_Hermit","hermit:Strike_Hermit","hermit:Strike_Hermit","hermit:Defend_Hermit","hermit:Defend_Hermit","hermit:Snapshot","hermit:Covet","Porccubus","hermit:Showdown+1","Scorched","Variant","hermit:SprayPray"],"relics":["hermit:Momento","CogitoBucket","LetterFromLob","hubris:Icosahedron","Ring of Misfortune","ReplayTheSpireMod:Ring of Challenge","Incense Burner","hubris:BottledRain"],"acts_visited":["Hallownest:Greenpath"],"potions_floor_usage":[],"damage_taken":[{"damage":10,"enemies":"Hallownest:2_Tiktiks_and_1_Crawlid","floor":1,"turns":4},{"damage":4,"enemies":"Hallownest:monsterHuskWarrior","floor":4,"turns":2},{"damage":21,"enemies":"conspire:MimicChest","floor":7,"turns":5},{"damage":45,"enemies":"Hallownest:eliteCrystalGuardian","floor":10,"turns":2}],"seed_played":"-2893659767406460636","potions_obtained":[],"is_trial":false,"path_per_floor":["M","?","$","M","?","R","?","$","T","E"],"character_chosen":"HERMIT","items_purchased":[],"campfire_rested":0,"item_purchase_floors":[],"current_hp_per_floor":[65,65,65,61,61,61,40,40,40,0,0],"gold":177,"neow_bonus":"","is_daily":false,"chose_seed":false,"campfire_upgraded":1,"win_rate":0.0,"timestamp":1611533073,"path_taken":["M","?","$","M","?","R","?","$","T","E"],"items_purchased_type":[],"build_version":"2020-12-22","purchased_purges":2,"victory":false,"max_hp_per_floor":[75,75,75,75,75,75,75,75,75,75,75],"relic_stats":{"counters":[4,13],"obtain_stats":[{"CogitoBucket":0,"hubris:Icosahedron":2,"Ring of Misfortune":5,"DemoMod:GlassGuonStoneRelic":7,"LetterFromLob":1,"Incense Burner":7,"ReplayTheSpireMod:Ring of Challenge":5,"hermit:Momento":0,"hubris:BottledRain":9},{"CogitoBucket":0,"hubris:Icosahedron":1,"Ring of Misfortune":2,"DemoMod:GlassGuonStoneRelic":3,"LetterFromLob":1,"Incense Burner":3,"ReplayTheSpireMod:Ring of Challenge":2,"hermit:Momento":0,"hubris:BottledRain":3},{"CogitoBucket":0,"hubris:Icosahedron":4,"Ring of Misfortune":6,"DemoMod:GlassGuonStoneRelic":11,"LetterFromLob":4,"Incense Burner":11,"ReplayTheSpireMod:Ring of Challenge":6,"hermit:Momento":0,"hubris:BottledRain":11}]},"card_choices":[{"not_picked":["OldLady","HappyTeddy","Alriune"],"picked":"Singing Bowl","floor":1},{"not_picked":["HappyTeddy","CherryBlossoms"],"picked":"Porccubus","floor":1},{"not_picked":["hermit:Vantage","hermit:ItchyTrigger"],"picked":"hermit:Showdown","floor":1},{"not_picked":["Wellcheers","VoidDream","OSAHOGD"],"picked":"Singing Bowl","floor":4},{"not_picked":["SpiderBud","OldLady"],"picked":"Scorched","floor":4},{"not_picked":["hermit:HighCaliber","hermit:Manifest","hermit:Vantage"],"picked":"SKIP","floor":4},{"not_picked":["hermit:HighCaliber","hermit:Manifest","hermit:Vantage"],"picked":"SKIP","floor":4},{"not_picked":["BeautyBeast","CherryBlossoms","Wellcheers"],"picked":"Singing Bowl","floor":7},{"not_picked":["DreamingCurrent","BeautyBeast"],"picked":"Variant","floor":7},{"not_picked":["hermit:Feint","hermit:Glare"],"picked":"hermit:SprayPray","floor":7}],"player_experience":470331,"relics_obtained":[{"floor":1,"key":"LetterFromLob"},{"floor":5,"key":"Ring of Misfortune"},{"floor":5,"key":"ReplayTheSpireMod:Ring of Challenge"},{"floor":7,"key":"Incense Burner"},{"floor":9,"key":"hubris:BottledRain"}],"event_choices":[],"is_beta":false,"boss_relics":[],"items_purged_floors":[3,8],"is_endless":false,"potions_floor_spawned":[],"killed_by":"Hallownest:eliteCrystalGuardian","ascension_level":0}}