{"host":"sc0o2qwpf9j16a4i","time":1611598465,"event":{"mods":["AchievementEnabler","BaseMod","BetterRewards","Block Reminder","Colored Map","Colored Powertips","Custom Start","Highlight Path","Minty Spire (QoL Compilation)","Relic Stats"],"gold_per_floor":[109,128,128,42,42,73,88,115,115,115,147,204,238,257,257,352,352,352],"floor_reached":17,"language":"ENG","playtime":672,"items_purged":[],"score":208,"play_id":"ed7bbed7-bead-4bfd-9942-f34013f5181a","local_time":"20210125201425","daily_mods":["SealedDeck","ControlledChaos","Elite Swarm"],"is_ascension_mode":false,"campfire_choices":[{"floor":10,"key":"REST"},{"data":"Calculated Gamble","floor":15,"key":"SMITH"}],"circlet_count":0,"master_deck":["Leg Sweep","Dodge and Roll","Deflect","Underhanded Strike","Underhanded Strike+1","Prepared","Acrobatics","Prepared","Deflect","Underhanded Strike+1","Escape Plan","Tactician","Escape Plan","Wraith Form v2","Cloak And Dagger","Night Terror","Wraith Form v2","Noxious Fumes","Calculated Gamble+1"],"relics":["Ring of the Snake","Frozen Eye","Happy Flower","Kunai","Bag of Marbles","HornCleat","The Specimen","Anchor","Cursed Key"],"acts_visited":["Exordium","TheCity"],"potions_floor_usage":[11,11,12,13],"damage_taken":[{"damage":0,"enemies":"Small Slimes","floor":1,"turns":1},{"damage":0,"enemies":"Jaw Worm","floor":2,"turns":1},{"damage":16,"enemies":"Gremlin Nob","floor":6,"turns":4},{"damage":0,"enemies":"Cultist","floor":7,"turns":3},{"damage":9,"enemies":"3 Sentries","floor":8,"turns":5},{"damage":2,"enemies":"Lagavulin","floor":11,"turns":4},{"damage":2,"enemies":"3 Sentries","floor":12,"turns":6},{"damage":0,"enemies":"Gremlin Nob","floor":13,"turns":2},{"damage":0,"enemies":"Blue Slaver","floor":14,"turns":1},{"damage":23,"enemies":"Hexaghost","floor":16,"turns":9}],"seed_played":"3802774027520135516","potions_obtained":[{"floor":2,"key":"DuplicationPotion"},{"floor":8,"key":"DistilledChaos"},{"floor":11,"key":"FearPotion"},{"floor":14,"key":"Fire Potion"}],"is_trial":true,"path_per_floor":["M","M","?","$","?","E","M","E","T","R","E","?","E","M","R","B",null],"character_chosen":"THE_SILENT","items_purchased":["Escape Plan","BlessingOfTheForge"],"campfire_rested":1,"item_purchase_floors":[4,4],"current_hp_per_floor":[70,70,70,70,56,40,40,31,31,52,50,48,48,48,48,25,70,70],"gold":352,"neow_bonus":"","is_daily":false,"chose_seed":false,"campfire_upgraded":1,"win_rate":0.0,"timestamp":1611598465,"path_taken":["M","M","?","$","?","E","M","E","T","R","E","?","E","M","R","BOSS"],"items_purchased_type":["Card","Potion"],"build_version":"2020-12-22","purchased_purges":0,"victory":false,"max_hp_per_floor":[70,70,70,70,70,70,70,70,70,70,70,70,70,70,70,70,70,70],"relic_stats":{"Happy Flower":[10],"counters":[10,36],"Kunai":[9],"Cursed Key":0,"obtain_stats":[{"Frozen Eye":0,"Anchor":13,"HornCleat":11,"Happy Flower":6,"The Specimen":12,"Bag of Marbles":9,"Kunai":8,"Cursed Key":17,"Ring of the Snake":0},{"Frozen Eye":0,"Anchor":8,"HornCleat":6,"Happy Flower":3,"The Specimen":7,"Bag of Marbles":5,"Kunai":5,"Cursed Key":10,"Ring of the Snake":0},{"Frozen Eye":0,"Anchor":26,"HornCleat":18,"Happy Flower":6,"The Specimen":24,"Bag of Marbles":14,"Kunai":14,"Cursed Key":36,"Ring of the Snake":0}],"Ring of the Snake":[20]},"card_choices":[{"not_picked":["Backflip","Prepared"],"picked":"Escape Plan","floor":1},{"not_picked":["Bane","PiercingWail"],"picked":"Tactician","floor":2},{"not_picked":["Phantasmal Killer","Storm of Steel"],"picked":"Wraith Form v2","floor":6},{"not_picked":["Expertise","Outmaneuver"],"picked":"Cloak And Dagger","floor":7},{"not_picked":["Doppelganger","Storm of Steel"],"picked":"Night Terror","floor":8},{"not_picked":["Grand Finale","Malaise"],"picked":"Wraith Form v2","floor":11},{"not_picked":["Blur","Outmaneuver"],"picked":"Noxious Fumes","floor":12},{"not_picked":["Grand Finale","Die Die Die","A Thousand Cuts"],"picked":"SKIP","floor":13},{"not_picked":["Sucker Punch","Backstab"],"picked":"Calculated Gamble","floor":14}],"player_experience":961292,"relics_obtained":[{"floor":6,"key":"Happy Flower"},{"floor":8,"key":"Kunai"},{"floor":9,"key":"Bag of Marbles"},{"floor":11,"key":"HornCleat"},{"floor":12,"key":"The Specimen"},{"floor":13,"key":"Anchor"}],"event_choices":[{"damage_healed":0,"gold_gain":0,"player_choice":"Leave","damage_taken":0,"max_hp_gain":0,"max_hp_loss":0,"event_name":"The Cleric","floor":3,"gold_loss":0},{"damage_healed":0,"gold_gain":0,"player_choice":"Entered Light","damage_taken":14,"max_hp_gain":0,"max_hp_loss":0,"event_name":"Shining Light","floor":5,"gold_loss":0,"cards_upgraded":["Underhanded Strike","Underhanded Strike"]},{"damage_healed":0,"gold_gain":0,"player_choice":"Searched \u00271\u0027 times","damage_taken":0,"max_hp_gain":0,"max_hp_loss":0,"event_name":"Dead Adventurer","floor":12,"gold_loss":0}],"is_beta":false,"boss_relics":[{"not_picked":["Velvet Choker","Coffee Dripper"],"picked":"Cursed Key"}],"items_purged_floors":[],"is_endless":false,"potions_floor_spawned":[2,8,11,14],"ascension_level":0}}