{"host":"edc6wmn2qug8wnvl","time":1611539652,"event":{"mods":["AchievementEnabler","BaseMod","Colored Map","Colored Powertips","Minty Spire (QoL Compilation)","StSLib"],"gold_per_floor":[118,69,169,188,148,174,187,219,243,5,5,15,15,27,27,132,132,143,143,143],"floor_reached":19,"language":"ENG","playtime":1310,"items_purged":[],"score":202,"play_id":"172a7095-f1e6-42f9-9748-1267d12dd39d","local_time":"20210124175412","is_ascension_mode":false,"campfire_choices":[{"floor":13,"key":"REST"},{"data":"Fission","floor":15,"key":"SMITH"}],"circlet_count":0,"master_deck":["Strike_B+1","Strike_B","Strike_B","Defend_B","Defend_B","Defend_B","Zap","Dualcast+1","Auto Shields","Redo","Leap","Fission+1","Hologram","Auto Shields","Stack","Undo","Electrodynamics","Doom and Gloom"],"relics":["Cracked Core","NeowsBlessing","Nunchaku","Boot","Blood Vial","White Beast Statue","Empty Cage"],"acts_visited":["Exordium","TheCity"],"potions_floor_usage":[8,8,8,14,16,19],"damage_taken":[{"damage":0,"enemies":"Small Slimes","floor":1,"turns":1},{"damage":0,"enemies":"Cultist","floor":4,"turns":1},{"damage":0,"enemies":"Gremlin Nob","floor":6,"turns":1},{"damage":0,"enemies":"Jaw Worm","floor":7,"turns":7},{"damage":9,"enemies":"3 Sentries","floor":8,"turns":8},{"damage":11,"enemies":"Exordium Thugs","floor":12,"turns":5},{"damage":0,"enemies":"Blue Slaver","floor":14,"turns":5},{"damage":21,"enemies":"Hexaghost","floor":16,"turns":16},{"damage":27,"enemies":"3 Byrds","floor":18,"turns":9},{"damage":54,"enemies":"Masked Bandits","floor":19,"turns":4}],"seed_played":"1376601154245433451","potions_obtained":[{"floor":5,"key":"PotionOfCapacity"},{"floor":5,"key":"EssenceOfDarkness"},{"floor":5,"key":"Explosive Potion"},{"floor":7,"key":"ColorlessPotion"},{"floor":12,"key":"LiquidMemories"},{"floor":14,"key":"ColorlessPotion"},{"floor":16,"key":"SteroidPotion"},{"floor":18,"key":"Dexterity Potion"}],"is_trial":false,"path_per_floor":["M","$","?","M","?","E","M","E","T","$","?","M","R","M","R","B",null,"M","?"],"character_chosen":"DEFECT","items_purchased":["Redo","White Beast Statue"],"campfire_rested":1,"item_purchase_floors":[2,10],"current_hp_per_floor":[75,75,75,75,75,75,75,66,66,66,51,42,64,66,66,47,75,48,0,0],"gold":143,"neow_bonus":"THREE_ENEMY_KILL","is_daily":false,"chose_seed":false,"campfire_upgraded":1,"win_rate":0.0,"timestamp":1611539652,"path_taken":["M","$","?","?","?","E","M","E","T","?","?","M","R","?","R","BOSS","M","?"],"items_purchased_type":["Card","Relic"],"build_version":"2020-12-22","purchased_purges":0,"victory":false,"max_hp_per_floor":[75,75,75,75,75,75,75,75,75,75,75,75,75,75,75,75,75,75,75,75],"card_choices":[{"not_picked":["Compile Driver","Reinforced Body"],"picked":"Auto Shields","floor":1},{"not_picked":["Gash","Go for the Eyes"],"picked":"Leap","floor":4},{"not_picked":["Compile Driver","Conserve Battery"],"picked":"Fission","floor":6},{"not_picked":["Leap","Auto Shields"],"picked":"Hologram","floor":7},{"not_picked":["Redo","Cold Snap"],"picked":"Auto Shields","floor":8},{"not_picked":["Streamline","Electrodynamics"],"picked":"Stack","floor":12},{"not_picked":["Redo","Compile Driver"],"picked":"Undo","floor":14},{"not_picked":["All For One","Biased Cognition"],"picked":"Electrodynamics","floor":16},{"not_picked":["Rebound","Ball Lightning"],"picked":"Doom and Gloom","floor":18}],"player_experience":16930,"relics_obtained":[{"floor":6,"key":"Nunchaku"},{"floor":8,"key":"Boot"},{"floor":9,"key":"Blood Vial"}],"event_choices":[{"damage_healed":0,"gold_gain":100,"player_choice":"Pray","damage_taken":0,"max_hp_gain":0,"max_hp_loss":0,"event_name":"Golden Shrine","floor":3,"gold_loss":0},{"damage_healed":0,"gold_gain":0,"player_choice":"Bought 3 Potions","damage_taken":0,"max_hp_gain":0,"max_hp_loss":0,"event_name":"The Woman in Blue","floor":5,"gold_loss":0},{"damage_healed":0,"gold_gain":0,"player_choice":"Entered Light","damage_taken":15,"max_hp_gain":0,"max_hp_loss":0,"event_name":"Shining Light","floor":11,"gold_loss":0,"cards_upgraded":["Dualcast","Strike_B"]},{"damage_healed":0,"gold_gain":0,"player_choice":"Fought Bandits","damage_taken":0,"max_hp_gain":0,"max_hp_loss":0,"event_name":"Masked Bandits","floor":19,"gold_loss":0}],"is_beta":false,"boss_relics":[{"not_picked":["SlaversCollar","Inserter"],"picked":"Empty Cage"}],"items_purged_floors":[],"is_endless":false,"potions_floor_spawned":[7,12,14,16,18],"killed_by":"Masked Bandits","ascension_level":0}}