{"host":"l84l8xigz5v5foa2","time":1611606928,"event":{"mods":["2.2 Compatiblity","AchievementEnabler","BaseMod","Better Note","Better Vampires","Card Filter","Colored Map","DeckTracker","Gremlin Skip","Highlight Path","Keyboard Shortcuts","Minty Spire (QoL Compilation)","Permanent Neow","Quick Restart","Relic Filter","Relic Stats","Shop Mod","StSLib","SuperFastMode","Transform Curses","Unknown Chances"],"gold_per_floor":[115,134,59,59,72,72,101,101,101,136,13,13,25,36,36,113,113,133,148,73,86,103,103,130,130,130,130,149,249,249,280,280,353,353,372,387,32,50,50,50,79,93,93,393,393,412,428,463,463,463,463,463,143,170,170],"floor_reached":56,"language":"KOR","playtime":4346,"items_purged":["Strike_G"],"score":2281,"play_id":"156dd80d-f6f8-497f-a588-b6479eca462b","local_time":"20210126053528","is_ascension_mode":true,"campfire_choices":[{"data":"Neutralize","floor":6.0,"key":"SMITH"},{"data":"Deadly Poison","floor":8.0,"key":"SMITH"},{"data":"Well Laid Plans","floor":15.0,"key":"SMITH"},{"data":"Tactician","floor":23.0,"key":"SMITH"},{"data":"Calculated Gamble","floor":25.0,"key":"SMITH"},{"data":"Night Terror","floor":30.0,"key":"SMITH"},{"data":"Reflex","floor":32.0,"key":"SMITH"},{"data":"Prepared","floor":40.0,"key":"SMITH"},{"data":"Secret Technique","floor":45.0,"key":"SMITH"},{"floor":49.0,"key":"RECALL"},{"data":"Acrobatics","floor":52,"key":"SMITH"}],"circlet_count":0,"master_deck":["AscendersBane","Defend_G","Defend_G","Defend_G","Defend_G","Survivor","Neutralize+1","Cloak And Dagger","Night Terror+1","Reflex+1","Dash","Reflex","Dagger Throw","Deadly Poison+1","Deflect","Well Laid Plans+1","Tactician+1","Calculated Gamble+1","Backflip","Doppelganger","Flechettes","Eviscerate","PiercingWail","Adrenaline","Deflect+1","Tactician+1","After Image","Backflip","Prepared+1","Cloak And Dagger","Accuracy","Dagger Throw","Secret Technique+1","Thinking Ahead","Blind","Acrobatics+1","Skewer","After Image","Prepared","Noxious Fumes","Footwork","Dodge and Roll"],"relics":["Ring of the Snake","Du-Vu Doll","The Courier","Bag of Preparation","Bag of Marbles","Coffee Dripper","Blood Vial","Sundial","Ginger","Singing Bowl","Bird Faced Urn","HoveringKite","Calipers","HornCleat","Dream Catcher","Bottled Flame"],"acts_visited":["Exordium","TheCity","TheBeyond","TheEnding"],"potions_floor_usage":[55,55],"damage_taken":[{"damage":7.0,"enemies":"Jaw Worm","floor":1.0,"turns":6.0},{"damage":0.0,"enemies":"2 Louse","floor":2.0,"turns":7.0},{"damage":0.0,"enemies":"Cultist","floor":5.0,"turns":5.0},{"damage":20.0,"enemies":"Gremlin Nob","floor":7.0,"turns":6.0},{"damage":5.0,"enemies":"Lagavulin","floor":10.0,"turns":6.0},{"damage":0.0,"enemies":"2 Fungi Beasts","floor":13.0,"turns":3.0},{"damage":0.0,"enemies":"Exordium Wildlife","floor":14.0,"turns":4.0},{"damage":7.0,"enemies":"The Guardian","floor":16.0,"turns":11.0},{"damage":18.0,"enemies":"Chosen","floor":18.0,"turns":7.0},{"damage":5.0,"enemies":"2 Thieves","floor":19.0,"turns":4.0},{"damage":0.0,"enemies":"Centurion and Healer","floor":21.0,"turns":7.0},{"damage":0.0,"enemies":"Cultist and Chosen","floor":22.0,"turns":6.0},{"damage":0.0,"enemies":"Book of Stabbing","floor":24.0,"turns":3.0},{"damage":0.0,"enemies":"Snake Plant","floor":28.0,"turns":3.0},{"damage":3.0,"enemies":"Colosseum Slavers","floor":29.0,"turns":4.0},{"damage":9.0,"enemies":"Colosseum Nobs","floor":29.0,"turns":4.0},{"damage":0.0,"enemies":"Gremlin Leader","floor":31.0,"turns":4.0},{"damage":13.0,"enemies":"Collector","floor":33.0,"turns":7.0},{"damage":0.0,"enemies":"Orb Walker","floor":35.0,"turns":2.0},{"damage":11.0,"enemies":"3 Darklings","floor":36.0,"turns":5.0},{"damage":0.0,"enemies":"Jaw Worm Horde","floor":38.0,"turns":4.0},{"damage":0.0,"enemies":"Giant Head","floor":41.0,"turns":6.0},{"damage":0.0,"enemies":"Transient","floor":42.0,"turns":5.0},{"damage":0.0,"enemies":"Maw","floor":46.0,"turns":5.0},{"damage":0.0,"enemies":"Writhing Mass","floor":47.0,"turns":6.0},{"damage":0.0,"enemies":"Nemesis","floor":48.0,"turns":7.0},{"damage":0,"enemies":"Donu and Deca","floor":50,"turns":9},{"damage":0,"enemies":"Shield and Spear","floor":54,"turns":8},{"damage":24,"enemies":"The Heart","floor":55,"turns":11}],"seed_played":"7339055189173448915","potions_obtained":[{"floor":1.0,"key":"DistilledChaos"},{"floor":5.0,"key":"EntropicBrew"},{"floor":21.0,"key":"ColorlessPotion"},{"floor":22.0,"key":"Ancient Potion"},{"floor":28.0,"key":"Regen Potion"},{"floor":33.0,"key":"Energy Potion"},{"floor":35.0,"key":"Explosive Potion"},{"floor":38.0,"key":"AttackPotion"},{"floor":41.0,"key":"Fire Potion"}],"is_trial":false,"path_per_floor":["M","M","?","?","M","R","E","R","T","E","$","?","M","M","R","B",null,"M","M","?","M","M","R","E","R","T","?","M","?","R","E","R","B",null,"M","M","$","M","?","R","E","M","T","?","R","M","M","E","R","B",null,"R","$","E","B",null],"character_chosen":"THE_SILENT","items_purchased":["Well Laid Plans","Tactician","Calipers","Cloak And Dagger","Accuracy","Dagger Throw","After Image","Prepared","BlessingOfTheForge","Noxious Fumes","Footwork"],"campfire_rested":0,"item_purchase_floors":[11,11,37,37,37,37,53,53,53,53,53],"current_hp_per_floor":[37,37,37,37,37,37,17,17,17,12,12,11,11,11,11,4,51,33,28,28,28,28,28,28,28,28,28,30,34,34,36,36,27,56,60,55,55,65,55,55,65,72,72,72,72,74,74,74,74,74,74,74,74,74,52],"gold":170,"neow_bonus":"TRANSFORM_TWO_CARDS","is_daily":false,"chose_seed":false,"campfire_upgraded":10,"win_rate":0.0,"timestamp":1611606928,"path_taken":["M","M","?","?","M","R","E","R","T","E","$","?","M","M","R","BOSS","M","M","?","M","M","R","E","R","T","?","M","?","R","E","R","BOSS","BOSS","M","M","$","M","?","R","E","M","T","?","R","M","M","E","R","BOSS","R","$","E","BOSS"],"items_purchased_type":["Card","Card","Relic","Card","Card","Card","Card","Card","Potion","Card","Card"],"build_version":"2020-12-22","purchased_purges":1,"victory":true,"max_hp_per_floor":[66,66,66,66,66,66,66,66,66,66,66,66,66,66,66,66,66,66,66,66,66,66,66,66,66,66,66,66,66,66,66,66,66,66,66,66,66,68,68,68,70,72,72,72,72,74,74,74,74,74,74,74,74,74,74],"relic_stats":{"Blood Vial":20,"Dream Catcher":0,"Singing Bowl":8,"counters":[29,165],"Sundial":[28],"Bird Faced Urn":[25],"HoveringKite":[56],"Bag of Preparation":[48],"Ginger":[13],"obtain_stats":[{"Calipers":37,"Singing Bowl":29,"HoveringKite":34,"The Courier":9,"Bag of Preparation":10,"Ginger":29,"Du-Vu Doll":7,"Blood Vial":24,"Dream Catcher":48,"Bottled Flame":54,"HornCleat":41,"Sundial":26,"Bird Faced Urn":31,"Bag of Marbles":12,"Coffee Dripper":17,"Ring of the Snake":0},{"Calipers":20,"Singing Bowl":16,"HoveringKite":18,"The Courier":4,"Bag of Preparation":5,"Ginger":16,"Du-Vu Doll":4,"Blood Vial":13,"Dream Catcher":26,"Bottled Flame":28,"HornCleat":22,"Sundial":13,"Bird Faced Urn":17,"Bag of Marbles":5,"Coffee Dripper":8,"Ring of the Snake":0},{"Calipers":104,"Singing Bowl":86,"HoveringKite":97,"The Courier":24,"Bag of Preparation":30,"Ginger":86,"Du-Vu Doll":24,"Blood Vial":75,"Dream Catcher":137,"Bottled Flame":154,"HornCleat":114,"Sundial":75,"Bird Faced Urn":90,"Bag of Marbles":30,"Coffee Dripper":48,"Ring of the Snake":0}],"Ring of the Snake":[58]},"card_choices":[{"not_picked":["Acrobatics","Heel Hook"],"picked":"Reflex","floor":1.0},{"not_picked":["Outmaneuver","Blur"],"picked":"Dash","floor":2.0},{"not_picked":["Poisoned Stab","Expertise"],"picked":"Dagger Throw","floor":5.0},{"not_picked":["Cloak And Dagger","Dash"],"picked":"Deadly Poison","floor":7.0},{"not_picked":["Bane","Deadly Poison"],"picked":"Deflect","floor":10.0},{"not_picked":["Caltrops","Dagger Throw"],"picked":"Calculated Gamble","floor":13.0},{"not_picked":["Deadly Poison","Flying Knee"],"picked":"Backflip","floor":14.0},{"not_picked":["A Thousand Cuts","Bullet Time"],"picked":"Doppelganger","floor":16.0},{"not_picked":["Dagger Spray","Flying Knee","Heel Hook"],"picked":"SKIP","floor":18.0},{"not_picked":["Sucker Punch","Dagger Spray"],"picked":"Flechettes","floor":19.0},{"not_picked":["Deadly Poison","Catalyst+1","Malaise"],"picked":"SKIP","floor":21.0},{"not_picked":["PiercingWail","Flying Knee"],"picked":"Eviscerate","floor":22.0},{"not_picked":["Slice","Bane"],"picked":"PiercingWail","floor":24.0},{"not_picked":["Flying Knee","Cloak And Dagger","PiercingWail"],"picked":"SKIP","floor":28.0},{"not_picked":["Bullet Time","Deadly Poison"],"picked":"Deflect+1","floor":29.0},{"not_picked":["Poisoned Stab","Underhanded Strike+1"],"picked":"Tactician+1","floor":31.0},{"not_picked":["Night Terror","Glass Knife"],"picked":"After Image","floor":33.0},{"not_picked":["Outmaneuver","Bane"],"picked":"Backflip","floor":35.0},{"not_picked":["Underhanded Strike","PiercingWail"],"picked":"Prepared","floor":36.0},{"not_picked":["Reflex+1","Distraction+1","Finisher"],"picked":"Singing Bowl","floor":38.0},{"not_picked":["Flash of Steel","Trip"],"picked":"Secret Technique","floor":39.0},{"not_picked":["Blind","Finesse"],"picked":"Thinking Ahead","floor":39.0},{"not_picked":["Trip","Flash of Steel"],"picked":"Blind","floor":39.0},{"not_picked":["Phantasmal Killer","Predator+1","Outmaneuver"],"picked":"Singing Bowl","floor":41.0},{"not_picked":["Reflex+1","Slice","Crippling Poison"],"picked":"Singing Bowl","floor":42.0},{"not_picked":["Bane","Finisher","Dagger Spray+1"],"picked":"Singing Bowl","floor":46.0},{"not_picked":["Slice","Footwork"],"picked":"Acrobatics","floor":47.0},{"not_picked":["Choke","Crippling Poison"],"picked":"Skewer","floor":48.0},{"not_picked":["Deadly Poison","PiercingWail"],"picked":"Dodge and Roll","floor":54}],"player_experience":1472957,"relics_obtained":[{"floor":7.0,"key":"Du-Vu Doll"},{"floor":9.0,"key":"The Courier"},{"floor":10.0,"key":"Bag of Preparation"},{"floor":24.0,"key":"Blood Vial"},{"floor":26.0,"key":"Sundial"},{"floor":29.0,"key":"Ginger"},{"floor":29.0,"key":"Singing Bowl"},{"floor":31.0,"key":"Bird Faced Urn"},{"floor":41.0,"key":"HornCleat"},{"floor":48.0,"key":"Dream Catcher"},{"floor":54,"key":"Bottled Flame"}],"event_choices":[{"cards_removed":["Strike_G"],"damage_healed":0.0,"max_hp_gain":0.0,"max_hp_loss":0.0,"gold_gain":0.0,"event_name":"The Cleric","player_choice":"Card Removal","floor":3.0,"gold_loss":75.0,"damage_taken":0.0},{"damage_healed":0.0,"max_hp_gain":0.0,"max_hp_loss":0.0,"gold_gain":0.0,"cards_transformed":["Strike_G"],"event_name":"Living Wall","player_choice":"Change","floor":4.0,"gold_loss":0.0,"damage_taken":0.0,"cards_obtained":["Reflex"]},{"damage_healed":0.0,"max_hp_gain":0.0,"max_hp_loss":0.0,"gold_gain":0.0,"event_name":"Scrap Ooze","player_choice":"Success","floor":12.0,"gold_loss":0.0,"damage_taken":26.0,"relics_obtained":["Bag of Marbles"]},{"cards_removed":["Strike_G"],"damage_healed":0.0,"max_hp_gain":0.0,"max_hp_loss":0.0,"gold_gain":0.0,"event_name":"Beggar","player_choice":"Gave Gold","floor":20.0,"gold_loss":75.0,"damage_taken":0.0},{"damage_healed":0.0,"max_hp_gain":0.0,"max_hp_loss":0.0,"gold_gain":0.0,"event_name":"The Library","player_choice":"Read","floor":27.0,"gold_loss":0.0,"damage_taken":0.0,"cards_obtained":["Adrenaline"]},{"damage_healed":0.0,"max_hp_gain":0.0,"max_hp_loss":0.0,"gold_gain":0.0,"event_name":"Colosseum","player_choice":"Fight","floor":29.0,"gold_loss":0.0,"damage_taken":0.0},{"damage_healed":0.0,"max_hp_gain":0.0,"max_hp_loss":0.0,"gold_gain":0.0,"event_name":"Colosseum","player_choice":"Fought Nobs","floor":29.0,"gold_loss":0.0,"damage_taken":0.0},{"damage_healed":0.0,"max_hp_gain":0.0,"max_hp_loss":0.0,"gold_gain":0.0,"event_name":"SensoryStone","player_choice":"Memory 3","floor":39.0,"gold_loss":0.0,"damage_taken":10.0},{"damage_healed":0.0,"max_hp_gain":0.0,"max_hp_loss":0.0,"gold_gain":300.0,"event_name":"Wheel of Change","player_choice":"Gold","floor":44.0,"gold_loss":0.0,"damage_taken":0.0}],"is_beta":false,"boss_relics":[{"not_picked":["Empty Cage","Ring of the Serpent"],"picked":"Coffee Dripper"},{"not_picked":["WristBlade","Pandora\u0027s Box"],"picked":"HoveringKite"}],"items_purged_floors":[53],"is_endless":false,"potions_floor_spawned":[1,5,7,21,22,28,29,33,35,38,41,46],"ascension_level":15}}