{"host":"9n9nzkokhxe59gmc","time":1611578479,"event":{"mods":["Act Like it!","BaseMod","Elementarium","Hallownest","Hermit","Hubris","Infinite Spire","Menagerie","Minty Spire (QoL Compilation)","Replay The Spire","Shade Mod","StSLib","The Marked","The Servant 0.9.4"],"gold_per_floor":[109,94,94,45,58,90,90,108,108,333,352,352,368,402,402,498,498,509,509,434,482,498,498,526,526,526],"floor_reached":25,"language":"ENG","playtime":1030,"items_purged":["Shame"],"score":229,"play_id":"a0d826e0-6b55-437b-89b8-b6d88f04f1a2","local_time":"20210125044119","is_ascension_mode":false,"campfire_choices":[{"data":"Menagerie:BeastSpirit","floor":7,"key":"SMITH"},{"floor":12,"key":"REST"},{"floor":15,"key":"REST"},{"floor":23,"key":"REST"}],"circlet_count":0,"master_deck":["theMarked:Strike","theMarked:Strike","theMarked:Strike","theMarked:Strike","theMarked:Strike","theMarked:Defend","theMarked:Defend","theMarked:Defend","theMarked:Defend","theMarked:SoldierOfQuellstein","theMarked:OneWithTheBlade","Menagerie:BeastSpirit+1","theMarked:HeightenedSenses","theMarked:RepellingDischarge","theMarked:ResourceFulStrike","theMarked:MuscleMemory","theMarked:Toughness","theMarked:EternalStudent","theMarked:ComboAttacks+1","theMarked:ChainLightning+1"],"relics":["theMarked:ArtifactOfAir","Akabeko","Ice Cream","Chameleon Ring","Replay:Mystery Machine","infinitespire:Beetle Shell","infinitespire:Lucky Rock"],"acts_visited":["Exordium","Menagerie:Menagerie"],"potions_floor_usage":[14,16,16,16,24],"damage_taken":[{"damage":0,"enemies":"Menagerie:2_RABBITS","floor":1,"turns":4},{"damage":7,"enemies":"Menagerie:MonstrousExperiment","floor":5,"turns":3},{"damage":9,"enemies":"Menagerie:Hydra","floor":6,"turns":5},{"damage":0,"enemies":"Menagerie:StygianBoar","floor":8,"turns":3},{"damage":4,"enemies":"Menagerie:RedMage","floor":11,"turns":6},{"damage":0,"enemies":"Menagerie:DREAD_MOTH_AND_GRAFTED_WORMS","floor":13,"turns":4},{"damage":20,"enemies":"Menagerie:MaskedSummoner","floor":14,"turns":6},{"damage":17,"enemies":"Menagerie:Chimera","floor":16,"turns":8},{"damage":7,"enemies":"Elementarium:MUD_AND_TAR_GOLEMS","floor":18,"turns":7},{"damage":11,"enemies":"Elementarium:2_ELEMENTALS","floor":22,"turns":6},{"damage":62,"enemies":"Nightmare","floor":24,"turns":11},{"damage":6,"enemies":"Elementarium:STONE_GOLEMS","floor":25,"turns":1}],"seed_played":"-562790172811440988","potions_obtained":[{"floor":8,"key":"SteroidPotion"},{"floor":11,"key":"BlessingOfTheForge"},{"floor":14,"key":"SteroidPotion"},{"floor":18,"key":"Weak Potion"}],"is_trial":false,"path_per_floor":["M","?","?","$","M","E","R","M","T","?","M","R","M","E","R","B",null,"M","?","$","T","M","R","NM","M"],"character_chosen":"THE_DEFAULT","items_purchased":["PowerPotion"],"campfire_rested":3,"item_purchase_floors":[4],"current_hp_per_floor":[70,70,67,67,60,51,51,51,51,51,47,67,67,47,67,50,67,60,57,57,57,46,66,4,0,0],"gold":526,"neow_bonus":"RANDOM_COMMON_RELIC","is_daily":false,"chose_seed":false,"campfire_upgraded":1,"win_rate":0.0,"timestamp":1611578479,"path_taken":["M","?","?","$","M","E","R","M","T","?","M","R","M","E","R","BOSS","M","?","?","?","M","R","NM","M"],"items_purchased_type":["Potion"],"build_version":"2020-12-22","purchased_purges":1,"victory":false,"max_hp_per_floor":[70,70,67,67,67,67,67,67,67,67,67,67,67,67,67,67,67,67,67,67,67,67,67,67,67,67],"card_choices":[{"not_picked":["theMarked:ResourceFulStrike","theMarked:Static"],"picked":"theMarked:OneWithTheBlade","floor":1},{"not_picked":["theMarked:Reabsorb","theMarked:KeepCalmAndFight","theMarked:Determination"],"picked":"SKIP","floor":5},{"not_picked":["theMarked:TwofoldDefense","theMarked:Parkour"],"picked":"theMarked:HeightenedSenses","floor":6},{"not_picked":["theMarked:WardOff","theMarked:Memento"],"picked":"theMarked:RepellingDischarge","floor":8},{"not_picked":["theMarked:Convert","theMarked:Frustration"],"picked":"theMarked:ResourceFulStrike","floor":11},{"not_picked":["theMarked:Panic","theMarked:BanishingWave"],"picked":"theMarked:MuscleMemory","floor":13},{"not_picked":["theMarked:SwordAndMagic","theMarked:WastefulAttack"],"picked":"theMarked:Toughness","floor":14},{"not_picked":["theMarked:ChannelForce","theMarked:SuspiciousRaven"],"picked":"theMarked:EternalStudent","floor":16},{"not_picked":["theMarked:ShockingTouch","theMarked:WardOff"],"picked":"theMarked:ComboAttacks+1","floor":18},{"not_picked":["theMarked:Parkour","theMarked:RepellingDischarge"],"picked":"theMarked:ChainLightning+1","floor":22},{"not_picked":["theMarked:ChainLightning","theMarked:BanishingStrike","theMarked:Electrocute"],"picked":"SKIP","floor":24}],"player_experience":736798,"relics_obtained":[{"floor":6,"key":"Ice Cream"},{"floor":9,"key":"Chameleon Ring"},{"floor":14,"key":"Replay:Mystery Machine"},{"floor":21,"key":"infinitespire:Beetle Shell"},{"floor":24,"key":"infinitespire:Lucky Rock"}],"event_choices":[{"damage_healed":0,"gold_gain":0,"player_choice":"Potion","damage_taken":0,"relics_obtained":["Toxic Potion"],"max_hp_gain":0,"max_hp_loss":0,"event_name":"Menagerie:MagicPeddler","floor":2,"gold_loss":15},{"damage_healed":0,"gold_gain":0,"player_choice":"Knelt","damage_taken":0,"max_hp_gain":0,"max_hp_loss":3,"event_name":"Menagerie:BeastSpiritShrine","floor":3,"gold_loss":0,"cards_obtained":["Menagerie:BeastSpirit"]},{"damage_healed":0,"gold_gain":225,"player_choice":"Raid","damage_taken":0,"max_hp_gain":0,"max_hp_loss":0,"event_name":"Menagerie:SpiderNest","floor":10,"gold_loss":0,"cards_obtained":["Shame"]},{"damage_healed":0,"gold_gain":0,"player_choice":"Poke through","damage_taken":3,"max_hp_gain":0,"max_hp_loss":0,"event_name":"Elementarium:GreatTreasure","floor":19,"gold_loss":0}],"is_beta":false,"boss_relics":[{"not_picked":["hubris:TerracottaHorce","hubris:Stopwatch","Pandora\u0027s Box"]}],"items_purged_floors":[20],"is_endless":true,"potions_floor_spawned":[8,11,13,14,18],"killed_by":"Elementarium:STONE_GOLEMS","ascension_level":0}}