{"host":"kzg3uglj8yekbxlz","time":1611570644,"event":{"mods":["Act Like it!","Alarm Clock","BaseMod","Better Synergies","Better Vampires","CapriCore","Challenge The Spire","Curses Come First","Displayed Cursed Tome","Downfall","Evolution","FoggyMod","Gensokyo","Hallownest","Highlight Path","KinomotoSakuraMod(木之本樱)","Koishi","Lobotomy","LobotomyExtend","Marisa（F雨　魔理沙）","Minty Spire (QoL Compilation)","Poem Panic","Poor People Problems","Prisma Mod","Shop Mod","StSLib","The Administrix","The Alterego","The Bug Knight","The Hierophant","The Immortal","TheWitcher","WarShipGirlsR/战舰少女R mod","Yuri Mod","残留之物"],"gold_per_floor":[117,117,117,127,127,127,157,157,205,205,130,130,60,60,60,163,163,178,178,178,98,117,190,204,204,256,206,224,240,39,39,39,139,139,458,458,474,474,384,384,384,384,432,445,491,511,511,228,228,524,524,535,535,535,535,535,535],"floor_reached":55,"language":"ZHS","playtime":3998,"items_purged":["Clumsy"],"score":859,"play_id":"3854de5b-c8cb-4d06-a864-3c737dcdfde2","local_time":"20210125183044","daily_mods":["SealedDeck"],"is_ascension_mode":false,"campfire_choices":[{"data":"rmod:salvage","floor":6.0,"key":"SMITH"},{"data":"MokouMod:ControlledCombustion","floor":15.0,"key":"SMITH"},{"data":"rmod:goodsister","floor":32,"key":"SMITH"},{"data":"Gensokyo:ShootingStar","floor":40,"key":"SMITH"},{"data":"MokouMod:BurningDraft","floor":49,"key":"SMITH"}],"circlet_count":0,"master_deck":["MokouMod:ResoluteFlare","rmod:combined+1","rmod:firesupport","rmod:tearstotiara+1","rmod:tearstotiara","MokouMod:ControlledCombustion+1","rmod:overbreakdown","rmod:circuitoustactics","MokouMod:Burn","rmod:salvage+1","rmod:fletcherpendant","MokouMod:Overheat+1","rmod:fletcherpendant","rmod:fletcherpendant+1","rmod:goodsister+1","Gensokyo:CrescentMoonSlash","rmod:fletcher+1","rmod:fletcherpendant+1","MokouMod:BurningDraft+1","rmod:gendarmerie","MokouMod:Rebirth","rmod:fletcherpendant","rmod:fletcherpendant","rmod:fletcherpendant","rmod:fletcherpendant+1","rmod:fletcherpendant","rmod:fletcherpendant","rmod:fletcherpendant+1","rmod:fletcherpendant","MokouMod:SubterraneanCore+1","rmod:fletcherpendant","rmod:fletcherpendant+1","rmod:fletcherpendant+1","Gensokyo:ShootingStar+1","rmod:supriseattacks","rmod:fletcher+1","rmod:fletcher+1","rmod:fletcherpendant","Gensokyo:Taser","rmod:fletcherpendant+1","MokouMod:Firecracker","rmod:fletcher","Gensokyo:CustomPotion","rmod:fletcher+1","rmod:fletcher","rmod:fletcherpendant","rmod:fletcherpendant","Gensokyo:HouraiInAPot+1","Gensokyo:Shovel","Gensokyo:RustyChest","Gensokyo:BlemishedSteel","Gensokyo:ShootingStar+1","rmod:fletcherpendant","rmod:ridicule","Pain"],"relics":["MokouMod:PhoenixFeather","EVO:Axolotl","EVO:Axolotl","LetterFromLob","Gensokyo:CelestialsFlawlessClothing","Gensokyo:OccultBall","Happy Flower","Gensokyo:NagashiBinaDoll","Blood Vial","Coffee Dripper","Gensokyo:ConquerorOfFear","Gensokyo:MosesMiracle","HollowMod:LifeEnderRelic","Gensokyo:RedStar","Oddly Smooth Stone","bronze:MakeshiftBattery","Akabeko","Gaze_r","MagicBullet_r","LaetitiaHeart","Whetstone","champ:DuelingGlove","Potion Belt","DollysMirror","sneckomod:SneckoTalon","Gensokyo:LunaticRedEyes","Gensokyo:PortableGap"],"acts_visited":["Exordium","Gensokyo:Gensokyo","Gensokyo:Gensokyoer","Gensokyo:Gensokyoest"],"potions_floor_usage":[28],"damage_taken":[{"damage":0.0,"enemies":"Gensokyo:Gryphon","floor":1.0,"turns":2.0},{"damage":0.0,"enemies":"Gensokyo:Python","floor":4.0,"turns":2.0},{"damage":0.0,"enemies":"Gensokyo:Aya","floor":7.0,"turns":3.0},{"damage":34.0,"enemies":"Gensokyo:Kokoro","floor":16.0,"turns":10.0},{"damage":0.0,"enemies":"Gensokyo:2_Gloops","floor":18.0,"turns":3.0},{"damage":76,"enemies":"Gensokyo:3_Dogs","floor":22,"turns":6},{"damage":88,"enemies":"Gensokyo:Slime_Group","floor":24,"turns":7},{"damage":6,"enemies":"Gensokyo:Mirror_and_Dog","floor":28,"turns":2},{"damage":0,"enemies":"Gensokyo:Monolith_and_Dog","floor":29,"turns":4},{"damage":15,"enemies":"Gensokyo:Eiki","floor":33,"turns":7},{"damage":40,"enemies":"Gensokyo:3_Boulders","floor":35,"turns":5},{"damage":9,"enemies":"Gensokyo:AncientGuardian","floor":37,"turns":7},{"damage":0,"enemies":"Gensokyo:AncientGuardian","floor":42,"turns":3},{"damage":16,"enemies":"Gensokyo:AncientGuardian","floor":42,"turns":4},{"damage":0,"enemies":"Gensokyo:AtlasGolem","floor":44,"turns":3},{"damage":0,"enemies":"Gensokyo:SeedOfUnknown","floor":46,"turns":3},{"damage":15,"enemies":"Gensokyo:SeedOfUnknown","floor":47,"turns":5},{"damage":28,"enemies":"Gensokyo:Scarlet_Devils","floor":50,"turns":9},{"damage":0,"enemies":"Gensokyo:3_Fairies","floor":52,"turns":2}],"seed_played":"-6439685898494813201","potions_obtained":[{"floor":1.0,"key":"LiquidBronze"},{"floor":7.0,"key":"EssenceOfSteel"},{"floor":24,"key":"Guardian:BlockOnCardUsePotion"},{"floor":29,"key":"SpeedPotion"},{"floor":33,"key":"Dexterity Potion"},{"floor":37,"key":"Fire Potion"}],"is_trial":true,"path_per_floor":["M","?","?","M","?","R","E","?","T","M","$","M","M","M","R","B",null,"M","M","?","?","M","T","M","?","T","?","M","M","COS","$","R","B",null,"M","?","M","?","?","R","?","?","T","M","T","M","?","COS","R","B",null,"M","?","?","?"],"character_chosen":"MKU","items_purchased":[],"campfire_rested":0,"item_purchase_floors":[],"current_hp_per_floor":[79,86,65,65,65,65,65,65,65,53,53,53,53,61,61,29,86,86,86,86,86,10,10,22,22,22,29,25,27,27,27,27,60,93,53,53,46,46,46,46,46,34,34,36,36,38,38,38,38,12,93,93,93,93,84,84,84],"gold":535,"neow_bonus":"","is_daily":false,"chose_seed":false,"campfire_upgraded":5,"win_rate":0.0,"timestamp":1611570644,"path_taken":["M","?","?","?","?","R","E","?","T","?","?","?","?","?","R","BOSS","M","?","?","?","?","?","?","?","T","?","?","?","COS","?","R","BOSS","M","?","?","?","?","R","?","?","T","?","?","?","?","COS","R","BOSS","M","?","?","?"],"items_purchased_type":[],"build_version":"2020-12-22","purchased_purges":1,"victory":false,"max_hp_per_floor":[79,86,86,86,86,86,86,86,86,86,86,86,86,86,86,86,86,86,86,86,86,86,86,86,86,86,93,93,93,93,93,93,93,93,93,93,93,93,93,93,93,93,93,93,93,93,93,93,93,93,93,93,93,93,84,84,84],"card_choices":[{"not_picked":["rmod:intelligenceanalysis","rmod:firesupport"],"picked":"MokouMod:Overheat","floor":1.0},{"not_picked":["rmod:aviationdawn","MokouMod:UncontrollableSolarReaction"],"picked":"MokouMod:ControlledCombustion","floor":4.0},{"not_picked":["rmod:fuelsupply","rmod:expedition"],"picked":"rmod:goodsister","floor":7.0},{"not_picked":["rmod:smokecover","rmod:intelligenceanalysis","rmod:ammunitionsupply+1"],"picked":"SKIP","floor":18.0},{"not_picked":[],"picked":"MokouMod:BurningDraft","floor":21},{"not_picked":[],"picked":"rmod:gendarmerie","floor":21},{"not_picked":[],"picked":"MokouMod:Rebirth","floor":21},{"not_picked":["MokouMod:ThermalPressure","MokouMod:InfernalWave","MokouMod:ScorchedEarth"],"picked":"SKIP","floor":22},{"not_picked":["MokouMod:Overheat","MokouMod:FujiyamaVolcano"],"picked":"rmod:fletcherpendant","floor":24},{"not_picked":["MokouMod:IndiscriminateIgnition","MokouMod:FlareStarter"],"picked":"MokouMod:SubterraneanCore+1","floor":28},{"not_picked":["MokouMod:BlazingComet+1","MokouMod:Refresh","MokouMod:Singe"],"picked":"SKIP","floor":29},{"not_picked":[],"picked":"Gensokyo:ShootingStar","floor":33},{"not_picked":["MokouMod:ProfanedFlare","rmod:acesubmarine"],"picked":"rmod:supriseattacks","floor":33},{"not_picked":["rmod:goodfighter","MokouMod:IndiscriminateIgnition+1","rmod:fuelsupply+1"],"picked":"SKIP","floor":35},{"not_picked":["MokouMod:Sear+1","MokouMod:FlickeringFlame"],"picked":"MokouMod:Firecracker","floor":37},{"not_picked":["MokouMod:Cataclysm","MokouMod:FlickeringFlame+1","MokouMod:IgnitionBlast+1"],"picked":"SKIP","floor":44},{"not_picked":["MokouMod:IllusoryBattlefield","MokouMod:InfernalWave+1","rmod:rockthrower"],"picked":"SKIP","floor":46},{"not_picked":["Gensokyo:MorningStar+1","Gensokyo:RainbowDanmaku+1"],"picked":"Gensokyo:HouraiInAPot+1","floor":47},{"not_picked":["rmod:highspeedmaneuver","MokouMod:SacredFire"],"picked":"rmod:ridicule","floor":50},{"not_picked":["rmod:lonelyqueen","MokouMod:Ember","MokouMod:FlickeringFlame"],"picked":"SKIP","floor":52}],"player_experience":684461,"relics_obtained":[{"floor":1.0,"key":"LetterFromLob"},{"floor":7.0,"key":"Happy Flower"},{"floor":9.0,"key":"Blood Vial"},{"floor":16.0,"key":"Gensokyo:OccultBall"},{"floor":22,"key":"Gensokyo:ConquerorOfFear"},{"floor":23,"key":"HollowMod:LifeEnderRelic"},{"floor":26,"key":"Oddly Smooth Stone"},{"floor":28,"key":"Gensokyo:MosesMiracle"},{"floor":33,"key":"Gensokyo:OccultBall"},{"floor":43,"key":"Whetstone"},{"floor":45,"key":"Potion Belt"},{"floor":50,"key":"Gensokyo:OccultBall"}],"event_choices":[],"is_beta":false,"boss_relics":[{"not_picked":["Fusion Hammer","Ectoplasm"],"picked":"Coffee Dripper"},{"not_picked":["Velvet Choker","Busted Crown"],"picked":"bronze:MakeshiftBattery"},{"not_picked":["Empty Cage","Runic Pyramid"],"picked":"sneckomod:SneckoTalon"}],"items_purged_floors":[11],"is_endless":true,"potions_floor_spawned":[1,7,24,29,33,37,44],"ascension_level":0}}