{"host":"ga4s3hj9m6nkn6gp","time":1611597967,"event":{"mods":["AchievementEnabler","BaseMod","Bestiary","Colored Powertips","Highlight Path","Minty Spire (QoL Compilation)","Relic Stats","everything is the same but u backflip on backflip"],"gold_per_floor":[118,118,131,147,162,162,219,287,287,287,302,302,302,329,329,329,329],"floor_reached":16,"language":"ENG","playtime":802,"items_purged":[],"score":200,"play_id":"ffbd33dd-69e9-4864-8d4f-ed56f79a3874","local_time":"20210125190607","is_ascension_mode":true,"campfire_choices":[{"data":"Choke","floor":6,"key":"SMITH"},{"data":"Cloak And Dagger","floor":10,"key":"SMITH"},{"data":"Wraith Form v2","floor":12,"key":"SMITH"},{"data":"Well Laid Plans","floor":15,"key":"SMITH"}],"circlet_count":0,"master_deck":["AscendersBane","Strike_G","Strike_G","Strike_G","Strike_G","Strike_G","Defend_G+1","Defend_G","Defend_G","Defend_G","Defend_G","Survivor","Neutralize+1","Choke+1","Heel Hook","Cloak And Dagger+1","Well Laid Plans+1","Wraith Form v2+1"],"relics":["Ring of the Snake","Eternal Feather","Blue Candle","Nunchaku"],"acts_visited":["Exordium"],"potions_floor_usage":[14],"damage_taken":[{"damage":5,"enemies":"Jaw Worm","floor":1,"turns":9},{"damage":4,"enemies":"Small Slimes","floor":3,"turns":3},{"damage":3,"enemies":"Cultist","floor":4,"turns":4},{"damage":12,"enemies":"Gremlin Gang","floor":5,"turns":6},{"damage":4,"enemies":"Blue Slaver","floor":11,"turns":4},{"damage":2,"enemies":"Lagavulin","floor":14,"turns":6},{"damage":40,"enemies":"Hexaghost","floor":16,"turns":12}],"seed_played":"5991209173465964164","potions_obtained":[{"floor":1,"key":"EssenceOfSteel"},{"floor":11,"key":"CultistPotion"}],"is_trial":false,"path_per_floor":["M","?","M","M","M","R","?","T","T","R","M","R","?","E","R","B"],"character_chosen":"THE_SILENT","items_purchased":[],"campfire_rested":0,"item_purchase_floors":[],"current_hp_per_floor":[60,38,34,31,19,19,19,19,19,28,24,33,33,31,40,0,0],"gold":329,"neow_bonus":"TEN_PERCENT_HP_BONUS","is_daily":false,"chose_seed":false,"campfire_upgraded":4,"win_rate":0.0,"timestamp":1611597967,"path_taken":["M","?","M","M","M","R","?","?","T","R","M","R","?","E","R","BOSS"],"items_purchased_type":[],"build_version":"2020-12-22","purchased_purges":0,"victory":false,"max_hp_per_floor":[72,72,72,72,72,72,72,72,72,72,72,72,72,72,72,72,72],"relic_stats":{"Nunchaku":[2],"counters":[7,44],"Blue Candle":[0],"Eternal Feather":27,"obtain_stats":[{"Nunchaku":14,"Blue Candle":9,"Eternal Feather":8,"Ring of the Snake":0},{"Nunchaku":6,"Blue Candle":4,"Eternal Feather":4,"Ring of the Snake":0},{"Nunchaku":32,"Blue Candle":22,"Eternal Feather":22,"Ring of the Snake":0}],"Ring of the Snake":[14]},"card_choices":[{"not_picked":["Concentrate","Blade Dance"],"picked":"Choke","floor":1},{"not_picked":["Sucker Punch","Concentrate"],"picked":"Heel Hook","floor":3},{"not_picked":["Underhanded Strike","Acrobatics"],"picked":"Cloak And Dagger","floor":4},{"not_picked":["Bouncing Flask","All Out Attack"],"picked":"Well Laid Plans","floor":5},{"not_picked":["Deadly Poison","Backflip"],"picked":"Wraith Form v2","floor":11},{"not_picked":["Choke","Quick Slash","Doppelganger"],"picked":"SKIP","floor":14}],"player_experience":690273,"relics_obtained":[{"floor":8,"key":"Eternal Feather"},{"floor":9,"key":"Blue Candle"},{"floor":14,"key":"Nunchaku"}],"event_choices":[{"damage_healed":0,"gold_gain":0,"player_choice":"Entered Light","damage_taken":22,"max_hp_gain":0,"max_hp_loss":0,"event_name":"Shining Light","floor":2,"gold_loss":0,"cards_upgraded":["Defend_G","Neutralize"]},{"damage_healed":0,"gold_gain":57,"player_choice":"Gained Gold","damage_taken":0,"max_hp_gain":0,"max_hp_loss":0,"event_name":"Golden Wing","floor":7,"gold_loss":0},{"damage_healed":0,"gold_gain":0,"player_choice":"Ignored","damage_taken":0,"max_hp_gain":0,"max_hp_loss":0,"event_name":"Liars Game","floor":13,"gold_loss":0}],"is_beta":false,"boss_relics":[],"items_purged_floors":[],"is_endless":false,"potions_floor_spawned":[1,11],"killed_by":"Hexaghost","ascension_level":20}}