{"host":"mydft8i2zzydgggw","time":1611536862,"event":{"mods":["AchievementEnabler","BaseMod","BetterRewards","Colored Map","Colored Powertips","DeckTracker","Keyboard Shortcuts","Minty Spire (QoL Compilation)","Rare Cards Sparkle","StSLib","SuperFastMode","everything is the same but u backflip on backflip"],"gold_per_floor":[117,117,133,58,78,103,113,113,113],"floor_reached":8,"language":"KOR","playtime":185,"items_purged":["Strike_P"],"score":120,"play_id":"6569c74a-3cd8-40fe-8d5d-2f471859fff3","local_time":"20210125100742","is_ascension_mode":true,"campfire_choices":[],"circlet_count":0,"master_deck":["Strike_P","Strike_P","Defend_P","Defend_P","Defend_P","Eruption","Vigilance","Tantrum","Adaptation","ForeignInfluence","MentalFortress"],"relics":["PureWater","StrikeDummy","Tiny Chest"],"acts_visited":["Exordium"],"potions_floor_usage":[6,8],"damage_taken":[{"damage":10,"enemies":"2 Louse","floor":1,"turns":3},{"damage":0,"enemies":"Jaw Worm","floor":3,"turns":2},{"damage":0,"enemies":"Small Slimes","floor":5,"turns":2},{"damage":0,"enemies":"Gremlin Nob","floor":6,"turns":2},{"damage":14,"enemies":"3 Louse","floor":7,"turns":3},{"damage":23,"enemies":"3 Sentries","floor":8,"turns":4}],"seed_played":"-4516582946453222336","potions_obtained":[{"floor":3,"key":"FearPotion"},{"floor":7,"key":"BottledMiracle"}],"is_trial":false,"path_per_floor":["M","?","M","$","M","E","M","E"],"character_chosen":"WATCHER","items_purchased":[],"campfire_rested":0,"item_purchase_floors":[],"current_hp_per_floor":[37,34,34,34,34,34,20,0,0],"gold":113,"neow_bonus":"REMOVE_TWO","is_daily":false,"chose_seed":false,"campfire_upgraded":0,"win_rate":0.0,"timestamp":1611536862,"path_taken":["M","?","M","$","M","E","M","E"],"items_purchased_type":[],"build_version":"2020-12-22","purchased_purges":1,"victory":false,"max_hp_per_floor":[72,72,72,72,72,72,72,72,72],"card_choices":[{"not_picked":["BowlingBash","SignatureMove"],"picked":"Tantrum","floor":1},{"not_picked":["EmptyBody","CutThroughFate"],"picked":"Adaptation","floor":3},{"not_picked":["Wireheading","Pray","JustLucky"],"picked":"SKIP","floor":5},{"not_picked":["FlurryOfBlows","PathToVictory"],"picked":"ForeignInfluence","floor":6},{"not_picked":["EmptyBody","Alpha"],"picked":"MentalFortress","floor":7}],"player_experience":215713,"relics_obtained":[{"floor":6,"key":"Tiny Chest"}],"event_choices":[{"damage_healed":0,"gold_gain":0,"player_choice":"Success","damage_taken":3,"relics_obtained":["StrikeDummy"],"max_hp_gain":0,"max_hp_loss":0,"event_name":"Scrap Ooze","floor":2,"gold_loss":0}],"is_beta":false,"boss_relics":[],"items_purged_floors":[4],"is_endless":false,"potions_floor_spawned":[3,7],"killed_by":"3 Sentries","ascension_level":9}}