{"host":"srk2drlvga69hbot","time":1611551160,"event":{"mods":["BaseMod","Bestiary","Block Reminder","Colored Map","Colored Powertips","Dark Map","DeckTracker","Highlight Path","Minty Spire (QoL Compilation)","Quick Restart","Rare Cards Sparkle","Relic Stats","SuperFastMode","Unceasing Turn Reminder"],"gold_per_floor":[116,291,304,304,81,116,136,166,189,189,189,189,214,258,258,258,258],"floor_reached":16,"language":"ZHS","playtime":464,"items_purged":["Doubt"],"score":200,"play_id":"3e9a2faa-770d-4cbe-a038-814698aabe7e","local_time":"20210125130600","is_ascension_mode":true,"campfire_choices":[{"floor":10,"key":"REST"},{"floor":12,"key":"REST"},{"floor":15,"key":"REST"}],"circlet_count":0,"master_deck":["Strike_G","Strike_G","Strike_G","Strike_G","Strike_G","Defend_G","Defend_G","Defend_G","Defend_G","Defend_G","Survivor","Neutralize","Backflip","Acrobatics","Dash","Escape Plan","Tactician","Tools of the Trade","Underhanded Strike","All Out Attack"],"relics":["Ring of the Snake","NeowsBlessing","Nunchaku","Lantern","Toy Ornithopter","Paper Crane","Dream Catcher","Golden Idol","Frozen Egg 2"],"acts_visited":["Exordium"],"potions_floor_usage":[8,8],"damage_taken":[{"damage":0,"enemies":"Small Slimes","floor":1,"turns":1},{"damage":0,"enemies":"2 Louse","floor":3,"turns":1},{"damage":0,"enemies":"3 Sentries","floor":6,"turns":1},{"damage":0,"enemies":"Cultist","floor":7,"turns":3},{"damage":36,"enemies":"Lagavulin","floor":8,"turns":9},{"damage":2,"enemies":"2 Fungi Beasts","floor":13,"turns":5},{"damage":27,"enemies":"3 Sentries","floor":14,"turns":9},{"damage":48,"enemies":"The Guardian","floor":16,"turns":9}],"seed_played":"-7630548957604367683","potions_obtained":[{"floor":1,"key":"Block Potion"},{"floor":3,"key":"Weak Potion"}],"is_trial":false,"path_per_floor":["M","?","M","?","$","E","M","E","T","R","?","R","M","E","R","B"],"character_chosen":"THE_SILENT","items_purchased":["Lantern"],"campfire_rested":3,"item_purchase_floors":[5],"current_hp_per_floor":[63,63,63,56,56,56,56,30,30,51,34,55,53,26,47,0,0],"gold":258,"neow_bonus":"THREE_ENEMY_KILL","is_daily":false,"chose_seed":false,"campfire_upgraded":0,"win_rate":0.0,"timestamp":1611551160,"path_taken":["M","?","M","?","$","E","M","E","T","R","?","R","M","E","R","BOSS"],"items_purchased_type":["Relic"],"build_version":"2020-12-22","purchased_purges":1,"victory":false,"max_hp_per_floor":[70,70,70,70,70,70,70,70,70,70,70,70,70,70,70,70,70],"relic_stats":{"Nunchaku":[8],"Dream Catcher":3,"counters":[8,38],"Golden Idol":14,"obtain_stats":[{"Nunchaku":4,"Lantern":5,"Dream Catcher":9,"NeowsBlessing":0,"Golden Idol":11,"Paper Crane":8,"Frozen Egg 2":14,"Toy Ornithopter":6,"Ring of the Snake":0},{"Nunchaku":2,"Lantern":2,"Dream Catcher":5,"NeowsBlessing":0,"Golden Idol":5,"Paper Crane":5,"Frozen Egg 2":7,"Toy Ornithopter":3,"Ring of the Snake":0},{"Nunchaku":2,"Lantern":2,"Dream Catcher":15,"NeowsBlessing":0,"Golden Idol":15,"Paper Crane":15,"Frozen Egg 2":29,"Toy Ornithopter":3,"Ring of the Snake":0}],"Toy Ornithopter":10,"Ring of the Snake":[16]},"card_choices":[{"not_picked":["Eviscerate","Bane"],"picked":"Backflip","floor":1},{"not_picked":["Prepared","Poisoned Stab"],"picked":"Acrobatics","floor":3},{"not_picked":["Expertise","Sucker Punch"],"picked":"Dash","floor":6},{"not_picked":["Acrobatics","Sucker Punch"],"picked":"Escape Plan","floor":7},{"not_picked":["Blade Dance","Well Laid Plans"],"picked":"Tactician","floor":8},{"not_picked":["Deflect","Blur"],"picked":"Tools of the Trade","floor":10},{"not_picked":["Slice","Flechettes"],"picked":"Underhanded Strike","floor":13},{"not_picked":["Endless Agony","Poisoned Stab","Wraith Form v2+1"],"picked":"SKIP","floor":14},{"not_picked":["Flechettes","PiercingWail"],"picked":"All Out Attack","floor":15}],"player_experience":242218,"relics_obtained":[{"floor":6,"key":"Toy Ornithopter"},{"floor":8,"key":"Paper Crane"},{"floor":9,"key":"Dream Catcher"},{"floor":14,"key":"Frozen Egg 2"}],"event_choices":[{"damage_healed":0,"gold_gain":175,"player_choice":"AGREE","damage_taken":0,"max_hp_gain":0,"max_hp_loss":0,"event_name":"Liars Game","floor":2,"gold_loss":0,"cards_obtained":["Doubt"]},{"damage_healed":0,"gold_gain":0,"player_choice":"Success","damage_taken":7,"relics_obtained":["Nunchaku"],"max_hp_gain":0,"max_hp_loss":0,"event_name":"Scrap Ooze","floor":4,"gold_loss":0},{"damage_healed":0,"gold_gain":0,"player_choice":"Take Damage","damage_taken":17,"relics_obtained":["Golden Idol"],"max_hp_gain":0,"max_hp_loss":0,"event_name":"Golden Idol","floor":11,"gold_loss":0}],"is_beta":false,"boss_relics":[],"items_purged_floors":[5],"is_endless":false,"potions_floor_spawned":[1,3],"killed_by":"The Guardian","ascension_level":8}}