{"host":"og6lam4kt3nibbw0","time":1611601161,"event":{"mods":["AchievementEnabler","BaseMod","Colored Map","DeckTracker","Highlight Path","Keyboard Shortcuts","Minty Spire (QoL Compilation)","Permanent Neow","Quick Restart","StSLib","SuperFastMode"],"gold_per_floor":[114,125,138,157,157,157,5,5,5,5,34,84,112,131,131,131,131],"floor_reached":16,"language":"KOR","playtime":2826,"items_purged":["Strike_B"],"score":220,"play_id":"98cc111b-45c2-4049-9809-095181f50dce","local_time":"20210126035921","is_ascension_mode":true,"campfire_choices":[{"data":"Zap","floor":6.0,"key":"SMITH"},{"data":"Coolheaded","floor":8.0,"key":"SMITH"},{"data":"Sunder","floor":15.0,"key":"SMITH"}],"circlet_count":0,"master_deck":["AscendersBane","Strike_B","Strike_B","Strike_B","Defend_B","Defend_B","Defend_B","Defend_B","Zap+1","Dualcast","Genetic Algorithm","Lockon","Compile Driver","Coolheaded+1","Self Repair","Sunder+1","Chaos"],"relics":["Cracked Core","Oddly Smooth Stone","Vajra","Bottled Flame","Blood Vial"],"acts_visited":["Exordium"],"potions_floor_usage":[16,16],"damage_taken":[{"damage":5.0,"enemies":"Cultist","floor":1.0,"turns":4.0},{"damage":0.0,"enemies":"2 Louse","floor":2.0,"turns":4.0},{"damage":4.0,"enemies":"Small Slimes","floor":3.0,"turns":3.0},{"damage":34.0,"enemies":"Exordium Thugs","floor":4.0,"turns":6.0},{"damage":15.0,"enemies":"3 Sentries","floor":11.0,"turns":9.0},{"damage":16.0,"enemies":"Gremlin Nob","floor":13.0,"turns":4.0},{"damage":4.0,"enemies":"Gremlin Gang","floor":14.0,"turns":4.0},{"damage":34,"enemies":"The Guardian","floor":16,"turns":5}],"seed_played":"-7827547686976030235","potions_obtained":[{"floor":2.0,"key":"Ancient Potion"},{"floor":3.0,"key":"ColorlessPotion"},{"floor":13.0,"key":"SneckoOil"},{"floor":14.0,"key":"Dexterity Potion"}],"is_trial":false,"path_per_floor":["M","M","M","M","?","R","$","R","T","?","E","?","E","M","R","B"],"character_chosen":"DEFECT","items_purchased":["Self Repair"],"campfire_rested":0,"item_purchase_floors":[7],"current_hp_per_floor":[59,59,55,21,21,21,21,21,21,44,36,36,27,32,32,0,0],"gold":131,"neow_bonus":"RANDOM_COMMON_RELIC","is_daily":false,"chose_seed":false,"campfire_upgraded":3,"win_rate":0.0,"timestamp":1611601161,"path_taken":["M","M","M","?","?","R","$","R","T","?","E","?","E","?","R","BOSS"],"items_purchased_type":["Card"],"build_version":"2020-12-22","purchased_purges":1,"victory":false,"max_hp_per_floor":[71,71,71,71,71,71,71,71,71,71,71,71,71,71,71,71,71],"card_choices":[{"not_picked":["Go for the Eyes","Steam"],"picked":"Genetic Algorithm","floor":1.0},{"not_picked":["Cold Snap","Rebound"],"picked":"Lockon","floor":2.0},{"not_picked":["Redo","Steam"],"picked":"Compile Driver","floor":3.0},{"not_picked":["Amplify","Go for the Eyes"],"picked":"Coolheaded","floor":4.0},{"not_picked":["Auto Shields","Tempest","Recycle"],"picked":"SKIP","floor":11.0},{"not_picked":["Tempest","Go for the Eyes"],"picked":"Sunder","floor":13.0},{"not_picked":["Rebound","Sweeping Beam"],"picked":"Chaos","floor":14.0}],"player_experience":953836,"relics_obtained":[{"floor":9.0,"key":"Vajra"},{"floor":11.0,"key":"Bottled Flame"},{"floor":13.0,"key":"Blood Vial"}],"event_choices":[{"damage_healed":0.0,"max_hp_gain":0.0,"max_hp_loss":0.0,"gold_gain":0.0,"event_name":"Shining Light","player_choice":"Ignored","floor":5.0,"gold_loss":0.0,"damage_taken":0.0},{"damage_healed":23.0,"max_hp_gain":0.0,"max_hp_loss":0.0,"gold_gain":0.0,"event_name":"Big Fish","player_choice":"Banana","floor":10.0,"gold_loss":0.0,"damage_taken":0.0},{"damage_healed":0.0,"max_hp_gain":0.0,"max_hp_loss":0.0,"gold_gain":50.0,"event_name":"Golden Shrine","player_choice":"Pray","floor":12.0,"gold_loss":0.0,"damage_taken":0.0}],"is_beta":false,"boss_relics":[],"items_purged_floors":[7],"is_endless":false,"potions_floor_spawned":[2,3,13,14],"killed_by":"The Guardian","ascension_level":20}}