{"host":"a5lz0e76zb3fcwkm","time":1611593816,"event":{"mods":["AchievementEnabler","BaseMod","Colored Map","Colored Powertips","Minty Spire (QoL Compilation)","StSLib","SuperFastMode"],"gold_per_floor":[12,26,26,41,54,54,70,103,126,140,140,140,140,140],"floor_reached":13,"language":"KOR","playtime":277,"items_purged":[],"score":174,"play_id":"dc05b862-03bb-45c0-ac9b-bfceef8bfbe6","local_time":"20210126015656","is_ascension_mode":true,"campfire_choices":[{"data":"Deadly Poison","floor":6,"key":"SMITH"},{"floor":11,"key":"REST"}],"circlet_count":0,"master_deck":["AscendersBane","Strike_G","Strike_G","Strike_G","Strike_G","Defend_G","Defend_G","Defend_G","Defend_G","Defend_G","Survivor","Neutralize","Malaise","Backstab","Reflex","Deadly Poison+1","PiercingWail","Backflip"],"relics":["Ring of the Snake","Golden Idol","Blue Candle","Regal Pillow"],"acts_visited":["Exordium"],"potions_floor_usage":[8],"damage_taken":[{"damage":4,"enemies":"Small Slimes","floor":1,"turns":4},{"damage":4,"enemies":"2 Louse","floor":2,"turns":4},{"damage":0,"enemies":"Cultist","floor":4,"turns":4},{"damage":17,"enemies":"Lots of Slimes","floor":5,"turns":8},{"damage":1,"enemies":"Looter","floor":7,"turns":4},{"damage":20,"enemies":"Gremlin Nob","floor":8,"turns":4},{"damage":11,"enemies":"2 Fungi Beasts","floor":10,"turns":4},{"damage":33,"enemies":"3 Sentries","floor":13,"turns":6}],"seed_played":"1714855667779330795","potions_obtained":[{"floor":4,"key":"Weak Potion"},{"floor":5,"key":"Weak Potion"},{"floor":7,"key":"Poison Potion"}],"is_trial":false,"path_per_floor":["M","M","?","M","M","R","M","E","T","M","R","?","E"],"character_chosen":"THE_SILENT","items_purchased":[],"campfire_rested":1,"item_purchase_floors":[],"current_hp_per_floor":[55,51,51,51,34,34,33,13,13,2,35,28,0,0],"gold":140,"neow_bonus":"THREE_RARE_CARDS","is_daily":false,"chose_seed":false,"campfire_upgraded":1,"win_rate":0.0,"timestamp":1611593816,"path_taken":["M","M","?","M","M","R","M","E","T","M","R","?","E"],"items_purchased_type":[],"build_version":"2020-12-22","purchased_purges":0,"victory":false,"max_hp_per_floor":[66,66,60,60,60,60,60,60,60,60,60,60,60,60],"card_choices":[{"not_picked":["Envenom","Burst"],"picked":"Malaise","floor":0},{"not_picked":["Quick Slash","Flying Knee"],"picked":"Backstab","floor":1},{"not_picked":["Quick Slash","Riddle With Holes"],"picked":"Reflex","floor":2},{"not_picked":["Deflect","Underhanded Strike","Quick Slash"],"picked":"SKIP","floor":4},{"not_picked":["Prepared","Bouncing Flask"],"picked":"Deadly Poison","floor":5},{"not_picked":["Sucker Punch","Setup","Riddle With Holes"],"picked":"SKIP","floor":7},{"not_picked":["Reflex","Flechettes"],"picked":"PiercingWail","floor":8},{"not_picked":["Acrobatics","Prepared"],"picked":"Backflip","floor":10}],"player_experience":1803509,"relics_obtained":[{"floor":8,"key":"Blue Candle"},{"floor":9,"key":"Regal Pillow"}],"event_choices":[{"damage_healed":0,"gold_gain":0,"player_choice":"Lose Max HP","damage_taken":0,"relics_obtained":["Golden Idol"],"max_hp_gain":0,"max_hp_loss":6,"event_name":"Golden Idol","floor":3,"gold_loss":0},{"cards_removed":["Strike_G"],"damage_healed":0,"gold_gain":0,"player_choice":"Card Removal","damage_taken":7,"max_hp_gain":0,"max_hp_loss":0,"event_name":"Golden Wing","floor":12,"gold_loss":0}],"is_beta":false,"boss_relics":[],"items_purged_floors":[],"is_endless":false,"potions_floor_spawned":[4,5,7],"killed_by":"3 Sentries","ascension_level":20}}