{"host":"z7byfb4bpt09dh7e","time":1611606870,"event":{"mods":["Aspiration","BaseMod","BetterRewards","Displayed Cursed Tome","Downfall","Infinite Spire","Minty Spire (QoL Compilation)","StSLib","The Blue Laboratory","Uncapped"],"gold_per_floor":[115,38,38,38,55,73,73,73,99,111,111,133,146,146,146,250,250,270,285,29,39,39,39,39,39,39,51,62,80,92,112,112,214,214,224,224,243,3,22,22,22,37,37,37,37,37,56,56,56,56],"floor_reached":51,"language":"ENG","playtime":3285,"items_purged":[],"score":641,"play_id":"b2e1ab8c-1a31-4d67-bbc1-a4a716523d6c","local_time":"20210125153430","is_ascension_mode":false,"campfire_choices":[{"floor":7.0,"key":"RECALL"},{"floor":15.0,"key":"REST"},{"floor":23.0,"key":"REST"},{"floor":32,"key":"REST"},{"data":"Seek","floor":40,"key":"SMITH"},{"floor":44,"key":"REST"},{"data":"Loop","floor":49,"key":"SMITH"}],"circlet_count":0,"master_deck":["Strike_B+1","Defend_B","Defend_B","Defend_B+1","Zap","Dualcast","Cold Snap","Loop+1","Sunder","Hologram","Gash","BootSequence","Self Repair","Creative AI","Capacitor+1","Defragment+1","Capacitor+1","Barrage","Conserve Battery+1","Redo+1","Redo+1","Seek+1","Heatsinks","Barrage+1","BootSequence+1","Meteor Strike+1","Barrage+1","Gash+1","Steam","Steam","Parasite","Chill+1"],"relics":["Nuclear Battery","aspiration:EnhancedActuators","aspiration:ArtOfWarUpgrade","Odd Mushroom","aspiration:HummingbirdHeart","Astrolabe","Ornamental Fan","Molten Egg 2","aspiration:PoetsPen_weak","Bottled Flame","Pear","aspiration:SecretTechniqueScroll","CaptainsWheel"],"acts_visited":["Exordium","TheCity","TheBeyond"],"potions_floor_usage":[33,33,33,33,50],"damage_taken":[{"damage":1.0,"enemies":"Jaw Worm","floor":1.0,"turns":4.0},{"damage":2.0,"enemies":"Cultist","floor":5.0,"turns":4.0},{"damage":2.0,"enemies":"Small Slimes","floor":6.0,"turns":2.0},{"damage":0.0,"enemies":"Exordium Wildlife","floor":10.0,"turns":2.0},{"damage":21.0,"enemies":"The Mushroom Lair","floor":12.0,"turns":4.0},{"damage":0.0,"enemies":"2 Fungi Beasts","floor":13.0,"turns":3.0},{"damage":41.0,"enemies":"The Guardian","floor":16.0,"turns":10.0},{"damage":22.0,"enemies":"Spheric Guardian","floor":18.0,"turns":6.0},{"damage":11.0,"enemies":"Shell Parasite","floor":19.0,"turns":5.0},{"damage":5.0,"enemies":"Centurion and Healer","floor":21.0,"turns":8.0},{"damage":10.0,"enemies":"Shelled Parasite and Fungi","floor":27.0,"turns":4.0},{"damage":11.0,"enemies":"Snake Plant","floor":28.0,"turns":5.0},{"damage":14.0,"enemies":"Cultist and Chosen","floor":29.0,"turns":8.0},{"damage":12.0,"enemies":"Centurion and Healer","floor":30.0,"turns":5.0},{"damage":15.0,"enemies":"Snecko","floor":31.0,"turns":4.0},{"damage":53,"enemies":"Collector","floor":33,"turns":9},{"damage":0,"enemies":"Orb Walker","floor":35,"turns":3},{"damage":25,"enemies":"3 Shapes","floor":37,"turns":3},{"damage":0,"enemies":"Transient","floor":39,"turns":5},{"damage":30,"enemies":"Spire Growth","floor":42,"turns":5},{"damage":20,"enemies":"Writhing Mass","floor":47,"turns":4},{"damage":71,"enemies":"infinitespire:MassOfShapes","floor":50,"turns":12}],"seed_played":"3706931188121706323","potions_obtained":[{"floor":5.0,"key":"Guardian:BlockOnCardUsePotion"},{"floor":13.0,"key":"Explosive Potion"},{"floor":16.0,"key":"Swift Potion"},{"floor":19.0,"key":"blueLaboratory:EmptyBottle"},{"floor":28.0,"key":"Strength Potion"},{"floor":29.0,"key":"EntropicBrew"},{"floor":33,"key":"blueLaboratory:FruitPreserves"},{"floor":37,"key":"blueLaboratory:Moonshine"},{"floor":42,"key":"DuplicationPotion"}],"is_trial":false,"path_per_floor":["M","$","?","T","M","M","R","?","T","M","R","?","M","?","R","B",null,"M","M","$","M","?","R","?","R","T","M","M","M","M","M","R","B",null,"M","?","M","$","M","R","$","M","T","R","$","$","M","AVR","R","B",null],"character_chosen":"DEFECT","items_purchased":["Loop","Ornamental Fan","Bottled Flame"],"campfire_rested":4,"item_purchase_floors":[2,20,38],"current_hp_per_floor":[74,74,59,59,57,55,55,55,55,55,55,34,34,34,56,22,75,60,56,56,58,44,68,76,76,76,73,69,62,57,49,73,27,80,80,80,62,62,69,69,69,46,56,83,83,83,70,70,70,29],"gold":56,"neow_bonus":"BOSS_RELIC","is_daily":false,"chose_seed":false,"campfire_upgraded":2,"win_rate":0.0,"timestamp":1611606870,"path_taken":["M","$","?","?","M","M","R","?","T","?","R","?","M","?","R","BOSS","M","M","$","M","?","R","?","R","T","M","M","?","M","M","R","BOSS","M","?","M","?","?","R","$","M","T","R","?","$","M","AVR","R","BOSS"],"items_purchased_type":["Card","Relic","Relic"],"build_version":"2020-12-22","purchased_purges":0,"victory":true,"max_hp_per_floor":[75,75,75,75,75,75,75,75,75,75,75,75,75,75,75,75,75,75,75,75,75,80,80,80,80,80,80,80,80,80,80,80,80,80,80,80,80,80,80,80,80,80,90,90,90,90,90,90,90,90],"card_choices":[{"not_picked":["Streamline","Gash"],"picked":"Cold Snap","floor":1.0},{"not_picked":["Compile Driver","Undo"],"picked":"Sunder","floor":5.0},{"not_picked":["Coolheaded","aspiration:Polymerization"],"picked":"Hologram","floor":6.0},{"not_picked":["Leap","Consume"],"picked":"Gash","floor":10.0},{"not_picked":["Compile Driver","Gash"],"picked":"BootSequence","floor":12.0},{"not_picked":["Sweeping Beam","Double Energy"],"picked":"Self Repair","floor":13.0},{"not_picked":["Amplify","All For One"],"picked":"Creative AI","floor":16.0},{"not_picked":["Ball Lightning","Compile Driver"],"picked":"Barrage","floor":18.0},{"not_picked":["Leap+1","Compile Driver+1"],"picked":"Conserve Battery+1","floor":19.0},{"not_picked":["Thunder Strike","Gash+1"],"picked":"Redo+1","floor":21.0},{"not_picked":["Fusion","Streamline+1"],"picked":"Redo+1","floor":27.0},{"not_picked":["Leap+1","Compile Driver+1"],"picked":"Seek","floor":28.0},{"not_picked":["Leap+1","Sunder+1"],"picked":"Heatsinks","floor":29.0},{"not_picked":["Beam Cell+1","Loop"],"picked":"Barrage+1","floor":30.0},{"not_picked":["Beam Cell+1","Gash+1"],"picked":"BootSequence+1","floor":31.0},{"not_picked":["Electrodynamics","Buffer"],"picked":"Meteor Strike+1","floor":33},{"not_picked":["Gash+1","Steam+1"],"picked":"Barrage+1","floor":35},{"not_picked":["Capacitor+1","Fusion"],"picked":"Gash+1","floor":37},{"not_picked":["Streamline+1","Redo"],"picked":"Steam","floor":39},{"not_picked":["Scrape+1","Hello World"],"picked":"Steam","floor":42},{"not_picked":["Turbo","Reprogram+1"],"picked":"Chill+1","floor":47}],"player_experience":294358,"relics_obtained":[{"floor":9.0,"key":"Art of War"},{"floor":12.0,"key":"Odd Mushroom"},{"floor":14.0,"key":"aspiration:HummingbirdHeart"},{"floor":26.0,"key":"Molten Egg 2"},{"floor":43,"key":"Pear"}],"event_choices":[{"damage_healed":0.0,"max_hp_gain":0.0,"max_hp_loss":0.0,"gold_gain":0.0,"event_name":"Shining Light","player_choice":"Entered Light","floor":3.0,"gold_loss":0.0,"damage_taken":15.0,"cards_upgraded":["Defend_B","Strike_B"]},{"damage_healed":0.0,"max_hp_gain":0.0,"max_hp_loss":0.0,"gold_gain":0.0,"event_name":"WeMeetAgain","player_choice":"Gave Potion","floor":8.0,"gold_loss":0.0,"damage_taken":0.0,"relics_obtained":["aspiration:EnhancedActuators"]},{"damage_healed":0.0,"max_hp_gain":0.0,"max_hp_loss":0.0,"gold_gain":0.0,"event_name":"Mushrooms","player_choice":"Fought Mushrooms","floor":12.0,"gold_loss":0.0,"damage_taken":0.0},{"damage_healed":0.0,"max_hp_gain":5.0,"max_hp_loss":0.0,"gold_gain":0.0,"event_name":"Forgotten Altar","player_choice":"Shed Blood","floor":22.0,"gold_loss":0.0,"damage_taken":19.0},{"cards_removed":["Strike_B"],"damage_healed":0,"gold_gain":0,"player_choice":"Purged","damage_taken":0,"max_hp_gain":0,"max_hp_loss":0,"event_name":"Purifier","floor":36,"gold_loss":0}],"is_beta":false,"boss_relics":[{"not_picked":["SacredBark","Philosopher\u0027s Stone"],"picked":"Astrolabe"},{"not_picked":["Empty Cage","Velvet Choker"],"picked":"aspiration:PoetsPen_weak"}],"items_purged_floors":[],"is_endless":false,"potions_floor_spawned":[5,13,16,19,28,29,31,33,37,42],"ascension_level":0}}