{"host":"kvq1t47bkvtg8ho9","time":1611603546,"event":{"mods":["Aspiration","Bard","BaseMod","Beaked The Cultist","Better Sensory Stone","Better Third Choice","BetterRewards","Clockwork Mod","Colored Map","Conspire","Downfall","Energized Spire","Friendly Minions","Hermit","HexUI Lib","Highlight Path","Hubris","Infinite Spire","JesterMod","Minty Spire (QoL Compilation)","READ ME - Guardian Mod","Relic Stats","Shade Mod","Somnambulant","StSLib","The Bladedancer","The Bug Knight","The Cursed","The Death Knight","The Disciple","The Forsaken","The Jungle","The Marked","The Necromancer","The Runesmith"],"gold_per_floor":[116,116,127,127,145,145,145,145,145,3,20,20,31,43,43,43,43],"floor_reached":16,"language":"ENG","playtime":1296,"items_purged":[],"score":92,"play_id":"7b6866b1-d06a-487c-b741-5c22500bfe07","local_time":"20210125143906","is_ascension_mode":false,"campfire_choices":[{"data":"jesterMod:Leeches","floor":6,"key":"SMITH"},{"floor":8,"key":"REST"},{"data":"jesterMod:Mending","floor":12,"key":"SMITH"},{"data":"jesterMod:Contradiction","floor":15,"key":"SMITH"}],"circlet_count":0,"master_deck":["jesterMod:Strike","jesterMod:Strike","jesterMod:Strike","jesterMod:Sickle","jesterMod:Defend","jesterMod:Defend","jesterMod:Defend","jesterMod:Defend","jesterMod:Dodge","jesterMod:Prankster","jesterMod:Anticipation","hubris:Fate","jesterMod:Leeches+1","jesterMod:Contradiction+1","jesterMod:Anticipation","jesterMod:Feint","jesterMod:Mending+1","jesterMod:DancingMad","jesterMod:Dilapidation"],"relics":["jesterMod:JesterCap","Lantern","Pocketwatch"],"acts_visited":["Exordium"],"potions_floor_usage":[13,16],"damage_taken":[{"damage":0,"enemies":"Jaw Worm","floor":1,"turns":5},{"damage":0,"enemies":"2 Louse","floor":3,"turns":3},{"damage":0,"enemies":"Cultist","floor":5,"turns":2},{"damage":9,"enemies":"Large Slime","floor":11,"turns":7},{"damage":17,"enemies":"Red Slaver","floor":13,"turns":3},{"damage":0,"enemies":"Blue Slaver","floor":14,"turns":1},{"damage":89,"enemies":"Hexaghost","floor":16,"turns":21}],"seed_played":"-6254996261785950549","potions_obtained":[{"floor":5,"key":"Weak Potion"},{"floor":13,"key":"Explosive Potion"}],"is_trial":false,"path_per_floor":["M","?","M","?","M","R","?","R","T","$","M","R","M","M","R","B"],"character_chosen":"THE_JESTER","items_purchased":["jesterMod:Contradiction","jesterMod:Anticipation","jesterMod:Feint"],"campfire_rested":1,"item_purchase_floors":[10,10,10],"current_hp_per_floor":[70,63,63,47,47,47,40,61,61,61,70,70,59,59,59,0,0],"gold":43,"neow_bonus":"","is_daily":false,"chose_seed":false,"campfire_upgraded":3,"win_rate":0.0,"timestamp":1611603546,"path_taken":["M","?","M","?","M","R","?","R","T","$","?","R","M","M","R","BOSS"],"items_purchased_type":["Card","Card","Card"],"build_version":"2020-12-22","purchased_purges":0,"victory":false,"max_hp_per_floor":[70,70,70,70,70,70,70,70,70,70,70,70,70,70,70,70,70],"relic_stats":{"counters":[138,529],"obtain_stats":[{"Gremlin Horn":44,"hubris:VirtuousBlindfold":17,"Vajra":115,"infinitespire:Cubic Diamond":4,"hubris:MysteriousPyramids":118,"HollowMod:StagPassRelic":57,"aspiration:RitualStick":126,"Lizard Tail":128,"infinitespire:ShieldingShard":27,"aspiration:MobileForge":119,"hubris:DeckOfHolding":53,"aspiration:ArtOfWarUpgrade":83,"Fusion Hammer":17,"Kunai":7,"HollowMod:PaleOreRelic":112,"Toxic Egg 2":4,"aspiration:DSix":0,"Pear":10,"hubris:Teleporter":123,"Astrolabe":136,"Blue Candle":3,"Oddly Smooth Stone":76,"hubris:SphereOfDissonance":89,"Shade:YorickPolishedSkull":51,"Pen Nib":44,"energizedSpire:OgreHead":53,"Guardian:PocketSentry":156,"Letter Opener":129,"energizedSpire:StickyHand":34,"conspire:GiftBox":43,"aspiration:EmptySkull":0,"Shuriken":64,"MutagenicStrength":19,"Molten Egg 2":131,"infinitespire:EmpoweringShard":43,"infinitespire:PuzzleCube":104,"hubris:Reverence":14,"Pocketwatch":9,"Darkstone Periapt":9,"Regal Pillow":94,"Lantern":0,"bronze:BronzeCore":0,"Torii":74,"SacredBark":34,"theForsaken:Lifeblossom":25,"Mango":77,"conspire:SpecialSausage":153,"Bag of Preparation":91,"Incense Burner":99,"Juzu Bracelet":142,"hubris:SlimyHat":6,"theForsaken:Gavel":26,"conspire:TopHat":9,"Burning Blood":4,"aspiration:StickyExplosives_weak":95,"hubris:BlackHole":102,"Frozen Eye":70,"Nunchaku":29,"Tough Bandages":3,"hubris:Icosahedron":24,"theForsaken:Kindling":139,"Pantograph":106,"hubris:ScarierMask":17,"Tiny Chest":26,"hubris:CuriousFeather":6,"WingedGreaves":6,"Red Mask":37,"aspiration:FutureDiary":68,"downfall:ExtraCursedBell":3,"aspiration:VileToxins":146,"hubris:64BitClover":48,"Golden Idol":61,"aspiration:FetidBarrel":26,"Guardian:GemstoneGun":6,"conspire:RunicOctahedron":85,"The Courier":99,"Omamori":80,"infinitespire:Lucky Rock":59,"infinitespire:CheckeredPen":86,"Frozen Egg 2":36,"Orichalcum":69,"hubris:Towel":73,"MawBank":148,"Mercury Hourglass":40,"Calling Bell":99,"infinitespire:WardingShard":23,"infinitespire:Satchel":9,"Art of War":46,"Bag of Marbles":111,"Membership Card":0,"Runesmith:AutoHammer":14,"conspire:DeflatedDodgeball":12,"Toy Ornithopter":23,"hubris:BottledRain":60},{"Gremlin Horn":58,"hubris:VirtuousBlindfold":18,"Vajra":91,"infinitespire:Cubic Diamond":128,"hubris:MysteriousPyramids":93,"HollowMod:StagPassRelic":64,"aspiration:RitualStick":96,"Lizard Tail":96,"infinitespire:ShieldingShard":48,"aspiration:MobileForge":93,"hubris:DeckOfHolding":61,"aspiration:ArtOfWarUpgrade":76,"Fusion Hammer":119,"Kunai":3,"HollowMod:PaleOreRelic":88,"Toxic Egg 2":37,"aspiration:DSix":35,"Pear":5,"hubris:Teleporter":95,"Astrolabe":100,"Blue Candle":128,"Oddly Smooth Stone":73,"hubris:SphereOfDissonance":79,"Shade:YorickPolishedSkull":60,"Pen Nib":31,"energizedSpire:OgreHead":61,"Guardian:PocketSentry":109,"Letter Opener":97,"energizedSpire:StickyHand":52,"conspire:GiftBox":31,"aspiration:EmptySkull":9,"Shuriken":67,"MutagenicStrength":19,"Molten Egg 2":98,"infinitespire:EmpoweringShard":57,"infinitespire:PuzzleCube":85,"hubris:Reverence":42,"Pocketwatch":134,"Darkstone Periapt":39,"Regal Pillow":80,"Lantern":131,"bronze:BronzeCore":0,"Torii":72,"SacredBark":27,"theForsaken:Lifeblossom":23,"Mango":73,"conspire:SpecialSausage":108,"Bag of Preparation":79,"Incense Burner":82,"Juzu Bracelet":104,"hubris:SlimyHat":114,"theForsaken:Gavel":47,"conspire:TopHat":115,"Burning Blood":128,"aspiration:StickyExplosives_weak":80,"hubris:BlackHole":83,"Frozen Eye":69,"Nunchaku":24,"Tough Bandages":128,"hubris:Icosahedron":47,"theForsaken:Kindling":102,"Pantograph":85,"hubris:ScarierMask":43,"Tiny Chest":23,"hubris:CuriousFeather":39,"WingedGreaves":130,"Red Mask":28,"aspiration:FutureDiary":68,"downfall:ExtraCursedBell":128,"aspiration:VileToxins":105,"hubris:64BitClover":59,"Golden Idol":66,"aspiration:FetidBarrel":124,"Guardian:GemstoneGun":14,"conspire:RunicOctahedron":77,"The Courier":82,"Omamori":74,"infinitespire:Lucky Rock":66,"infinitespire:CheckeredPen":78,"Frozen Egg 2":28,"Orichalcum":69,"hubris:Towel":71,"MawBank":106,"Mercury Hourglass":56,"Calling Bell":82,"infinitespire:WardingShard":22,"infinitespire:Satchel":14,"Art of War":59,"Bag of Marbles":88,"Membership Card":9,"Runesmith:AutoHammer":17,"conspire:DeflatedDodgeball":15,"Toy Ornithopter":47,"hubris:BottledRain":66},{"Gremlin Horn":247,"hubris:VirtuousBlindfold":88,"Vajra":334,"infinitespire:Cubic Diamond":473,"hubris:MysteriousPyramids":337,"HollowMod:StagPassRelic":267,"aspiration:RitualStick":340,"Lizard Tail":340,"infinitespire:ShieldingShard":207,"aspiration:MobileForge":337,"hubris:DeckOfHolding":261,"aspiration:ArtOfWarUpgrade":304,"Fusion Hammer":428,"Kunai":10,"HollowMod:PaleOreRelic":331,"Toxic Egg 2":164,"aspiration:DSix":159,"Pear":18,"hubris:Teleporter":339,"Astrolabe":345,"Blue Candle":473,"Oddly Smooth Stone":297,"hubris:SphereOfDissonance":310,"Shade:YorickPolishedSkull":259,"Pen Nib":138,"energizedSpire:OgreHead":261,"Guardian:PocketSentry":371,"Letter Opener":341,"energizedSpire:StickyHand":224,"conspire:GiftBox":138,"aspiration:EmptySkull":39,"Shuriken":277,"MutagenicStrength":92,"Molten Egg 2":342,"infinitespire:EmpoweringShard":242,"infinitespire:PuzzleCube":326,"hubris:Reverence":183,"Pocketwatch":497,"Darkstone Periapt":174,"Regal Pillow":311,"Lantern":487,"bronze:BronzeCore":0,"Torii":294,"SacredBark":122,"theForsaken:Lifeblossom":105,"Mango":297,"conspire:SpecialSausage":370,"Bag of Preparation":310,"Incense Burner":317,"Juzu Bracelet":351,"hubris:SlimyHat":396,"theForsaken:Gavel":204,"conspire:TopHat":400,"Burning Blood":473,"aspiration:StickyExplosives_weak":311,"hubris:BlackHole":323,"Frozen Eye":285,"Nunchaku":108,"Tough Bandages":473,"hubris:Icosahedron":204,"theForsaken:Kindling":347,"Pantograph":326,"hubris:ScarierMask":190,"Tiny Chest":105,"hubris:CuriousFeather":174,"WingedGreaves":484,"Red Mask":126,"aspiration:FutureDiary":282,"downfall:ExtraCursedBell":473,"aspiration:VileToxins":352,"hubris:64BitClover":249,"Golden Idol":274,"aspiration:FetidBarrel":457,"Guardian:GemstoneGun":65,"conspire:RunicOctahedron":308,"The Courier":317,"Omamori":300,"infinitespire:Lucky Rock":274,"infinitespire:CheckeredPen":309,"Frozen Egg 2":126,"Orichalcum":285,"hubris:Towel":290,"MawBank":355,"Mercury Hourglass":239,"Calling Bell":317,"infinitespire:WardingShard":102,"infinitespire:Satchel":65,"Art of War":249,"Bag of Marbles":331,"Membership Card":39,"Runesmith:AutoHammer":79,"conspire:DeflatedDodgeball":69,"Toy Ornithopter":204,"hubris:BottledRain":274}],"Pocketwatch":[9]},"card_choices":[{"not_picked":["jesterMod:Anticipation","jesterMod:JackInTheBox"],"picked":"jesterMod:Prankster","floor":1},{"not_picked":["jesterMod:Disposophobia","jesterMod:Prankster"],"picked":"jesterMod:Anticipation","floor":3},{"not_picked":["infinitespire:Gouge","infinitespire:Execution"],"picked":"hubris:Fate","floor":4},{"not_picked":["jesterMod:BouncingKnife","jesterMod:SmokeScreen"],"picked":"jesterMod:Leeches","floor":5},{"not_picked":["jesterMod:Pause","jesterMod:QuickStrike"],"picked":"jesterMod:Mending","floor":11},{"not_picked":["jesterMod:DanceOfChaos","jesterMod:ButterKnife"],"picked":"jesterMod:DancingMad","floor":13},{"not_picked":["jesterMod:RecklessStrike","jesterMod:Anticipation"],"picked":"jesterMod:Dilapidation","floor":14}],"player_experience":815562,"relics_obtained":[{"floor":9,"key":"Pocketwatch"}],"event_choices":[{"cards_removed":["jesterMod:Strike"],"damage_healed":0,"gold_gain":0,"player_choice":"Card Removal","damage_taken":7,"max_hp_gain":0,"max_hp_loss":0,"event_name":"Golden Wing","floor":2,"gold_loss":0},{"damage_healed":0,"gold_gain":0,"player_choice":"Damaged","damage_taken":7,"max_hp_gain":0,"max_hp_loss":0,"event_name":"Wheel of Change","floor":7,"gold_loss":0}],"is_beta":false,"boss_relics":[],"items_purged_floors":[],"is_endless":false,"potions_floor_spawned":[5,13],"killed_by":"Hexaghost","ascension_level":0}}