{"host":"j4g6ia6asvpyu2b0","time":1611599023,"event":{"mods":["BaseMod","Colored Map","Minty Spire (QoL Compilation)","Permanent Neow","Quick Restart","Relic Stats","StSLib","Unceasing Turn Reminder"],"gold_per_floor":[133,133,191,229,260,260,288,288,588,654,723,734,762,781,781,884,884,897,913,924,355,366,391,391,416,441,477,496,496,151,186,186,186,186],"floor_reached":33,"language":"ENG","playtime":1612,"items_purged":["Strike_G","Strike_G"],"score":390,"play_id":"54b5d4ba-fa29-4503-bec8-681f7ff07a84","local_time":"20210125112343","is_ascension_mode":true,"campfire_choices":[{"data":"HandOfGreed","floor":6.0,"key":"SMITH"},{"data":"Leg Sweep","floor":8.0,"key":"SMITH"},{"data":"A Thousand Cuts","floor":15.0,"key":"SMITH"},{"floor":24,"key":"REST"},{"floor":29,"key":"REST"},{"floor":32,"key":"REST"}],"circlet_count":0,"master_deck":["Strike_G","Strike_G","Strike_G","Defend_G","Defend_G","Defend_G+1","Defend_G","Defend_G","Survivor","Neutralize","HandOfGreed+1","Deadly Poison","Leg Sweep+1","Poisoned Stab","Blade Dance","Blur","A Thousand Cuts+1","Bouncing Flask","Tools of the Trade","Envenom","Predator+1","Malaise","Noxious Fumes","Crippling Poison+1","PiercingWail+1","Catalyst","Corpse Explosion","PiercingWail","Sucker Punch+1","Backflip"],"relics":["Ring of the Snake","Singing Bowl","Old Coin","StoneCalendar","Fusion Hammer","Vajra","Calipers","Toy Ornithopter","War Paint","Membership Card","Bottled Tornado","Lantern"],"acts_visited":["Exordium","TheCity"],"potions_floor_usage":[23,23,25,33],"damage_taken":[{"damage":0.0,"enemies":"Cultist","floor":1.0,"turns":3.0},{"damage":0.0,"enemies":"2 Louse","floor":3.0,"turns":4.0},{"damage":0.0,"enemies":"Jaw Worm","floor":4.0,"turns":4.0},{"damage":0.0,"enemies":"Blue Slaver","floor":5.0,"turns":5.0},{"damage":12.0,"enemies":"3 Sentries","floor":7.0,"turns":7.0},{"damage":2.0,"enemies":"Exordium Wildlife","floor":10.0,"turns":11.0},{"damage":0.0,"enemies":"Exordium Thugs","floor":11.0,"turns":5.0},{"damage":6.0,"enemies":"Large Slime","floor":12.0,"turns":3.0},{"damage":25.0,"enemies":"Lagavulin","floor":13.0,"turns":6.0},{"damage":0.0,"enemies":"Gremlin Gang","floor":14.0,"turns":3.0},{"damage":4.0,"enemies":"Hexaghost","floor":16.0,"turns":8.0},{"damage":7.0,"enemies":"2 Thieves","floor":18.0,"turns":4.0},{"damage":5.0,"enemies":"Shell Parasite","floor":19.0,"turns":5.0},{"damage":12.0,"enemies":"Snecko","floor":20.0,"turns":5.0},{"damage":5.0,"enemies":"Centurion and Healer","floor":22.0,"turns":7.0},{"damage":18,"enemies":"Slavers","floor":23,"turns":5},{"damage":0,"enemies":"Gremlin Leader","floor":25,"turns":6},{"damage":24,"enemies":"Shelled Parasite and Fungi","floor":27,"turns":6},{"damage":9,"enemies":"Sentry and Sphere","floor":28,"turns":4},{"damage":38,"enemies":"Book of Stabbing","floor":31,"turns":7},{"damage":36,"enemies":"Champ","floor":33,"turns":9}],"seed_played":"-5756367062831140889","potions_obtained":[{"floor":1.0,"key":"DistilledChaos"},{"floor":2.0,"key":"Fruit Juice"},{"floor":2.0,"key":"SmokeBomb"},{"floor":2.0,"key":"PowerPotion"},{"floor":3.0,"key":"FearPotion"},{"floor":7.0,"key":"CunningPotion"},{"floor":13.0,"key":"Poison Potion"},{"floor":16.0,"key":"Weak Potion"},{"floor":18.0,"key":"AttackPotion"},{"floor":20.0,"key":"Fire Potion"},{"floor":23,"key":"DuplicationPotion"},{"floor":31,"key":"Fire Potion"}],"is_trial":false,"path_per_floor":["M","?","M","M","M","R","E","R","T","M","M","M","E","M","R","B",null,"M","M","M","$","M","E","R","E","T","M","M","R","$","E","R","B"],"character_chosen":"THE_SILENT","items_purchased":["Vajra","Calipers","Crippling Poison","Membership Card","Bottled Tornado","Backflip"],"campfire_rested":3,"item_purchase_floors":[21,21,21,30,30,30],"current_hp_per_floor":[63,68,68,68,68,68,56,56,56,54,54,50,25,27,27,23,72,65,60,48,48,43,25,46,51,51,27,18,39,39,3,25,0,0],"gold":186,"neow_bonus":"RANDOM_COLORLESS_2","is_daily":false,"chose_seed":false,"campfire_upgraded":3,"win_rate":0.0,"timestamp":1611599023,"path_taken":["M","?","M","M","M","R","E","R","T","M","M","M","E","M","R","BOSS","M","?","M","$","M","E","R","E","T","M","M","R","?","E","R","BOSS"],"items_purchased_type":["Relic","Relic","Card","Relic","Relic","Card"],"build_version":"2020-12-22","purchased_purges":2,"victory":false,"max_hp_per_floor":[63,68,68,68,68,68,68,68,68,68,68,70,70,72,72,72,72,72,72,72,72,72,72,72,72,72,72,72,72,72,74,74,74,74],"relic_stats":{"Singing Bowl":6,"counters":[21,117],"StoneCalendar":[152],"War Paint":["Crippling Poison","Defend_G"],"obtain_stats":[{"Lantern":31,"Calipers":21,"Singing Bowl":7,"Vajra":21,"StoneCalendar":13,"Fusion Hammer":17,"Membership Card":30,"War Paint":25,"Bottled Tornado":30,"Toy Ornithopter":23,"Ring of the Snake":0,"Old Coin":9},{"Lantern":20,"Calipers":14,"Singing Bowl":5,"Vajra":14,"StoneCalendar":9,"Fusion Hammer":11,"Membership Card":19,"War Paint":17,"Bottled Tornado":19,"Toy Ornithopter":16,"Ring of the Snake":0,"Old Coin":5},{"Lantern":108,"Calipers":73,"Singing Bowl":23,"Vajra":73,"StoneCalendar":48,"Fusion Hammer":59,"Membership Card":101,"War Paint":91,"Bottled Tornado":101,"Toy Ornithopter":85,"Ring of the Snake":0,"Old Coin":23}],"Toy Ornithopter":10,"Ring of the Snake":[42]},"card_choices":[{"not_picked":["Violence","Transmutation"],"picked":"HandOfGreed","floor":0.0},{"not_picked":["Dagger Throw","All Out Attack"],"picked":"Deadly Poison","floor":1.0},{"not_picked":["Quick Slash","Dagger Throw"],"picked":"Leg Sweep","floor":3.0},{"not_picked":["Backflip","Sucker Punch"],"picked":"Poisoned Stab","floor":4.0},{"not_picked":["Crippling Poison","Deflect"],"picked":"Blade Dance","floor":5.0},{"not_picked":["Cloak And Dagger","Acrobatics"],"picked":"Blur","floor":7.0},{"not_picked":["Crippling Poison","Outmaneuver"],"picked":"A Thousand Cuts","floor":10.0},{"not_picked":["Acrobatics","Flying Knee"],"picked":"Bouncing Flask","floor":11.0},{"not_picked":["Eviscerate","Dagger Throw","Flechettes"],"picked":"Singing Bowl","floor":12.0},{"not_picked":["Terror","PiercingWail"],"picked":"Tools of the Trade","floor":13.0},{"not_picked":["Flying Knee","Finisher","Prepared"],"picked":"Singing Bowl","floor":14.0},{"not_picked":["Night Terror","Tools of the Trade"],"picked":"Envenom","floor":16.0},{"not_picked":["Dodge and Roll","Poisoned Stab"],"picked":"Predator+1","floor":18.0},{"not_picked":["Deadly Poison","Cloak And Dagger"],"picked":"Malaise","floor":19.0},{"not_picked":["Slice+1","Underhanded Strike"],"picked":"Noxious Fumes","floor":20.0},{"not_picked":["Terror","Acrobatics"],"picked":"PiercingWail+1","floor":22.0},{"not_picked":["Escape Plan+1","Cloak And Dagger"],"picked":"Catalyst","floor":23},{"not_picked":["Deflect+1","Bane"],"picked":"Corpse Explosion","floor":25},{"not_picked":["Heel Hook","Dagger Throw"],"picked":"PiercingWail","floor":27},{"not_picked":["Predator+1","Dagger Spray"],"picked":"Sucker Punch+1","floor":28},{"not_picked":["Skewer+1","Deflect","Distraction"],"picked":"Singing Bowl","floor":31}],"player_experience":1009469,"relics_obtained":[{"floor":7.0,"key":"Singing Bowl"},{"floor":9.0,"key":"Old Coin"},{"floor":13.0,"key":"StoneCalendar"},{"floor":23,"key":"Toy Ornithopter"},{"floor":25,"key":"War Paint"},{"floor":31,"key":"Lantern"}],"event_choices":[{"damage_healed":0.0,"max_hp_gain":0.0,"max_hp_loss":0.0,"gold_gain":0.0,"event_name":"Lab","player_choice":"Got Potions","floor":2.0,"gold_loss":0.0,"damage_taken":0.0}],"is_beta":false,"boss_relics":[{"not_picked":["Ectoplasm","Ring of the Serpent"],"picked":"Fusion Hammer"}],"items_purged_floors":[21,30],"is_endless":false,"potions_floor_spawned":[1,3,7,10,13,16,18,20,23,31],"killed_by":"Champ","ascension_level":1}}