{"host":"lte3xujvwediduij","time":1611574940,"event":{"mods":["Aspiration","BaseMod","Better-Laid Plans","Minty Spire (QoL Compilation)","Spicy Shops","StSLib","¡¾ÒÅÎï¿¨ÅÆ¡¿REMEMod","óô»ðÖ¸ÄÏ"],"gold_per_floor":[115,115,115,190,200,234,248,73,73,106,123,153,164,181,106,106,106],"floor_reached":16,"language":"ZHS","playtime":939,"items_purged":["Shame"],"score":147,"play_id":"8cb88804-8510-4ef5-ad24-35145032f639","local_time":"20210125194220","is_ascension_mode":false,"campfire_choices":[],"circlet_count":0,"master_deck":["Strike_B+1","Strike_B","Strike_B","Defend_B","Defend_B","Defend_B","Defend_B","Zap","Dualcast+1","Creative AI","White Noise","Melter","Redo","Leap","aspiration:Polymerization","Leap","Go for the Eyes","Gash"],"relics":["Cracked Core","REME_ComplimentaryCards","aspiration:Nostalgia","Burning Blood","Regal Pillow","aspiration:FaultyCoupler","Ancient Tea Set","Kunai"],"acts_visited":["Exordium"],"potions_floor_usage":[13,16],"damage_taken":[{"damage":0.0,"enemies":"Small Slimes","floor":1.0,"turns":2.0},{"damage":6.0,"enemies":"Jaw Worm","floor":5.0,"turns":3.0},{"damage":31.0,"enemies":"Gremlin Nob","floor":6.0,"turns":5.0},{"damage":0.0,"enemies":"2 Louse","floor":7.0,"turns":1.0},{"damage":16.0,"enemies":"3 Sentries","floor":10.0,"turns":5.0},{"damage":7.0,"enemies":"Exordium Thugs","floor":11.0,"turns":4.0},{"damage":0.0,"enemies":"Lagavulin","floor":12.0,"turns":4.0},{"damage":0,"enemies":"Blue Slaver","floor":13,"turns":2},{"damage":0,"enemies":"Large Slime","floor":14,"turns":6},{"damage":32,"enemies":"The Guardian","floor":16,"turns":9}],"seed_played":"-7337701856324446085","potions_obtained":[{"floor":1.0,"key":"SneckoOil"},{"floor":6.0,"key":"Explosive Potion"},{"floor":7.0,"key":"Fire Potion"},{"floor":11.0,"key":"Swift Potion"},{"floor":14,"key":"FearPotion"}],"is_trial":false,"path_per_floor":["M","?","?","?","M","E","M","R","T","E","M","E","M","M","R","B"],"character_chosen":"DEFECT","items_purchased":["aspiration:FaultyCoupler","Leap"],"campfire_rested":0,"item_purchase_floors":[8,8],"current_hp_per_floor":[75,68,53,42,42,17,23,23,23,13,12,18,24,30,30,0,0],"gold":106,"neow_bonus":"NOSTALGIA","is_daily":false,"chose_seed":false,"campfire_upgraded":0,"win_rate":0.0,"timestamp":1611574940,"path_taken":["M","?","?","?","M","E","M","R","T","E","M","E","M","M","R","BOSS"],"items_purchased_type":["Relic","Card"],"build_version":"2020-12-22","purchased_purges":1,"victory":false,"max_hp_per_floor":[75,75,75,75,75,75,75,75,75,75,75,75,75,75,75,75,75],"card_choices":[{"not_picked":["Blizzard","Force Field","Rebound"],"picked":"SKIP","floor":1.0},{"not_picked":["Steam","Coolheaded"],"picked":"White Noise","floor":5.0},{"not_picked":["Reinforced Body","Genetic Algorithm"],"picked":"Melter","floor":6.0},{"not_picked":["Beam Cell","Steam"],"picked":"Redo","floor":7.0},{"not_picked":["Machine Learning","Hologram"],"picked":"aspiration:Polymerization","floor":10.0},{"not_picked":["REME_SelfUpgrade","Barrage"],"picked":"Leap","floor":11.0},{"not_picked":["Undo","Reprogram","Leap"],"picked":"SKIP","floor":12.0},{"not_picked":["Scrape","Redo"],"picked":"Go for the Eyes","floor":13},{"not_picked":["Hologram","Beam Cell"],"picked":"Gash","floor":14}],"player_experience":37120,"relics_obtained":[{"floor":6.0,"key":"Regal Pillow"},{"floor":10.0,"key":"Ancient Tea Set"},{"floor":12.0,"key":"Kunai"}],"event_choices":[{"cards_removed":["Strike_B"],"damage_healed":0.0,"max_hp_gain":0.0,"max_hp_loss":0.0,"gold_gain":0.0,"event_name":"Golden Wing","player_choice":"Card Removal","floor":2.0,"gold_loss":0.0,"damage_taken":7.0},{"damage_healed":0.0,"max_hp_gain":0.0,"max_hp_loss":0.0,"gold_gain":0.0,"event_name":"Shining Light","player_choice":"Entered Light","floor":3.0,"gold_loss":0.0,"damage_taken":15.0,"cards_upgraded":["Strike_B","Dualcast"]},{"damage_healed":0.0,"max_hp_gain":0.0,"max_hp_loss":0.0,"gold_gain":75.0,"event_name":"World of Goop","player_choice":"Gather Gold","floor":4.0,"gold_loss":0.0,"damage_taken":11.0}],"is_beta":false,"boss_relics":[],"items_purged_floors":[15],"is_endless":false,"potions_floor_spawned":[1,6,7,11,14],"killed_by":"The Guardian","ascension_level":0}}