{"host":"mgar08cquislqm55","time":1611589185,"event":{"mods":["ATMod(°¢èªMod)","BaseMod","Minty Spire (QoL Compilation)","Replay The Spire","StSLib","The Hierophant","noobMod"],"gold_per_floor":[118,130,213,233,181,181,208,220,220,233,233,242,169,202,202,302,302,320,338,278,293,304,304,321,321,321,356,356,387,409,424,424,531,631,645,665,665,665,665,710,732,732,757,791,791,845,845,864,864,864,864,864,788,819,819],"floor_reached":56,"language":"ZHS","playtime":3135,"items_purged":[],"score":1186,"play_id":"f16e1ec2-2c07-4b76-9086-5cab1725d750","local_time":"20210125233945","is_ascension_mode":false,"campfire_choices":[{"floor":6,"key":"RECALL"},{"data":"hierophant:Community","floor":15,"key":"SMITH"},{"data":"hierophant:ChurchCoffers","floor":23,"key":"SMITH"},{"floor":32,"key":"REST"},{"floor":45,"key":"REST"},{"floor":47,"key":"REST"},{"data":"AT_EmpoweredMortalDraw","floor":49,"key":"SMITH"},{"data":"Apotheosis","floor":52,"key":"SMITH"}],"circlet_count":0,"master_deck":["hierophant:Strike_Hierophant","hierophant:Strike_Hierophant","hierophant:Strike_Hierophant","hierophant:Strike_Hierophant","hierophant:Punish","hierophant:Defend_Hierophant","hierophant:Defend_Hierophant","hierophant:ChurchCoffers+1","hierophant:Zeal","hierophant:Community+1","hierophant:SealAway","hierophant:Racketeering+1","hierophant:HammerAndAnvil","hierophant:Patience","hierophant:Smite","hierophant:Community","hierophant:HammerAndAnvil","hierophant:Encroach","hierophant:HammerAndAnvil","hierophant:SealAway","AT_FocusSwordFire+1","Apotheosis+1","AT_EmpoweredMortalDraw+1","hierophant:Exaltation","hierophant:FieryStrike","hierophant:OrnateBuckler","Backstab","Consecrate","AT_KneejerkReflex","Panache","Conserve Battery+1","hierophant:Embezzle","Writhe","Master of Strategy","hierophant:Zeal+1","Beam Cell+1","hierophant:ArchangelShield","hierophant:Empathy"],"relics":["hierophant:PropheticMaskRelic","AT_ATBox","ice","NeowsBlessing","Bronze Scales","MealTicket","PrismaticShard","Mercury Hourglass","AT_MortalBlade","AT_Manta","Dream Catcher","Boot","War Paint","Replay:Wanted Poster","Simple Rune","ReplayTheSpireMod:Lightbulb","Thread and Needle","hierophant:DonationBoxRelic"],"acts_visited":["Exordium","TheCity","TheBeyond","TheEnding"],"potions_floor_usage":[8,8,31,33,33,37,50,55,55],"damage_taken":[{"damage":0,"enemies":"2 Louse","floor":1,"turns":1},{"damage":0,"enemies":"Jaw Worm","floor":2,"turns":1},{"damage":0,"enemies":"Cultist","floor":4,"turns":1},{"damage":27,"enemies":"3 Sentries","floor":7,"turns":9},{"damage":35,"enemies":"Exordium Thugs","floor":8,"turns":6},{"damage":6,"enemies":"3 Louse","floor":10,"turns":4},{"damage":0,"enemies":"Blue Slaver","floor":12,"turns":2},{"damage":0,"enemies":"Gremlin Nob","floor":14,"turns":2},{"damage":6,"enemies":"Fading Forest","floor":16,"turns":11},{"damage":0,"enemies":"3 Byrds","floor":18,"turns":1},{"damage":10,"enemies":"Shell Parasite","floor":19,"turns":3},{"damage":0,"enemies":"Snecko","floor":21,"turns":3},{"damage":4,"enemies":"Cultist and Chosen","floor":22,"turns":2},{"damage":15,"enemies":"Centurion and Healer","floor":24,"turns":3},{"damage":31,"enemies":"Gremlin Leader","floor":27,"turns":5},{"damage":9,"enemies":"Replay:Snechameleon","floor":29,"turns":4},{"damage":0,"enemies":"3 Cultists","floor":30,"turns":3},{"damage":0,"enemies":"Snake Plant","floor":31,"turns":2},{"damage":25,"enemies":"Collector","floor":33,"turns":6},{"damage":10,"enemies":"Orb Walker","floor":35,"turns":2},{"damage":25,"enemies":"3 Darklings","floor":36,"turns":3},{"damage":18,"enemies":"Transient","floor":37,"turns":5},{"damage":26,"enemies":"R_Hoarder","floor":40,"turns":6},{"damage":0,"enemies":"Maw","floor":41,"turns":4},{"damage":38,"enemies":"Nemesis","floor":44,"turns":4},{"damage":0,"enemies":"Mind Bloom Boss Battle","floor":46,"turns":4},{"damage":6,"enemies":"4 Shapes","floor":48,"turns":2},{"damage":6,"enemies":"Replay:Hell Engine","floor":50,"turns":4},{"damage":14,"enemies":"Shield and Spear","floor":54,"turns":3},{"damage":98,"enemies":"The Heart","floor":55,"turns":8}],"seed_played":"-2594284312335433395","potions_obtained":[{"floor":4,"key":"Regen Potion"},{"floor":7,"key":"Block Potion"},{"floor":12,"key":"Flashbang"},{"floor":14,"key":"Elixir"},{"floor":18,"key":"Adrenaline Potion"},{"floor":30,"key":"ColorlessPotion"},{"floor":31,"key":"SpeedPotion"},{"floor":37,"key":"Elixir"},{"floor":41,"key":"Milkshake"},{"floor":46,"key":"Strength Potion"}],"is_trial":false,"path_per_floor":["M","M","?","M","$","R","E","M","T","M","?","M","$","E","R","B",null,"M","M","?","M","M","R","M","T","T","E","?","E","M","M","R","B",null,"M","M","M","?","?","E","M","?","T","E","R","?","R","M","R","B",null,"R","$","E","B",null],"character_chosen":"HIEROPHANT","items_purchased":["hierophant:Smite","hierophant:HammerAndAnvil","hierophant:SealAway","hierophant:ArchangelShield"],"campfire_rested":3,"item_purchase_floors":[5,13,13,53],"current_hp_per_floor":[75,75,57,57,57,57,30,10,10,72,72,72,77,77,77,71,82,82,72,72,72,68,68,53,53,53,22,22,13,13,13,46,21,114,104,79,61,61,92,66,66,66,66,28,67,67,109,103,103,97,151,151,151,137,39],"gold":819,"neow_bonus":"THREE_ENEMY_KILL","is_daily":false,"chose_seed":false,"campfire_upgraded":4,"win_rate":0.0,"timestamp":1611589185,"path_taken":["M","M","?","M","?","R","E","M","T","?","?","M","$","E","R","BOSS","M","M","?","M","M","R","M","?","T","E","?","E","M","M","R","BOSS","M","M","M","?","?","E","?","?","T","E","R","?","R","M","R","BOSS","R","$","E","BOSS"],"items_purchased_type":["Card","Card","Card","Card"],"build_version":"2020-12-22","purchased_purges":0,"victory":true,"max_hp_per_floor":[75,75,75,75,75,75,75,75,75,76,76,77,77,77,77,82,82,82,85,85,86,88,88,92,92,92,99,99,106,107,110,110,114,114,115,118,123,123,123,128,129,129,129,133,133,143,143,147,147,151,151,151,151,157,246],"card_choices":[{"not_picked":["hierophant:HolyVerse","hierophant:Sermon"],"picked":"hierophant:Zeal","floor":1},{"not_picked":["hierophant:MorningPrayer","hierophant:OrnateJavelin"],"picked":"hierophant:Community","floor":2},{"not_picked":["hierophant:RepressedViolence","hierophant:Glossolalia"],"picked":"hierophant:SealAway","floor":3},{"not_picked":["hierophant:SolarFlare","hierophant:Remorse"],"picked":"hierophant:Racketeering","floor":3},{"not_picked":["hierophant:Bribe","hierophant:Smite"],"picked":"hierophant:HammerAndAnvil","floor":3},{"not_picked":["hierophant:Anathema","hierophant:Mercenaries"],"picked":"hierophant:Patience","floor":4},{"not_picked":["hierophant:RustyCrate","hierophant:Alms"],"picked":"hierophant:Community","floor":7},{"not_picked":["hierophant:HolyVerse","hierophant:OrnateBuckler"],"picked":"hierophant:HammerAndAnvil","floor":8},{"not_picked":["hierophant:Endure","hierophant:AuricBeam"],"picked":"hierophant:Encroach","floor":10},{"not_picked":["TalkToTheHand","Ball Lightning","Pommel Strike"],"picked":"SKIP","floor":12},{"not_picked":["Glass Knife","FollowUp"],"picked":"AT_FocusSwordFire","floor":14},{"not_picked":["The Bomb","Ragnarok"],"picked":"Apotheosis","floor":16},{"not_picked":["hierophant:Remorse","CutThroughFate"],"picked":"hierophant:Exaltation","floor":18},{"not_picked":["Body Slam","Trip"],"picked":"hierophant:FieryStrike","floor":19},{"not_picked":["Swift Strike+1","Steam Power"],"picked":"hierophant:OrnateBuckler","floor":21},{"not_picked":["Worship","Deep Breath+1","Clash+1"],"picked":"SKIP","floor":22},{"not_picked":["Trip","Forethought","hierophant:Doubloon+1"],"picked":"SKIP","floor":24},{"not_picked":["AT_ThreeBodyProblem","Havoc+1"],"picked":"Backstab","floor":27},{"not_picked":["Dagger Throw","Coolheaded"],"picked":"Consecrate","floor":29},{"not_picked":["hierophant:AuricBeam","Anger","FlyingSleeves+1"],"picked":"SKIP","floor":30},{"not_picked":["Warcry+1","hierophant:PassingBell","Ball Lightning"],"picked":"SKIP","floor":31},{"not_picked":["Pommel Strike+1","Slice"],"picked":"AT_KneejerkReflex","floor":32},{"not_picked":["ReplayTheSpireMod:Necrogeddon","Chrysalis"],"picked":"Panache","floor":33},{"not_picked":["Quick Slash+1","FlurryOfBlows+1"],"picked":"Conserve Battery+1","floor":35},{"not_picked":["hierophant:RepressedViolence+1","hierophant:Remorse+1","FTL"],"picked":"SKIP","floor":36},{"not_picked":["hierophant:RepressedViolence+1","Armaments+1"],"picked":"hierophant:Embezzle","floor":37},{"not_picked":["SashWhip+1","FlyingSleeves","AT_RealFormLess"],"picked":"SKIP","floor":40},{"not_picked":["Unload","LikeWater","Steam+1"],"picked":"SKIP","floor":41},{"not_picked":["Blind","AT_PowerWithin"],"picked":"Master of Strategy","floor":42},{"not_picked":["hierophant:RepressedViolence+1","Predator+1","Blizzard+1"],"picked":"SKIP","floor":44},{"not_picked":["Bane","Anger"],"picked":"hierophant:Zeal+1","floor":45},{"not_picked":["Sweeping Beam+1","ReplayTheSpireMod:System Scan"],"picked":"Beam Cell+1","floor":46},{"not_picked":["hierophant:HolyVerse","Acrobatics","EmptyBody"],"picked":"SKIP","floor":48},{"not_picked":["Defragment+1","Life Link"],"picked":"hierophant:Empathy","floor":54}],"player_experience":24441,"relics_obtained":[{"floor":7,"key":"Bronze Scales"},{"floor":9,"key":"MealTicket"},{"floor":14,"key":"Mercury Hourglass"},{"floor":25,"key":"AT_Manta"},{"floor":26,"key":"Dream Catcher"},{"floor":27,"key":"Boot"},{"floor":29,"key":"War Paint"},{"floor":40,"key":"Simple Rune"},{"floor":44,"key":"ReplayTheSpireMod:Lightbulb"},{"floor":46,"key":"Thread and Needle"},{"floor":54,"key":"hierophant:DonationBoxRelic"}],"event_choices":[{"cards_removed":["hierophant:Defend_Hierophant"],"damage_healed":0,"gold_gain":0,"player_choice":"Elegance","damage_taken":0,"max_hp_gain":0,"max_hp_loss":0,"event_name":"Back to Basics","floor":28,"gold_loss":0},{"cards_removed":["hierophant:Defend_Hierophant"],"damage_healed":0,"gold_gain":0,"player_choice":"Removed Skill","damage_taken":0,"max_hp_gain":0,"max_hp_loss":0,"event_name":"Falling","floor":38,"gold_loss":0},{"damage_healed":31,"gold_gain":0,"player_choice":"Writhe","damage_taken":0,"max_hp_gain":0,"max_hp_loss":0,"event_name":"Winding Halls","floor":39,"gold_loss":0,"cards_obtained":["Writhe"]},{"damage_healed":0,"gold_gain":0,"player_choice":"Memory 1","damage_taken":0,"max_hp_gain":0,"max_hp_loss":0,"event_name":"SensoryStone","floor":42,"gold_loss":0},{"damage_healed":0,"gold_gain":0,"player_choice":"Fight","damage_taken":0,"max_hp_gain":0,"max_hp_loss":0,"event_name":"MindBloom","floor":46,"gold_loss":0}],"is_beta":false,"boss_relics":[{"not_picked":["Sozu","SlaversCollar"],"picked":"AT_MortalBlade"},{"not_picked":["Calling Bell","Replay:Ancient Bell"],"picked":"Replay:Wanted Poster"}],"items_purged_floors":[],"is_endless":false,"potions_floor_spawned":[4,7,12,14,18,27,29,30,31,37,41,46,48],"ascension_level":0}}