{"host":"9hmnsypyq1c5u7i3","time":1611545708,"event":{"mods":["BaseMod","Bestiary","Hermit","Marisa????????","Minty Spire (QoL Compilation)","Permanent Neow","Quick Restart","Relic Stats","StSLib","The Cursed","The Hierophant"],"gold_per_floor":[121,121,154,229,263,263,282,109,109,134,134,134,134,130,130,183,183,213,138,138,140,140,184,184,229,241,289,306,338,350,400,412,520,532,569,717,775,966,1084,1096,1155,1241,1253,1333,607,685,802,934,934,837,746,746,746,9,116,2],"floor_reached":57,"language":"ENG","playtime":16797,"items_purged":["hierophant:FlamingChariot","hierophant:Zeal","hierophant:Patience"],"score":4385,"play_id":"733c1489-8c39-43d7-84de-0eda8d679388","local_time":"20210124223508","is_ascension_mode":true,"campfire_choices":[{"floor":6.0,"key":"REST"},{"data":"hierophant:Community","floor":13.0,"key":"SMITH"},{"data":"hierophant:Encroach","floor":15.0,"key":"SMITH"},{"data":"hierophant:Refuge","floor":24.0,"key":"SMITH"},{"floor":30.0,"key":"REST"},{"data":"hierophant:MirrorShield","floor":32.0,"key":"SMITH"},{"data":"hierophant:Cornucopia","floor":40.0,"key":"SMITH"},{"floor":49.0,"key":"RECALL"},{"data":"hierophant:Levitation","floor":53.0,"key":"SMITH"}],"circlet_count":0,"master_deck":["AscendersBane","hierophant:Punish","hierophant:ChurchCoffers","hierophant:SealAway+1","hierophant:MorningPrayer","hierophant:Invocation","hierophant:SealAway+1","hierophant:RepressedViolence","hierophant:Generosity+1","hierophant:Doubloon","hierophant:CoinFling+1","hierophant:Blessing","hierophant:Upheaval+1","hierophant:Community+1","hierophant:Encroach+1","hierophant:Racketeering+1","hierophant:SealAway+1","hierophant:Encroach","hierophant:Doubloon+1","hierophant:Refuge+1","hierophant:Endure+1","hierophant:MirrorShield+1","hierophant:Cornucopia+1","hierophant:Bribe","hierophant:MirrorShield","hierophant:Doubloon","hierophant:Charity","hierophant:Doubloon","hierophant:Remorse+1","hierophant:Upheaval+1","hierophant:SealAway+1","hierophant:AuricBeam+1","hierophant:Levitation+1","hierophant:AuricBeam+1","hierophant:Mercenaries+1","hierophant:Remorse+1","hierophant:Doubloon","hierophant:Bribe+1","hierophant:Encroach+1","hierophant:Doubloon","hierophant:Remorse+1"],"relics":["Pandora\u0027s Box","Molten Egg 2","Potion Belt","Omamori","Golden Idol","Black Star","Prayer Wheel","Calipers","MawBank","Ice Cream","Toy Ornithopter","Regal Pillow","Smiling Mask","The Courier","Gambling Chip","SlaversCollar","TungstenRod","Blue Candle","Bottled Lightning","Juzu Bracelet","Ancient Tea Set","TheAbacus","Art of War","Anchor","Akabeko","Whetstone","Orrery","Bronze Scales","War Paint","Pantograph","Vajra","Blood Vial"],"acts_visited":["Exordium","TheCity","TheBeyond","TheEnding"],"potions_floor_usage":[55,56,56],"damage_taken":[{"damage":12.0,"enemies":"Jaw Worm","floor":1.0,"turns":3.0},{"damage":0.0,"enemies":"Small Slimes","floor":3.0,"turns":2.0},{"damage":3.0,"enemies":"2 Louse","floor":5.0,"turns":2.0},{"damage":20.0,"enemies":"Lagavulin","floor":7.0,"turns":6.0},{"damage":25.0,"enemies":"Gremlin Nob","floor":10.0,"turns":5.0},{"damage":0.0,"enemies":"Blue Slaver","floor":14.0,"turns":4.0},{"damage":25.0,"enemies":"The Guardian","floor":16.0,"turns":13.0},{"damage":0.0,"enemies":"Shell Parasite","floor":18.0,"turns":4.0},{"damage":15.0,"enemies":"3 Byrds","floor":21.0,"turns":6.0},{"damage":1.0,"enemies":"Gremlin Leader","floor":23.0,"turns":7.0},{"damage":20.0,"enemies":"Book of Stabbing","floor":25.0,"turns":8.0},{"damage":0.0,"enemies":"Snake Plant","floor":27.0,"turns":5.0},{"damage":6.0,"enemies":"Slavers","floor":28.0,"turns":8.0},{"damage":39.0,"enemies":"Chosen and Byrds","floor":29.0,"turns":10.0},{"damage":29.0,"enemies":"Book of Stabbing","floor":31.0,"turns":8.0},{"damage":0.0,"enemies":"Collector","floor":33.0,"turns":15.0},{"damage":7.0,"enemies":"Orb Walker","floor":35.0,"turns":6.0},{"damage":10.0,"enemies":"3 Shapes","floor":36.0,"turns":14.0},{"damage":34.0,"enemies":"Spire Growth","floor":37.0,"turns":7.0},{"damage":0.0,"enemies":"Sphere and 2 Shapes","floor":38.0,"turns":14.0},{"damage":0.0,"enemies":"Writhing Mass","floor":39.0,"turns":14.0},{"damage":32.0,"enemies":"2 Orb Walkers","floor":41.0,"turns":2.0},{"damage":7.0,"enemies":"Giant Head","floor":42.0,"turns":10.0},{"damage":0.0,"enemies":"Reptomancer","floor":44.0,"turns":9.0},{"damage":42.0,"enemies":"Giant Head","floor":46.0,"turns":10.0},{"damage":0.0,"enemies":"Jaw Worm Horde","floor":47.0,"turns":10.0},{"damage":0.0,"enemies":"3 Darklings","floor":48.0,"turns":10.0},{"damage":26.0,"enemies":"Awakened One","floor":50.0,"turns":13.0},{"damage":2.0,"enemies":"Donu and Deca","floor":51.0,"turns":20.0},{"damage":6,"enemies":"Shield and Spear","floor":55,"turns":17},{"damage":68,"enemies":"The Heart","floor":56,"turns":11}],"seed_played":"1781393654909466457","potions_obtained":[{"floor":3.0,"key":"Block Potion"},{"floor":5.0,"key":"SneckoOil"},{"floor":21.0,"key":"Weak Potion"},{"floor":23.0,"key":"Block Potion"},{"floor":27.0,"key":"Fire Potion"},{"floor":33.0,"key":"PowerPotion"},{"floor":35.0,"key":"Swift Potion"},{"floor":37.0,"key":"PowerPotion"},{"floor":38.0,"key":"Explosive Potion"},{"floor":39.0,"key":"AttackPotion"},{"floor":44.0,"key":"Explosive Potion"},{"floor":46.0,"key":"Strength Potion"},{"floor":55,"key":"PowerPotion"}],"is_trial":false,"path_per_floor":["M","?","M","?","M","R","E","$","T","E","?","?","R","M","R","B",null,"M","?","?","M","$","E","R","E","T","M","E","M","R","E","R","B",null,"M","M","M","M","M","R","?","E","T","E","$","E","M","M","R","B","B",null,"R","$","E","B",null],"character_chosen":"HIEROPHANT","items_purchased":["hierophant:Community","hierophant:Encroach","Fruit Juice","TheAbacus","Art of War","Anchor","hierophant:SealAway+1","DuplicationPotion","GamblersBrew","AttackPotion","hierophant:Mercenaries+1","hierophant:Remorse+1","Orrery","Bronze Scales","War Paint","Pantograph"],"campfire_rested":2,"item_purchase_floors":[8,8,45,45,45,45,45,45,45,45,54,54,54,54,54,54],"current_hp_per_floor":[56,33,33,22,19,41,28,28,28,3,28,28,28,35,35,17,55,62,62,62,54,54,60,60,47,47,54,55,23,58,36,36,43,62,62,64,42,49,56,56,34,39,39,51,61,41,48,55,55,36,41,65,65,65,67,12],"gold":2,"neow_bonus":"BOSS_RELIC","is_daily":false,"chose_seed":false,"campfire_upgraded":6,"win_rate":0.0,"timestamp":1611545708,"path_taken":["M","?","M","?","M","R","E","$","T","E","?","?","R","M","R","BOSS","M","?","?","M","$","E","R","E","T","M","E","M","R","E","R","BOSS","M","M","M","M","M","R","?","E","T","E","$","E","M","M","R","BOSS","BOSS","R","$","E","BOSS"],"items_purchased_type":["Card","Card","Potion","Relic","Relic","Relic","Card","Potion","Potion","Potion","Card","Card","Relic","Relic","Relic","Relic"],"build_version":"2020-12-22","purchased_purges":3,"victory":true,"max_hp_per_floor":[75,75,75,75,75,75,75,75,75,75,75,68,68,68,68,68,68,68,68,68,68,68,68,68,68,68,68,68,68,68,68,68,68,68,68,68,68,68,68,68,68,68,68,68,73,73,73,73,73,73,73,73,73,73,73,73],"relic_stats":{"Regal Pillow":15,"counters":[31,273],"Golden Idol":210,"Blue Candle":[0],"Juzu Bracelet":0,"Whetstone":["hierophant:SealAway","hierophant:CoinFling"],"War Paint":["hierophant:Doubloon","hierophant:Racketeering"],"MawBank":240,"Smiling Mask":80,"Blood Vial":2,"TheAbacus":[108],"Gambling Chip":[38],"Bronze Scales":[225],"Pantograph":4,"Pandora\u0027s Box":["hierophant:FlamingChariot","hierophant:Zeal","hierophant:SealAway","hierophant:MorningPrayer","hierophant:Invocation","hierophant:SealAway","hierophant:RepressedViolence","hierophant:Generosity"],"Prayer Wheel":9,"Black Star":8,"Art of War":[14],"obtain_stats":[{"Ice Cream":25,"Regal Pillow":28,"Calipers":23,"hierophant:PropheticMaskRelic":0,"Vajra":55,"Juzu Bracelet":44,"Whetstone":46,"Smiling Mask":28,"Ancient Tea Set":44,"Blood Vial":55,"TheAbacus":45,"Gambling Chip":31,"Pantograph":54,"Prayer Wheel":23,"Potion Belt":9,"Golden Idol":12,"Blue Candle":42,"The Courier":31,"Omamori":10,"War Paint":54,"MawBank":25,"Akabeko":46,"SlaversCollar":34,"Anchor":45,"Bronze Scales":54,"Orrery":54,"Pandora\u0027s Box":0,"Molten Egg 2":7,"Black Star":17,"Art of War":45,"Bottled Lightning":42,"Toy Ornithopter":26,"TungstenRod":41},{"Ice Cream":11,"Regal Pillow":13,"Calipers":10,"hierophant:PropheticMaskRelic":0,"Vajra":30,"Juzu Bracelet":24,"Whetstone":25,"Smiling Mask":13,"Ancient Tea Set":24,"Blood Vial":30,"TheAbacus":24,"Gambling Chip":15,"Pantograph":29,"Prayer Wheel":10,"Potion Belt":4,"Golden Idol":5,"Blue Candle":23,"The Courier":15,"Omamori":5,"War Paint":29,"MawBank":11,"Akabeko":25,"SlaversCollar":16,"Anchor":24,"Bronze Scales":29,"Orrery":29,"Pandora\u0027s Box":0,"Molten Egg 2":4,"Black Star":7,"Art of War":24,"Bottled Lightning":23,"Toy Ornithopter":11,"TungstenRod":22},{"Ice Cream":60,"Regal Pillow":73,"Calipers":52,"hierophant:PropheticMaskRelic":0,"Vajra":262,"Juzu Bracelet":182,"Whetstone":192,"Smiling Mask":73,"Ancient Tea Set":182,"Blood Vial":262,"TheAbacus":182,"Gambling Chip":91,"Pantograph":245,"Prayer Wheel":52,"Potion Belt":13,"Golden Idol":18,"Blue Candle":173,"The Courier":91,"Omamori":18,"War Paint":245,"MawBank":60,"Akabeko":192,"SlaversCollar":106,"Anchor":182,"Bronze Scales":245,"Orrery":245,"Pandora\u0027s Box":0,"Molten Egg 2":13,"Black Star":35,"Art of War":182,"Bottled Lightning":173,"Toy Ornithopter":60,"TungstenRod":163}],"Toy Ornithopter":55,"TungstenRod":18},"card_choices":[{"not_picked":["hierophant:Doubloon","hierophant:AuricBeam"],"picked":"hierophant:CoinFling","floor":1.0},{"not_picked":["hierophant:FlamingChariot","hierophant:Bribe"],"picked":"hierophant:Sermon","floor":3.0},{"not_picked":["hierophant:SolarFlare","hierophant:FaithHealing"],"picked":"hierophant:Blessing","floor":5.0},{"not_picked":["hierophant:Repentance","hierophant:OrnateBuckler"],"picked":"hierophant:Upheaval+1","floor":7.0},{"not_picked":["hierophant:Generosity","hierophant:OrnateBuckler"],"picked":"hierophant:Racketeering","floor":10.0},{"not_picked":["hierophant:Remorse+1","hierophant:OrnateBuckler"],"picked":"hierophant:SealAway+1","floor":14.0},{"not_picked":["hierophant:HolyVerse","hierophant:RustyCrate","hierophant:LocustPlague+1"],"picked":"SKIP","floor":18.0},{"not_picked":["hierophant:AuricShield","hierophant:Smite+1"],"picked":"hierophant:Encroach","floor":21.0},{"not_picked":["hierophant:PristineSoul","hierophant:RecallFunds"],"picked":"hierophant:Refuge","floor":23.0},{"not_picked":["hierophant:PassingBell+1","hierophant:Kindle"],"picked":"hierophant:Endure+1","floor":25.0},{"not_picked":["hierophant:RustyCrate","hierophant:FieryStrike+1","hierophant:Purify+1"],"picked":"SKIP","floor":27.0},{"not_picked":["hierophant:Encroach","hierophant:SealAway+1","hierophant:RecallFunds+1"],"picked":"SKIP","floor":27.0},{"not_picked":["hierophant:RustyCrate","hierophant:CoinFling+1","hierophant:OrnateBuckler+1"],"picked":"SKIP","floor":28.0},{"not_picked":["hierophant:DisplayOfPower+1","hierophant:Prophecy"],"picked":"hierophant:MirrorShield","floor":29.0},{"not_picked":["hierophant:Flagellation","hierophant:RustyCrate","hierophant:Sermon"],"picked":"SKIP","floor":29.0},{"not_picked":["hierophant:Flagellation","hierophant:RustyCrate","hierophant:Sermon"],"picked":"SKIP","floor":29.0},{"not_picked":["hierophant:ThreeLashes+1","hierophant:Empathy","hierophant:FlamingChariot+1"],"picked":"SKIP","floor":31.0},{"not_picked":["hierophant:DivineIntervention","hierophant:Batter+1"],"picked":"hierophant:Cornucopia","floor":33.0},{"not_picked":["hierophant:Remorse+1","hierophant:Sermon","hierophant:FaithHealing"],"picked":"SKIP","floor":35.0},{"not_picked":["hierophant:DisplayOfPower+1","hierophant:ThreeLashes+1","hierophant:MorningPrayer"],"picked":"SKIP","floor":35.0},{"not_picked":["hierophant:ThreeLashes+1","hierophant:PassingBell+1"],"picked":"hierophant:Bribe","floor":36.0},{"not_picked":["hierophant:Glossolalia","hierophant:Refuge"],"picked":"hierophant:Patience","floor":36.0},{"not_picked":["hierophant:CursedGold","hierophant:Glossolalia+1","hierophant:Empathy"],"picked":"SKIP","floor":37.0},{"not_picked":["hierophant:RustyCrate","hierophant:SealAway+1","hierophant:Encroach"],"picked":"SKIP","floor":37.0},{"not_picked":["hierophant:Community+1","hierophant:Smite+1"],"picked":"hierophant:MirrorShield","floor":38.0},{"not_picked":["hierophant:DisplayOfPower+1","hierophant:CursedGold+1","hierophant:PassingBell+1"],"picked":"SKIP","floor":38.0},{"not_picked":["hierophant:RepressedViolence+1","hierophant:Encroach+1"],"picked":"hierophant:Charity","floor":39.0},{"not_picked":["hierophant:Endure","hierophant:HammerAndAnvil","hierophant:LocustPlague+1"],"picked":"SKIP","floor":39.0},{"not_picked":["hierophant:Chorus","hierophant:Doubloon"],"picked":"hierophant:Remorse+1","floor":42.0},{"not_picked":["hierophant:HammerAndAnvil","hierophant:Community+1"],"picked":"hierophant:Upheaval+1","floor":44.0},{"not_picked":["hierophant:ConvertCurrency","hierophant:RepressedViolence+1","hierophant:FieryStrike+1"],"picked":"SKIP","floor":46.0},{"not_picked":["hierophant:SealAway+1","hierophant:Zeal+1"],"picked":"hierophant:AuricBeam+1","floor":47.0},{"not_picked":["hierophant:RecallFunds","hierophant:DisplayOfPower+1","hierophant:Prophecy+1"],"picked":"SKIP","floor":47.0},{"not_picked":["hierophant:Encroach","hierophant:Sermon"],"picked":"hierophant:Levitation","floor":48.0},{"not_picked":["hierophant:ArchangelShield+1","hierophant:FlamingChariot+1"],"picked":"hierophant:AuricBeam+1","floor":48.0},{"not_picked":["hierophant:Zeal+1","hierophant:RepressedViolence+1"],"picked":"hierophant:Bribe+1","floor":54.0},{"not_picked":["hierophant:DisplayOfPower+1","hierophant:HammerAndAnvil"],"picked":"hierophant:Encroach+1","floor":54.0},{"not_picked":["hierophant:Sermon","hierophant:FieryStrike+1"],"picked":"hierophant:Remorse+1","floor":55}],"player_experience":923760,"relics_obtained":[{"floor":7.0,"key":"Molten Egg 2"},{"floor":9.0,"key":"Potion Belt"},{"floor":10.0,"key":"Omamori"},{"floor":23.0,"key":"Prayer Wheel"},{"floor":23.0,"key":"Calipers"},{"floor":25.0,"key":"MawBank"},{"floor":25.0,"key":"Ice Cream"},{"floor":26.0,"key":"Toy Ornithopter"},{"floor":28.0,"key":"Regal Pillow"},{"floor":28.0,"key":"Smiling Mask"},{"floor":31.0,"key":"The Courier"},{"floor":31.0,"key":"Gambling Chip"},{"floor":41.0,"key":"TungstenRod"},{"floor":42.0,"key":"Blue Candle"},{"floor":42.0,"key":"Bottled Lightning"},{"floor":44.0,"key":"Juzu Bracelet"},{"floor":44.0,"key":"Ancient Tea Set"},{"floor":46.0,"key":"Akabeko"},{"floor":46.0,"key":"Whetstone"},{"floor":55,"key":"Vajra"},{"floor":55,"key":"Blood Vial"}],"event_choices":[{"damage_healed":0.0,"max_hp_gain":0.0,"max_hp_loss":0.0,"gold_gain":0.0,"event_name":"Shining Light","player_choice":"Entered Light","floor":2.0,"gold_loss":0.0,"damage_taken":23.0,"cards_upgraded":["hierophant:Generosity","hierophant:SealAway"]},{"damage_healed":0.0,"max_hp_gain":0.0,"max_hp_loss":0.0,"gold_gain":75.0,"event_name":"World of Goop","player_choice":"Gather Gold","floor":4.0,"gold_loss":0.0,"damage_taken":11.0},{"damage_healed":25.0,"max_hp_gain":0.0,"max_hp_loss":0.0,"gold_gain":0.0,"event_name":"Big Fish","player_choice":"Banana","floor":11.0,"gold_loss":0.0,"damage_taken":0.0},{"damage_healed":0.0,"max_hp_gain":0.0,"max_hp_loss":7.0,"gold_gain":0.0,"event_name":"Golden Idol","player_choice":"Lose Max HP","floor":12.0,"gold_loss":0.0,"damage_taken":0.0,"relics_obtained":["Golden Idol"]},{"cards_removed":["hierophant:Sermon"],"damage_healed":0.0,"max_hp_gain":0.0,"max_hp_loss":0.0,"gold_gain":0.0,"event_name":"Beggar","player_choice":"Gave Gold","floor":19.0,"gold_loss":75.0,"damage_taken":0.0},{"cards_removed":["hierophant:Doubloon"],"damage_healed":0.0,"max_hp_gain":0.0,"max_hp_loss":0.0,"gold_gain":0.0,"event_name":"Back to Basics","player_choice":"Elegance","floor":20.0,"gold_loss":0.0,"damage_taken":0.0},{"damage_healed":0.0,"max_hp_gain":0.0,"max_hp_loss":0.0,"gold_gain":0.0,"event_name":"Mysterious Sphere","player_choice":"Fight","floor":41.0,"gold_loss":0.0,"damage_taken":0.0}],"is_beta":false,"boss_relics":[{"not_picked":["Empty Cage","Velvet Choker"],"picked":"Black Star"},{"not_picked":["Tiny House","Philosopher\u0027s Stone"],"picked":"SlaversCollar"}],"items_purged_floors":[8,45,54],"is_endless":false,"potions_floor_spawned":[3,5,21,23,27,33,35,37,38,39,44,46,55],"ascension_level":20}}