{"host":"Naix","time":1611551375,"event":{"mods":["Act Like it!","Aspiration","BaseMod","Energized Spire","Friendly Minions","Gensokyo","HornydragonMod","Koishi","Minty Spire (QoL Compilation)","Reliquary","Replay The Spire","StSLib","The Alterego","The Jungle","The Poker Player","Waifu the Spire","WarShipGirlsR/’ΩΩ¢…Ÿ≈ÆR mod","Wide Potions","Youmu£®ªÍ∆«—˝√Œ£©","°æ“≈ŒÔø®≈∆°øREMEMod"],"gold_per_floor":[115,115,135,60,110,136,159,179,256,288,288,299,329,345,345,440,440,410,370,340,195,206,206,189,222,245,245,230,230,230,200,200,298,298,268,279,351,323,71,93,73,100,100,104,111,156,199,199,199,235],"floor_reached":51,"language":"ZHS","playtime":3599,"items_purged":["alterego_mod:Defend","Overencumbered"],"score":858,"play_id":"834f72cc-22c2-4746-979b-86ce9b3583fb","local_time":"20210125130935","is_ascension_mode":false,"campfire_choices":[{"data":"alterego_mod:RidiculouslyBig","floor":11.0,"key":"SMITH"},{"data":"alterego_mod:Mirror","floor":15.0,"key":"SMITH"},{"data":"alterego_mod:Rip","floor":30,"key":"SMITH"},{"data":"alterego_mod:Support","floor":32,"key":"SMITH"}],"circlet_count":0,"master_deck":["alterego_mod:Strike","alterego_mod:Strike","alterego_mod:Strike","alterego_mod:Defend","alterego_mod:Defend","alterego_mod:Defend","alterego_mod:Impale","alterego_mod:BigMeatyClaws","alterego_mod:BrynhildrsRune","Gensokyo:MorningMist","alterego_mod:DiscoLights","alterego_mod:ClassAdvantage","alterego_mod:Pet","alterego_mod:Mirror+1","alterego_mod:RidiculouslyBig+1","alterego_mod:1TonWallop","alterego_mod:DestructionOfProperty","alterego_mod:Bunnysuit","alterego_mod:InsideBaseball","Iron Wave","alterego_mod:Rip+1","alterego_mod:Support+1","alterego_mod:Vow","Clash+1","Necronomicurse","ReplayTheSpireMod:Limb From Limb","Run Through","Offering","Shrug It Off","Thunderclap+1","alterego_mod:Cooking+1","alterego_mod:Birthday","alterego_mod:Cushion","alterego_mod:TrashNCrash","Pommel Strike+1","Rage+1","Dropkick"],"relics":["alterego_mod:MasochisticConstitution","REME_ComplimentaryCards","NeowsBlessing","ReplayTheSpireMod:CursedCoin","REME_HandOfSuture","Potion Belt","Blue Candle","ReplayFunnel","InkBottle","aspiration:IroncladSkillbook","Strange Spoon","Replay:Ringing Soul","Unceasing Top","reliquary:PorcupineQuills","Necronomicon","reliquary:RedPaperclip","Replay:Bandana","Kunai","Vajra","reliquary:JackalopeAntler"],"acts_visited":["Exordium","TheCity","TheBeyond"],"potions_floor_usage":[18,23,31,31,33,33,38,42,46,49,50,50,50],"damage_taken":[{"damage":0.0,"enemies":"Small Slimes","floor":1.0,"turns":1.0},{"damage":0.0,"enemies":"Cultist","floor":3.0,"turns":2.0},{"damage":0.0,"enemies":"3 Sentries","floor":6.0,"turns":1.0},{"damage":0.0,"enemies":"2 Louse","floor":8.0,"turns":3.0},{"damage":28.0,"enemies":"Replay:BlueRogue","floor":10.0,"turns":8.0},{"damage":0.0,"enemies":"Lots of Slimes","floor":12.0,"turns":11.0},{"damage":6.0,"enemies":"3 Sentries","floor":13.0,"turns":5.0},{"damage":11.0,"enemies":"Blue Slaver","floor":14.0,"turns":4.0},{"damage":0.0,"enemies":"Slime Boss","floor":16.0,"turns":12.0},{"damage":12,"enemies":"2 Thieves","floor":18,"turns":5},{"damage":7,"enemies":"Shell Parasite","floor":20,"turns":1},{"damage":21,"enemies":"Snake Plant","floor":22,"turns":5},{"damage":0,"enemies":"REME_1_Revenger","floor":23,"turns":4},{"damage":12,"enemies":"Centurion and Healer","floor":24,"turns":5},{"damage":13,"enemies":"Gremlin Leader","floor":25,"turns":2},{"damage":2,"enemies":"Cultist and Chosen","floor":28,"turns":3},{"damage":0,"enemies":"Snake Plant","floor":31,"turns":1},{"damage":87,"enemies":"Pondfish","floor":33,"turns":9},{"damage":6,"enemies":"Orb Walker","floor":35,"turns":2},{"damage":9,"enemies":"3 Shapes","floor":36,"turns":4},{"damage":20,"enemies":"Transient","floor":38,"turns":2},{"damage":9,"enemies":"Giant Head","floor":40,"turns":5},{"damage":6,"enemies":"Jaw Worm Horde","floor":42,"turns":1},{"damage":1,"enemies":"Writhing Mass","floor":44,"turns":4},{"damage":9,"enemies":"Sphere and 2 Shapes","floor":45,"turns":3},{"damage":1,"enemies":"3 Darklings","floor":46,"turns":2},{"damage":5,"enemies":"Jaw Worm Horde","floor":47,"turns":2},{"damage":74,"enemies":"Replay:Hell Engine","floor":50,"turns":9}],"seed_played":"-5297286445525305126","potions_obtained":[{"floor":3.0,"key":"Adrenaline Potion"},{"floor":6.0,"key":"SteroidPotion"},{"floor":8.0,"key":"AttackPotion"},{"floor":12.0,"key":"CultistPotion"},{"floor":19,"key":"Ancient Potion"},{"floor":19,"key":"SneckoOil"},{"floor":19,"key":"Languid Potion"},{"floor":22,"key":"Energy Potion"},{"floor":24,"key":"GamblersBrew"},{"floor":25,"key":"FairyPotion"},{"floor":36,"key":"Explosive Potion"},{"floor":37,"key":"FearPotion"},{"floor":37,"key":"Weak Potion"},{"floor":42,"key":"Languid Potion"},{"floor":45,"key":"BlessingOfTheForge"},{"floor":49,"key":"Fruit Juice"},{"floor":49,"key":"Fire Potion"}],"is_trial":false,"path_per_floor":["M","?","M","$","$","E","T","M","T","E","R","M","E","M","R","B",null,"M","?","M","$","M","E","M","E","T","?","M","T","R","M","R","B",null,"M","M","?","M","$","E","?","M","T","M","M","M","M","?","R","B",null],"character_chosen":"The_Alterego","items_purchased":["ReplayTheSpireMod:CursedCoin","Strange Spoon","Kunai"],"campfire_rested":0,"item_purchase_floors":[5,21,39],"current_hp_per_floor":[70,70,70,70,70,70,70,70,70,50,50,71,66,56,56,63,73,66,66,64,64,48,55,55,50,50,37,43,43,43,50,50,42,98,100,99,60,48,48,52,55,80,80,93,89,96,107,134,139,76],"gold":235,"neow_bonus":"THREE_ENEMY_KILL","is_daily":false,"chose_seed":false,"campfire_upgraded":4,"win_rate":0.0,"timestamp":1611551375,"path_taken":["M","?","?","?","$","E","?","M","T","E","R","M","E","M","R","BOSS","M","?","M","$","M","E","?","E","T","?","M","?","R","M","R","BOSS","M","M","?","M","?","E","?","M","T","M","M","M","?","?","R","BOSS"],"items_purchased_type":["Relic","Relic","Relic"],"build_version":"2020-12-18","purchased_purges":2,"victory":true,"max_hp_per_floor":[70,70,70,70,70,70,70,70,70,71,71,71,72,73,73,73,73,74,74,75,75,76,79,80,84,84,87,91,91,91,94,94,98,98,102,106,109,113,113,114,117,121,121,125,126,130,134,134,139,140],"card_choices":[{"not_picked":["alterego_mod:Punishment","alterego_mod:DustData"],"picked":"alterego_mod:DiscoLights","floor":1.0},{"not_picked":["alterego_mod:Nekomimi","alterego_mod:Support"],"picked":"alterego_mod:Pet","floor":3.0},{"not_picked":["alterego_mod:Undulate","alterego_mod:Stockings"],"picked":"alterego_mod:Mirror","floor":6.0},{"not_picked":["alterego_mod:Maid","alterego_mod:Pet","alterego_mod:Exercise"],"picked":"SKIP","floor":8.0},{"not_picked":["alterego_mod:DiscoLights","alterego_mod:Bloomers"],"picked":"alterego_mod:RidiculouslyBig","floor":10.0},{"not_picked":["alterego_mod:DeftHands","alterego_mod:Complex"],"picked":"alterego_mod:1TonWallop","floor":12.0},{"not_picked":["alterego_mod:SuperDuperMasochism","alterego_mod:MaintainEyeContact"],"picked":"alterego_mod:DestructionOfProperty","floor":13.0},{"not_picked":["alterego_mod:GoddessCore","alterego_mod:1TonWallop"],"picked":"alterego_mod:Bunnysuit","floor":14.0},{"not_picked":["alterego_mod:Valkyrie","alterego_mod:Palingenesis"],"picked":"alterego_mod:InsideBaseball","floor":16.0},{"not_picked":["Seeing Red","True Grit+1","alterego_mod:RocketPunch"],"picked":"Iron Wave","floor":18},{"not_picked":["alterego_mod:BiFurious","Iron Wave+1","Body Slam"],"picked":"alterego_mod:Rip","floor":20},{"not_picked":["Iron Wave","Massacre+1","Burning Pact"],"picked":"alterego_mod:Support","floor":22},{"not_picked":["alterego_mod:Birthday","alterego_mod:Lingerie","alterego_mod:Cooking+1"],"picked":"alterego_mod:Vow","floor":23},{"not_picked":["Power Through+1","Rupture","alterego_mod:RocketPunch","ReplayTheSpireMod:Strike From Hell"],"picked":"SKIP","floor":24},{"not_picked":["alterego_mod:Table","Intimidate+1","alterego_mod:DeftHands"],"picked":"Clash+1","floor":25},{"not_picked":["alterego_mod:PresenceConcealment","Thunderclap","alterego_mod:Clones"],"picked":"ReplayTheSpireMod:Limb From Limb","floor":28},{"not_picked":["alterego_mod:Clap+1","Body Slam","Massacre"],"picked":"Run Through","floor":31},{"not_picked":["Juggernaut","Berserk","alterego_mod:GIGAMILK"],"picked":"Offering","floor":33},{"not_picked":["ReplayTheSpireMod:Corrosion Curse","Dark Embrace+1","Anger+1"],"picked":"Shrug It Off","floor":35},{"not_picked":["Clothesline+1","True Grit+1","Ghostly Armor"],"picked":"Thunderclap+1","floor":36},{"not_picked":["alterego_mod:Skirt+1","Seeing Red","Metallicize+1"],"picked":"alterego_mod:Cooking+1","floor":37},{"not_picked":["alterego_mod:Pet+1","REME_TheLastStrike","Sword Boomerang"],"picked":"alterego_mod:Birthday","floor":38},{"not_picked":["Shockwave+1","alterego_mod:Undulate+1","alterego_mod:BoobPocket","ReplayTheSpireMod:Strike From Hell+1"],"picked":"SKIP","floor":40},{"not_picked":[],"picked":"alterego_mod:Cushion","floor":41},{"not_picked":["Anger","Uppercut","alterego_mod:Rip"],"picked":"alterego_mod:TrashNCrash","floor":42},{"not_picked":["alterego_mod:IndependentAction+1","Twin Strike+1","Run Through"],"picked":"Pommel Strike+1","floor":44},{"not_picked":["alterego_mod:PerceptionDisorder+1","alterego_mod:Nekomimi","alterego_mod:Punishment","Iron Wave"],"picked":"SKIP","floor":45},{"not_picked":["Iron Wave+1","alterego_mod:DeftHands","alterego_mod:Table"],"picked":"Rage+1","floor":46},{"not_picked":["Clothesline+1","Seeing Red+1","alterego_mod:DiscoLights"],"picked":"Dropkick","floor":47}],"player_experience":715108,"relics_obtained":[{"floor":6.0,"key":"REME_HandOfSuture"},{"floor":7.0,"key":"Potion Belt"},{"floor":9.0,"key":"Blue Candle"},{"floor":10.0,"key":"ReplayFunnel"},{"floor":13.0,"key":"InkBottle"},{"floor":23,"key":"Replay:Ringing Soul"},{"floor":25,"key":"Unceasing Top"},{"floor":26,"key":"reliquary:PorcupineQuills"},{"floor":27,"key":"Necronomicon"},{"floor":29,"key":"reliquary:SculptingSteel"},{"floor":37,"key":"Replay:Bandana"},{"floor":40,"key":"Vajra"},{"floor":43,"key":"reliquary:JackalopeAntler"}],"event_choices":[{"damage_healed":0.0,"max_hp_gain":0.0,"max_hp_loss":0.0,"gold_gain":0.0,"cards_transformed":["alterego_mod:Strike"],"event_name":"Transmorgrifier","player_choice":"Transformed","floor":2.0,"gold_loss":0.0,"damage_taken":0.0,"cards_obtained":["alterego_mod:ClassAdvantage"]},{"damage_healed":0,"gold_gain":0,"player_choice":"Bought 3 Potions","damage_taken":0,"max_hp_gain":0,"max_hp_loss":0,"event_name":"The Woman in Blue","floor":19,"gold_loss":0},{"damage_healed":0,"gold_gain":0,"player_choice":"Obtained Book","damage_taken":16,"max_hp_gain":0,"max_hp_loss":0,"event_name":"Cursed Tome","floor":27,"gold_loss":0},{"damage_healed":27,"gold_gain":0,"player_choice":"Full Heal","damage_taken":0,"max_hp_gain":0,"max_hp_loss":0,"event_name":"Wheel of Change","floor":48,"gold_loss":0}],"is_beta":true,"boss_relics":[{"not_picked":["energizedSpire:EnergizedDie","aspiration:WatcherSkillbook"],"picked":"aspiration:IroncladSkillbook"},{"not_picked":["Philosopher\u0027s Stone","aspiration:PoetsPen_weak"],"picked":"reliquary:RedPaperclip"}],"items_purged_floors":[4,5],"is_endless":false,"potions_floor_spawned":[3,6,8,12,22,24,25,36,42,45],"ascension_level":0}}