{"host":"c2bue2hyafvtxka5","time":1611555432,"event":{"mods":["BaseMod","Hermit","Minty Spire (QoL Compilation)","Replay The Spire","StSLib","SuperFastMode","The Cursed","The Disciple","The Necromancer","The Servant 0.9.4"],"gold_per_floor":[115,34,46,59,59,86,86,98,170,170,202,221,232,247,247,344,344,356,356,356,356,371,397,262,288,288,307,338,197,197,197,197,294,294,313,325,245,263,281,281,298,310,333,333,383,399,399,431,431,431],"floor_reached":51,"language":"ENG","playtime":13800,"items_purged":["Strike_W","Strike_W"],"score":1034,"play_id":"aa497aae-c6a6-4c6a-bdb9-ac28bafc35bb","local_time":"20210125011712","is_ascension_mode":true,"campfire_choices":[{"data":"Uncharnel","floor":7.0,"key":"SMITH"},{"data":"Spectral_Armor","floor":10.0,"key":"SMITH"},{"data":"Summon_Undead_Army","floor":15.0,"key":"SMITH"},{"floor":47,"key":"DIG"},{"floor":49,"key":"DIG"}],"circlet_count":0,"master_deck":["Strike_W","Strike_W","Defend_W","Defend_W","Defend_W","Defend_W","Negative_Energy_Arrows","Bone_Wall","Uncharnel+1","Bone_Armor","Spectral_Armor","Spectral_Armor+1","Summon_Undead_Army+1","Bone_Armor","Summon_Vampire_Lady","Bone_Armory+1","Summon_Lich","Uncharnel+1","Bone_Armory","Bones_to_Steel","Skeleton_Dragon","Parasite"],"relics":["Coffee Dripper","Thread and Needle","Ornamental Fan","ReplayFunnel","Runic Pyramid","Juzu Bracelet","Bag of Preparation","Simple Rune","Replay:Bottled Snecko","Pen Nib","Nloth\u0027s Gift","Replay:Grab Bag","Fusion Hammer","Painkiller Herb","SlaversCollar","Omamori","Mummified Hand","Shovel","Quantum Egg","Mirror","CaptainsWheel"],"acts_visited":["Exordium","TheCity","TheBeyond"],"potions_floor_usage":[25,45],"damage_taken":[{"damage":0.0,"enemies":"Small Slimes","floor":1.0,"turns":3.0},{"damage":0.0,"enemies":"Jaw Worm","floor":3.0,"turns":4.0},{"damage":3.0,"enemies":"2 Louse","floor":4.0,"turns":3.0},{"damage":38.0,"enemies":"Lagavulin","floor":6.0,"turns":10.0},{"damage":3.0,"enemies":"Red Slaver","floor":8.0,"turns":3.0},{"damage":15.0,"enemies":"Gremlin Nob","floor":11.0,"turns":6.0},{"damage":0.0,"enemies":"Blue Slaver","floor":12.0,"turns":5.0},{"damage":0.0,"enemies":"Exordium Wildlife","floor":13.0,"turns":6.0},{"damage":0.0,"enemies":"Large Slime","floor":14.0,"turns":5.0},{"damage":0.0,"enemies":"The Guardian","floor":16.0,"turns":11.0},{"damage":0,"enemies":"Spheric Guardian","floor":18,"turns":5},{"damage":16,"enemies":"3 Byrds","floor":22,"turns":6},{"damage":5,"enemies":"Replay:Snechameleon","floor":23,"turns":7},{"damage":26,"enemies":"Gremlin Leader","floor":25,"turns":8},{"damage":0,"enemies":"Snecko","floor":27,"turns":5},{"damage":56,"enemies":"Slavers","floor":28,"turns":7},{"damage":0,"enemies":"Champ","floor":33,"turns":13},{"damage":0,"enemies":"Orb Walker","floor":35,"turns":4},{"damage":16,"enemies":"3 Shapes","floor":36,"turns":4},{"damage":26,"enemies":"Transient","floor":38,"turns":5},{"damage":12,"enemies":"Spire Growth","floor":39,"turns":5},{"damage":9,"enemies":"Writhing Mass","floor":41,"turns":5},{"damage":37,"enemies":"3 Darklings","floor":42,"turns":5},{"damage":0,"enemies":"Mind Bloom Boss Battle","floor":45,"turns":5},{"damage":3,"enemies":"Jaw Worm Horde","floor":46,"turns":4},{"damage":1,"enemies":"Giant Head","floor":48,"turns":10},{"damage":0,"enemies":"Time Eater","floor":50,"turns":10}],"seed_played":"2827188459567361319","potions_obtained":[{"floor":3.0,"key":"Elixir"},{"floor":8.0,"key":"SteroidPotion"},{"floor":12.0,"key":"CultistPotion"},{"floor":16.0,"key":"Toxic Potion"},{"floor":28,"key":"LiquidMemories"},{"floor":41,"key":"FairyPotion"},{"floor":45,"key":"FearPotion"}],"is_trial":false,"path_per_floor":["M","$","M","M","$","E","R","M","T","R","E","M","M","M","R","B",null,"M","?","T","?","M","E","$","E","T","M","E","$","?","?","R","B",null,"?","?","T","?","?","T","?","?","T","T","?","?","T","E","T","B",null],"character_chosen":"NECROMANCER","items_purchased":["Uncharnel","Bone_Armory+1","Summon_Lich","Bone_Armory","Bones_to_Steel"],"campfire_rested":0,"item_purchase_floors":[2,24,29,37,37],"current_hp_per_floor":[75,75,75,72,72,34,34,31,31,31,16,16,16,16,16,16,75,75,75,75,61,48,64,64,62,62,77,39,39,39,39,39,69,80,80,73,73,59,56,56,53,25,25,25,31,37,37,54,54,75],"gold":431,"neow_bonus":"BOSS_RELIC","is_daily":false,"chose_seed":false,"campfire_upgraded":3,"win_rate":0.0,"timestamp":1611555432,"path_taken":["M","$","M","M","$","E","R","M","T","R","E","M","M","M","R","BOSS","M","?","?","?","M","E","$","E","T","M","E","$","?","?","R","BOSS","?","?","T","?","?","T","?","?","T","?","?","?","T","E","T","BOSS"],"items_purchased_type":["Card","Card","Card","Card","Card"],"build_version":"2020-12-22","purchased_purges":2,"victory":true,"max_hp_per_floor":[75,75,75,75,75,75,75,75,75,75,75,75,75,75,75,75,75,75,75,75,80,80,80,80,80,80,80,80,80,80,80,80,80,80,80,80,80,80,80,80,80,80,80,80,80,80,80,80,80,80],"card_choices":[{"not_picked":["Death_Coil","Strike_from_Beyond","Shackles_Of_Pain"],"picked":"SKIP","floor":1.0},{"not_picked":["Bone_Shift","Spectral_Walk"],"picked":"Bone_Armor","floor":3.0},{"not_picked":["Scare","Bone_Shift"],"picked":"Spectral_Armor","floor":4.0},{"not_picked":["Blood_Curse","Negative_Energy_Sphere","Life_Tap"],"picked":"SKIP","floor":6.0},{"not_picked":["Bone_Armor","Blood_Whip"],"picked":"Spectral_Armor","floor":8.0},{"not_picked":["Negative_Energy_Burst","Negative_Energy_Javelin","Death_Knell"],"picked":"SKIP","floor":11.0},{"not_picked":["Uncharnel","Negative_Energy_Sphere"],"picked":"Summon_Undead_Army","floor":12.0},{"not_picked":["Shackles_Of_Pain","Negative_Energy_Shield"],"picked":"Bone_Armor","floor":13.0},{"not_picked":["Detonate_Bones","Bones_to_Steel","Negative_Energy_Javelin"],"picked":"SKIP","floor":14.0},{"not_picked":["Skeleton_Dragon","Detonate_Bones"],"picked":"Summon_Vampire_Lady","floor":16.0},{"not_picked":["Negative_Energy_Shield","Chill_Blood","Bone_Shift"],"picked":"SKIP","floor":18},{"not_picked":["Toxic_Smoke_Screen","Spectral_Walk","Vampiric_Strike+1"],"picked":"SKIP","floor":22},{"not_picked":["Bone_Spikes+1","Bone_Shift","Scare+1"],"picked":"SKIP","floor":23},{"not_picked":["Siphon_Strength","Blood_Magic","Epidemic"],"picked":"SKIP","floor":25},{"not_picked":["Bone_Spikes","Blood_Whip+1","Bone_Shift"],"picked":"SKIP","floor":27},{"not_picked":["Exploit","Negative_Energy_Burst","Epidemic"],"picked":"SKIP","floor":28},{"not_picked":["Violent_Necrosis+1","Blood_Curse+1","Negative_Energy_Mist"],"picked":"SKIP","floor":35},{"not_picked":["Consume_Illness+1","Thousand_Bone_Knives+1"],"picked":"Uncharnel+1","floor":36},{"not_picked":["Negative_Energy_Sphere+1","Negative_Energy_Shield+1"],"picked":"Skeleton_Dragon","floor":38},{"not_picked":["Vampiric_Strike+1","Deaths_Shadow","Blood_Is_Power+1"],"picked":"SKIP","floor":39},{"not_picked":["Negative_Energy_Burst+1","Vampiric_Strike","Epidemic+1"],"picked":"SKIP","floor":41},{"not_picked":["Bones_to_Steel+1","Chill_Blood+1","Life_Tap"],"picked":"SKIP","floor":42},{"not_picked":["Life_Drain+1","Vampiric_Strike","Bone_Armor+1"],"picked":"SKIP","floor":46},{"not_picked":["Blood_Magic","Necrotic_Claws+1","Bone_Bullets+1"],"picked":"SKIP","floor":48}],"player_experience":99032,"relics_obtained":[{"floor":6.0,"key":"Thread and Needle"},{"floor":9.0,"key":"Ornamental Fan"},{"floor":11.0,"key":"ReplayFunnel"},{"floor":20,"key":"Juzu Bracelet"},{"floor":23,"key":"Bag of Preparation"},{"floor":25,"key":"Simple Rune"},{"floor":26,"key":"Replay:Bottled Snecko"},{"floor":28,"key":"Pen Nib"},{"floor":43,"key":"Omamori"},{"floor":44,"key":"Mummified Hand"},{"floor":45,"key":"Shovel"},{"floor":47,"key":"Quantum Egg"},{"floor":48,"key":"Mirror"},{"floor":49,"key":"CaptainsWheel"}],"event_choices":[{"damage_healed":0,"gold_gain":0,"player_choice":"Inject Mutagens","damage_taken":0,"relics_obtained":["MutagenicStrength"],"max_hp_gain":0,"max_hp_loss":0,"event_name":"Drug Dealer","floor":19,"gold_loss":0},{"damage_healed":0,"gold_gain":0,"player_choice":"Shed Blood","damage_taken":19,"max_hp_gain":5,"max_hp_loss":0,"event_name":"Forgotten Altar","floor":21,"gold_loss":0},{"damage_healed":0,"gold_gain":0,"player_choice":"Simplicity","damage_taken":0,"max_hp_gain":0,"max_hp_loss":0,"event_name":"Back to Basics","floor":30,"gold_loss":0,"cards_upgraded":["Strike_W","Strike_W","Defend_W","Defend_W","Defend_W","Defend_W"]},{"damage_healed":0,"gold_gain":0,"player_choice":"Traded Relic","damage_taken":0,"relics_obtained":["Nloth\u0027s Gift"],"max_hp_gain":0,"max_hp_loss":0,"event_name":"N\u0027loth","floor":31,"relics_lost":["MutagenicStrength"],"gold_loss":0},{"damage_healed":0,"gold_gain":0,"player_choice":"Fight","damage_taken":0,"max_hp_gain":0,"max_hp_loss":0,"event_name":"MindBloom","floor":45,"gold_loss":0}],"is_beta":false,"boss_relics":[{"not_picked":["SacredBark","Black Star"],"picked":"Runic Pyramid"},{"not_picked":["Calling Bell","Replay:Wanted Poster"],"picked":"Replay:Grab Bag"},{"not_picked":["Replay:Bronze Core","ReplayTheSpireMod:DimensionalGlitch"],"picked":"Fusion Hammer"},{"not_picked":["ReplayTheSpireMod:Onyx Gauntlets","Velvet Choker"],"picked":"Painkiller Herb"},{"not_picked":["Replay:Drink Me","Snecko Eye"],"picked":"SlaversCollar"}],"items_purged_floors":[24,29],"is_endless":false,"potions_floor_spawned":[3,8,12,14,16,28,35,39,41,45,48],"ascension_level":3}}