{"host":"up2ld7cwom0c6tq3","time":1611559660,"event":{"mods":["Act Like it!","BaseMod","Conspire","Downfall","Gensokyo","Marisa£®ÏF”Í°°ƒß¿Ì…≥£©","Minty Spire (QoL Compilation)","StSLib","The Blackbeard","The Mystic","The Servant 0.9.4","Yuyuko"],"gold_per_floor":[109,121,138,150,163,191,191,220,244,259,259,292,327,346,346,451,451,470,489,506,526,546,571,615,633,660,702,702,736,766,779,779,883,883,898,898,911,929,939,981,992,1032,1032,1062,416,416,416],"floor_reached":46,"language":"ZHS","playtime":6780,"items_purged":[],"score":1021,"play_id":"49b3d94b-08d0-4e33-86cc-65d04f1de5e2","local_time":"20210125152740","daily_mods":["SealedDeck","Vintage","Heirloom","Time Dilation","Flight","downfall:Jewelcrafting","downfall:ChampStances"],"is_ascension_mode":false,"campfire_choices":[{"data":"The Forgotten Winter","floor":7,"key":"SMITH"},{"data":"Ghostdom Sakura","floor":11,"key":"SMITH"},{"data":"Fondling of Papilio","floor":15,"key":"SMITH"},{"data":"Revive The Butterflies","floor":28,"key":"SMITH"},{"data":"Phantom Butterflies","floor":32,"key":"SMITH"}],"circlet_count":0,"master_deck":["Guardian:ExploitGems","Guardian:ExploitGems","Steamed Phantom","Dying Butterflies","Ghostdom Sakura+1","Elegance","Phantom Butterflies+1","The Forgotten Winter+1","The Nether","Dancing Soul","Sweet of Phantom","Fondling of Papilio+1","Snowing Sakura","Unstable Ward","Linger over Flower","Full Inky Sakura","Bloom","Revive The Butterflies+1","Reunion after Death","Postpone Bloom+1","Lunch+1","Gensokyo:TarnishedGold"],"relics":["Coronal","Yuyuko\u0027s fan","Guardian:PickAxe","champ:ChampStancesModRelic","mysticmod:CrystalBall","Ginger","Lantern","conspire:InfiniteJournal","Happy Flower","Orichalcum","Darkstone Periapt","conspire:GiftBox","Lizard Tail","Centennial Puzzle","sneckomod:BlankCard","Anchor","Ghost Lamp","conspire:Flyswatter","bronze:MakeshiftBattery","Bird Faced Urn","Bag of Preparation","champ:DeflectingBracers","Kunai","conspire:TopHat","CeramicFish","Regal Pillow","Akabeko","Strawberry","Bottled Lightning","Oddly Smooth Stone","Eternal Feather","Black Star","Pocketwatch","PreservedInsect","Singing Bowl","Dead Branch","champ:DuelingGlove","Slimebound:StickyStick","Peace Pipe","Trap Lamp","Mercury Hourglass","Mummified Hand","Toy Ornithopter","bronze:BronzeIdol","Medical Kit","conspire:TreasureMap","Sling","Toolbox"],"acts_visited":["Exordium","Gensokyo:Gensokyoer","Gensokyo:Gensokyoest"],"potions_floor_usage":[6,13,24],"damage_taken":[{"damage":2,"enemies":"Cultist","floor":1,"turns":2},{"damage":25,"enemies":"2 Louse","floor":2,"turns":2},{"damage":20,"enemies":"Jaw Worm","floor":3,"turns":2},{"damage":30,"enemies":"Gremlin Gang","floor":4,"turns":3},{"damage":25,"enemies":"Blue Slaver","floor":5,"turns":3},{"damage":18,"enemies":"Gremlin Nob","floor":6,"turns":2},{"damage":11,"enemies":"Lagavulin","floor":8,"turns":4},{"damage":18,"enemies":"Large Slime","floor":10,"turns":2},{"damage":5,"enemies":"Gremlin Nob","floor":12,"turns":3},{"damage":5,"enemies":"3 Sentries","floor":13,"turns":5},{"damage":3,"enemies":"3 Louse","floor":14,"turns":3},{"damage":3,"enemies":"Hexaghost","floor":16,"turns":3},{"damage":16,"enemies":"Gensokyo:2_Gloops","floor":18,"turns":1},{"damage":2,"enemies":"Gensokyo:CosmicMonolith","floor":19,"turns":2},{"damage":9,"enemies":"Gensokyo:Slime_Group","floor":20,"turns":3},{"damage":3,"enemies":"Gensokyo:Chomper_and_Gloop","floor":21,"turns":3},{"damage":16,"enemies":"Gensokyo:Swordslinger","floor":22,"turns":1},{"damage":11,"enemies":"Gensokyo:Tenshi","floor":23,"turns":1},{"damage":9,"enemies":"Gensokyo:Koishi","floor":24,"turns":4},{"damage":8,"enemies":"Gensokyo:Tenshi","floor":27,"turns":4},{"damage":11,"enemies":"Gensokyo:Koishi","floor":29,"turns":3},{"damage":5,"enemies":"Gensokyo:Tenshi","floor":30,"turns":1},{"damage":11,"enemies":"Gensokyo:Monolith_and_Dog","floor":31,"turns":1},{"damage":7,"enemies":"Gensokyo:Eiki","floor":33,"turns":1},{"damage":11,"enemies":"Gensokyo:AncientGuardian","floor":35,"turns":1},{"damage":1,"enemies":"Gensokyo:3_Bats","floor":37,"turns":1},{"damage":1,"enemies":"Gensokyo:AtlasGolem","floor":38,"turns":1},{"damage":1,"enemies":"Gensokyo:Dusk_and_Dawn","floor":39,"turns":1},{"damage":1,"enemies":"Gensokyo:Marisa","floor":40,"turns":1},{"damage":1,"enemies":"Gensokyo:Sharpion","floor":41,"turns":1},{"damage":11,"enemies":"Gensokyo:Doremy","floor":42,"turns":1},{"damage":11,"enemies":"Gensokyo:Marisa","floor":44,"turns":1},{"damage":0,"enemies":"Gensokyo:Kasen","floor":46,"turns":1}],"seed_played":"631387538900832712","potions_obtained":[{"floor":1,"key":"ColorlessPotion"},{"floor":3,"key":"CultistPotion"},{"floor":5,"key":"Swift Potion"},{"floor":16,"key":"champ:CounterPotion"},{"floor":18,"key":"Fire Potion"},{"floor":37,"key":"bronze:BurnAndBuffPotion"},{"floor":44,"key":"GamblersBrew"}],"is_trial":true,"path_per_floor":["M","M","M","M","M","E","R","E","T","M","R","E","E","M","R","B",null,"M","M","M","M","M","E","E","R","T","E","R","E","E","M","R","B",null,"M","?","M","M","M","E","M","E","T","E","COS","E"],"character_chosen":"YUYOKO","items_purchased":[],"campfire_rested":0,"item_purchase_floors":[],"current_hp_per_floor":[38,40,40,30,40,22,22,36,36,40,40,37,35,37,37,37,40,40,38,37,37,40,40,36,36,36,43,43,39,47,47,47,47,47,47,47,22,34,41,46,37,47,47,49,49,49,49],"gold":416,"neow_bonus":"","is_daily":false,"chose_seed":false,"campfire_upgraded":5,"win_rate":0.0,"timestamp":1611559660,"path_taken":["M","M","M","M","M","E","R","E","T","?","R","E","E","M","R","BOSS","M","M","M","M","M","E","E","R","T","E","R","E","E","M","R","BOSS","M","?","M","M","M","E","M","E","T","E","COS","E"],"items_purchased_type":[],"build_version":"2020-12-22","purchased_purges":0,"victory":false,"max_hp_per_floor":[40,40,40,40,40,40,40,40,40,40,40,40,40,40,40,40,40,40,40,40,40,40,40,40,40,40,47,47,47,47,47,47,47,47,47,47,47,47,47,47,47,47,47,49,49,49,49],"card_choices":[{"not_picked":["Ghost Spot","Home of Suicide"],"picked":"Snowing Sakura","floor":6},{"not_picked":["Final of Final","Dark Wind"],"picked":"Unstable Ward","floor":6},{"not_picked":["City of Death","Reverse The Screen","Suicide"],"picked":"SKIP","floor":8},{"not_picked":["Gone","Phantom Butterflies","Immigrant Phantom"],"picked":"SKIP","floor":12},{"not_picked":["Gather the Spring","Gauzy Sakura"],"picked":"Linger over Flower","floor":13},{"not_picked":["The Way to Death","Ghost Lead"],"picked":"Full Inky Sakura","floor":16},{"not_picked":["Suicide","End of Faramita","Become Phantom"],"picked":"SKIP","floor":23},{"not_picked":["Monster Cherry Tree","Dancing Butterflies"],"picked":"Bloom","floor":24},{"not_picked":["The Forgotten Winter","Dark Wind"],"picked":"Revive The Butterflies","floor":27},{"not_picked":["Infinite Sin+1","Elegance","Song of Papilio"],"picked":"SKIP","floor":29},{"not_picked":["Infinite Sin+1","Elegance","Song of Papilio"],"picked":"SKIP","floor":29},{"not_picked":["End of Faramita+1","All Wander","Elegance"],"picked":"SKIP","floor":30},{"not_picked":["Mirror of Mind","Infinite Reviving"],"picked":"Reunion after Death","floor":33},{"not_picked":["Become Phantom","Spear of Papilio"],"picked":"Postpone Bloom+1","floor":40},{"not_picked":["Wandering Soul","Snowing Sakura"],"picked":"Lunch+1","floor":42},{"not_picked":["Gather the Spring+1","Ghostdom Sakura+1","All Wander"],"picked":"Singing Bowl","floor":44}],"player_experience":63050,"relics_obtained":[{"floor":1,"key":"Lantern"},{"floor":2,"key":"conspire:InfiniteJournal"},{"floor":3,"key":"Happy Flower"},{"floor":4,"key":"Orichalcum"},{"floor":5,"key":"Darkstone Periapt"},{"floor":6,"key":"conspire:GiftBox"},{"floor":8,"key":"Lizard Tail"},{"floor":9,"key":"Centennial Puzzle"},{"floor":10,"key":"sneckomod:BlankCard"},{"floor":12,"key":"Anchor"},{"floor":13,"key":"Ghost Lamp"},{"floor":14,"key":"conspire:Flyswatter"},{"floor":18,"key":"Bird Faced Urn"},{"floor":19,"key":"Bag of Preparation"},{"floor":20,"key":"champ:DeflectingBracers"},{"floor":21,"key":"Kunai"},{"floor":22,"key":"conspire:TopHat"},{"floor":23,"key":"CeramicFish"},{"floor":24,"key":"Regal Pillow"},{"floor":26,"key":"Akabeko"},{"floor":27,"key":"Strawberry"},{"floor":29,"key":"Bottled Lightning"},{"floor":30,"key":"Oddly Smooth Stone"},{"floor":31,"key":"Eternal Feather"},{"floor":35,"key":"Pocketwatch"},{"floor":37,"key":"PreservedInsect"},{"floor":38,"key":"Singing Bowl"},{"floor":39,"key":"Dead Branch"},{"floor":40,"key":"champ:DuelingGlove"},{"floor":40,"key":"Slimebound:StickyStick"},{"floor":41,"key":"Peace Pipe"},{"floor":42,"key":"Trap Lamp"},{"floor":42,"key":"Mercury Hourglass"},{"floor":43,"key":"Mummified Hand"},{"floor":44,"key":"Toy Ornithopter"},{"floor":44,"key":"bronze:BronzeIdol"}],"event_choices":[{"damage_healed":0,"gold_gain":0,"player_choice":"Leave","damage_taken":0,"max_hp_gain":0,"max_hp_loss":0,"event_name":"conspire:Investor","floor":36,"gold_loss":0}],"is_beta":false,"boss_relics":[{"not_picked":["Busted Crown","Ectoplasm"],"picked":"bronze:MakeshiftBattery"},{"not_picked":["Fusion Hammer","conspire:SpecialSausage"],"picked":"Black Star"}],"items_purged_floors":[],"is_endless":true,"potions_floor_spawned":[1,3,5,10,13,16,18,19,22,24,30,37,39,41,44],"killed_by":"Gensokyo:Kasen","ascension_level":0}}