{"host":"yvb207ks1sg3cxef","time":1611564080,"event":{"mods":["2.2 Compatiblity","BaseMod","Bestiary","Colored Powertips","Minty Spire (QoL Compilation)","Permanent Neow","Quick Restart","Relic Stats","StSLib"],"gold_per_floor":[18,33,33,33,33,33,74,92,92,127,141,141,172,197,197,318,318,331,430,449,5,5,40,40,81,81,102,141,141,141,161,161,284,284,303,37,60,60,74,74,108,159,239,282,294,337,349,402,414,426,438,450,17,57,57],"floor_reached":56,"language":"ENG","playtime":7596,"items_purged":["Strike_R+1","Strike_R+1"],"score":1468,"play_id":"1a1964a8-a7e7-4f8b-a4a4-d2a2779a22f0","local_time":"20210125141120","is_ascension_mode":true,"campfire_choices":[{"data":"Pommel Strike","floor":6,"key":"SMITH"},{"data":"True Grit","floor":12,"key":"SMITH"},{"data":"Dark Embrace","floor":15,"key":"SMITH"},{"floor":24,"key":"REST"},{"data":"Inflame","floor":30,"key":"SMITH"},{"data":"Reaper","floor":32,"key":"SMITH"},{"data":"Master of Strategy","floor":40,"key":"SMITH"},{"floor":45,"key":"DIG"},{"floor":49,"key":"RECALL"},{"floor":52,"key":"DIG"}],"circlet_count":0,"master_deck":["Strike_R+1","Strike_R+1","Strike_R+1","Defend_R+1","Defend_R+1","Defend_R+1","Defend_R+1","Bash","Apotheosis+1","Pommel Strike+1","Headbutt","True Grit+1","Flame Barrier+1","Dark Embrace+1","Inflame+1","Spot Weakness+1","Reaper","Heavy Blade","Juggernaut","Sever Soul","Reaper+1","Corruption","Master of Strategy+1","Spot Weakness+1","Evolve+1","True Grit+1","Heavy Blade+1","Burning Pact+1","Metallicize+1","Thunderclap+1","Shrug It Off","True Grit+1"],"relics":["Burning Blood","Golden Idol","Toy Ornithopter","Question Card","StoneCalendar","Lantern","Mark of Pain","Du-Vu Doll","Shuriken","Bronze Scales","Tiny Chest","Meat on the Bone","Pantograph","Black Star","Shovel","Regal Pillow","Frozen Egg 2","MawBank","StrikeDummy","Gremlin Horn","Orichalcum","War Paint","Potion Belt","Incense Burner","InkBottle","Orrery","Ornamental Fan","Bottled Tornado"],"acts_visited":["Exordium","TheCity","TheBeyond","TheEnding"],"potions_floor_usage":[10,16,20,23,27,28,31,44,50,54,54,55],"damage_taken":[{"damage":8,"enemies":"Small Slimes","floor":1,"turns":4},{"damage":6,"enemies":"2 Louse","floor":2,"turns":3},{"damage":12,"enemies":"Lagavulin","floor":7,"turns":6},{"damage":4,"enemies":"Jaw Worm","floor":8,"turns":3},{"damage":14,"enemies":"Gremlin Nob","floor":10,"turns":3},{"damage":0,"enemies":"Large Slime","floor":11,"turns":7},{"damage":3,"enemies":"Lagavulin","floor":13,"turns":8},{"damage":0,"enemies":"2 Fungi Beasts","floor":14,"turns":3},{"damage":6,"enemies":"The Guardian","floor":16,"turns":14},{"damage":34,"enemies":"Shell Parasite","floor":18,"turns":7},{"damage":33,"enemies":"2 Thieves","floor":20,"turns":3},{"damage":52,"enemies":"Gremlin Leader","floor":23,"turns":7},{"damage":29,"enemies":"Book of Stabbing","floor":25,"turns":5},{"damage":15,"enemies":"Centurion and Healer","floor":27,"turns":6},{"damage":35,"enemies":"Slavers","floor":28,"turns":7},{"damage":28,"enemies":"Snecko","floor":31,"turns":3},{"damage":89,"enemies":"Automaton","floor":33,"turns":10},{"damage":71,"enemies":"3 Darklings","floor":35,"turns":7},{"damage":28,"enemies":"3 Shapes","floor":37,"turns":5},{"damage":27,"enemies":"Spire Growth","floor":39,"turns":4},{"damage":67,"enemies":"Giant Head","floor":41,"turns":8},{"damage":19,"enemies":"Reptomancer","floor":44,"turns":6},{"damage":48,"enemies":"Giant Head","floor":46,"turns":7},{"damage":56,"enemies":"Reptomancer","floor":48,"turns":6},{"damage":90,"enemies":"Awakened One","floor":50,"turns":8},{"damage":50,"enemies":"Shield and Spear","floor":54,"turns":5},{"damage":110,"enemies":"The Heart","floor":55,"turns":8}],"seed_played":"2618718502141652857","potions_obtained":[{"floor":1,"key":"GamblersBrew"},{"floor":7,"key":"AttackPotion"},{"floor":8,"key":"SmokeBomb"},{"floor":13,"key":"Block Potion"},{"floor":14,"key":"FairyPotion"},{"floor":18,"key":"FearPotion"},{"floor":20,"key":"Weak Potion"},{"floor":27,"key":"DistilledChaos"},{"floor":28,"key":"SneckoOil"},{"floor":31,"key":"PowerPotion"},{"floor":37,"key":"DistilledChaos"},{"floor":48,"key":"Fire Potion"}],"is_trial":false,"path_per_floor":["M","M","?","?","$","R","E","M","T","E","M","R","E","M","R","B",null,"M","?","M","$","?","E","R","E","T","M","E","?","R","M","R","B",null,"M","$","M","$","M","R","E","T","T","E","R","E","?","E","R","B",null,"R","$","E","B",null],"character_chosen":"IRONCLAD","items_purchased":["Du-Vu Doll","Juggernaut","Master of Strategy","Orrery","DistilledChaos","DistilledChaos","Shrug It Off"],"campfire_rested":1,"item_purchase_floors":[21,21,36,53,53,53,53],"current_hp_per_floor":[78,78,58,42,42,42,36,38,38,35,41,41,44,50,50,55,80,65,65,43,43,43,16,40,17,17,47,52,52,52,67,67,28,80,49,49,75,75,66,66,36,36,36,78,78,64,64,76,76,64,76,76,76,76,29],"gold":57,"neow_bonus":"RANDOM_COLORLESS_2","is_daily":false,"chose_seed":false,"campfire_upgraded":6,"win_rate":0.0,"timestamp":1611564080,"path_taken":["M","M","?","?","?","R","E","M","T","E","M","R","E","M","R","BOSS","M","?","M","$","?","E","R","E","T","M","E","?","R","?","R","BOSS","M","$","M","?","M","R","E","?","T","E","R","E","?","E","R","BOSS","R","$","E","BOSS"],"items_purchased_type":["Relic","Card","Card","Relic","Potion","Potion","Card"],"build_version":"2020-12-22","purchased_purges":2,"victory":true,"max_hp_per_floor":[80,80,80,80,80,80,80,80,80,80,80,80,80,80,80,80,80,80,80,80,80,80,80,80,80,80,80,80,80,80,80,80,80,80,80,80,80,80,80,80,80,80,80,80,80,80,76,76,76,76,76,76,76,76,76],"relic_stats":{"Regal Pillow":0,"Gremlin Horn":[7,7],"counters":[27,163],"Golden Idol":219,"StoneCalendar":[314],"Orichalcum":[72],"War Paint":["Spot Weakness","Flame Barrier"],"Question Card":26,"MawBank":108,"Burning Blood":152,"Shovel":2,"Shuriken":[24],"Ornamental Fan":[8],"Bronze Scales":[354],"Pantograph":13,"Tiny Chest":1,"Black Star":5,"obtain_stats":[{"Lantern":13,"Regal Pillow":41,"Gremlin Horn":45,"StoneCalendar":10,"Incense Burner":48,"Bottled Tornado":54,"Burning Blood":0,"Shovel":41,"Pantograph":28,"Tiny Chest":25,"InkBottle":52,"Potion Belt":48,"Golden Idol":3,"Frozen Egg 2":43,"Orichalcum":46,"War Paint":46,"Question Card":9,"MawBank":44,"Du-Vu Doll":21,"Shuriken":22,"Ornamental Fan":54,"Bronze Scales":23,"Orrery":53,"Mark of Pain":17,"Black Star":34,"StrikeDummy":44,"Toy Ornithopter":7,"Meat on the Bone":26},{"Lantern":7,"Regal Pillow":21,"Gremlin Horn":22,"StoneCalendar":5,"Incense Burner":24,"Bottled Tornado":26,"Burning Blood":0,"Shovel":21,"Pantograph":15,"Tiny Chest":13,"InkBottle":25,"Potion Belt":24,"Golden Idol":2,"Frozen Egg 2":21,"Orichalcum":23,"War Paint":23,"Question Card":4,"MawBank":22,"Du-Vu Doll":11,"Shuriken":11,"Ornamental Fan":26,"Bronze Scales":12,"Orrery":25,"Mark of Pain":9,"Black Star":17,"StrikeDummy":22,"Toy Ornithopter":3,"Meat on the Bone":13},{"Lantern":34,"Regal Pillow":123,"Gremlin Horn":129,"StoneCalendar":19,"Incense Burner":142,"Bottled Tornado":155,"Burning Blood":0,"Shovel":123,"Pantograph":86,"Tiny Chest":73,"InkBottle":150,"Potion Belt":142,"Golden Idol":7,"Frozen Egg 2":123,"Orichalcum":136,"War Paint":136,"Question Card":16,"MawBank":129,"Du-Vu Doll":61,"Shuriken":61,"Ornamental Fan":155,"Bronze Scales":68,"Orrery":150,"Mark of Pain":51,"Black Star":99,"StrikeDummy":129,"Toy Ornithopter":13,"Meat on the Bone":73}],"Toy Ornithopter":60,"InkBottle":[5],"Meat on the Bone":72},"card_choices":[{"not_picked":["Mayhem","Sadistic Nature"],"picked":"Apotheosis","floor":0},{"not_picked":["Infernal Blade","Clash","Dual Wield"],"picked":"SKIP","floor":1},{"not_picked":["Dark Embrace","Heavy Blade"],"picked":"Pommel Strike","floor":2},{"not_picked":["Heavy Blade","Flex"],"picked":"Headbutt","floor":7},{"not_picked":["Feel No Pain","Double Tap"],"picked":"True Grit","floor":8},{"not_picked":["Clash","Body Slam","Sword Boomerang"],"picked":"Flame Barrier","floor":10},{"not_picked":["Flex","Reckless Charge","Carnage"],"picked":"Dark Embrace","floor":11},{"not_picked":["Clothesline","Hemokinesis","Whirlwind"],"picked":"Inflame","floor":13},{"not_picked":["Barricade","Bloodletting","Body Slam"],"picked":"Spot Weakness","floor":14},{"not_picked":["Bludgeon","Barricade","Limit Break"],"picked":"Reaper","floor":16},{"not_picked":["Shrug It Off","Wild Strike","Fire Breathing+1"],"picked":"Heavy Blade","floor":18},{"not_picked":["Warcry+1","Entrench","Armaments+1","Clothesline"],"picked":"SKIP","floor":20},{"not_picked":["Infernal Blade","Uppercut","Metallicize"],"picked":"Sever Soul","floor":23},{"not_picked":["Spot Weakness","Intimidate","Second Wind"],"picked":"Reaper","floor":25},{"not_picked":["Spot Weakness","Sword Boomerang+1","Sentinel","Cleave"],"picked":"SKIP","floor":27},{"not_picked":["Pommel Strike+1","Power Through+1","Havoc","Twin Strike"],"picked":"SKIP","floor":28},{"not_picked":["Headbutt","Flex","Infernal Blade","Armaments+1"],"picked":"SKIP","floor":31},{"not_picked":["Immolate","Fiend Fire","Berserk"],"picked":"Corruption","floor":33},{"not_picked":["Armaments","Headbutt+1","Reckless Charge+1","Sentinel"],"picked":"SKIP","floor":35},{"not_picked":["Body Slam","Thunderclap+1","Rupture","Headbutt"],"picked":"SKIP","floor":37},{"not_picked":["Rupture","Havoc","Headbutt+1","Warcry+1"],"picked":"SKIP","floor":39},{"not_picked":["Anger+1","Rupture","Carnage+1","Clash"],"picked":"SKIP","floor":41},{"not_picked":["Perfected Strike+1","Feed","Iron Wave"],"picked":"Spot Weakness+1","floor":44},{"not_picked":["Dropkick+1","Metallicize+1","Reckless Charge"],"picked":"Evolve+1","floor":46},{"not_picked":["Dark Embrace+1","Havoc+1","Body Slam"],"picked":"True Grit+1","floor":48},{"not_picked":["Flex","Havoc+1","Twin Strike+1"],"picked":"Heavy Blade+1","floor":53},{"not_picked":["Power Through+1","Cleave","Twin Strike+1"],"picked":"Burning Pact+1","floor":53},{"not_picked":["Headbutt+1","Clash","Fire Breathing+1"],"picked":"Metallicize+1","floor":53},{"not_picked":["Hemokinesis+1","Pommel Strike+1","Heavy Blade"],"picked":"Thunderclap+1","floor":53},{"not_picked":["Feel No Pain+1","Entrench+1","Headbutt+1"],"picked":"True Grit+1","floor":54}],"player_experience":450510,"relics_obtained":[{"floor":7,"key":"Toy Ornithopter"},{"floor":9,"key":"Question Card"},{"floor":10,"key":"StoneCalendar"},{"floor":13,"key":"Lantern"},{"floor":23,"key":"Bronze Scales"},{"floor":25,"key":"Tiny Chest"},{"floor":26,"key":"Meat on the Bone"},{"floor":28,"key":"Pantograph"},{"floor":41,"key":"Shovel"},{"floor":41,"key":"Regal Pillow"},{"floor":43,"key":"Frozen Egg 2"},{"floor":44,"key":"MawBank"},{"floor":44,"key":"StrikeDummy"},{"floor":45,"key":"Gremlin Horn"},{"floor":46,"key":"Orichalcum"},{"floor":46,"key":"War Paint"},{"floor":48,"key":"Potion Belt"},{"floor":48,"key":"Incense Burner"},{"floor":52,"key":"InkBottle"},{"floor":54,"key":"Ornamental Fan"},{"floor":54,"key":"Bottled Tornado"}],"event_choices":[{"damage_healed":0,"gold_gain":0,"player_choice":"Take Damage","damage_taken":20,"relics_obtained":["Golden Idol"],"max_hp_gain":0,"max_hp_loss":0,"event_name":"Golden Idol","floor":3,"gold_loss":0},{"damage_healed":0,"gold_gain":0,"player_choice":"Entered Light","damage_taken":16,"max_hp_gain":0,"max_hp_loss":0,"event_name":"Shining Light","floor":4,"gold_loss":0,"cards_upgraded":["Strike_R","Apotheosis"]},{"damage_healed":0,"gold_gain":99,"player_choice":"Stole From Cult","damage_taken":0,"max_hp_gain":0,"max_hp_loss":0,"event_name":"Nest","floor":19,"gold_loss":0},{"damage_healed":0,"gold_gain":0,"player_choice":"Opened","damage_taken":0,"relics_obtained":["Shuriken"],"max_hp_gain":0,"max_hp_loss":0,"event_name":"The Mausoleum","floor":22,"gold_loss":0},{"damage_healed":0,"gold_gain":0,"player_choice":"Simplicity","damage_taken":0,"max_hp_gain":0,"max_hp_loss":0,"event_name":"Back to Basics","floor":29,"gold_loss":0,"cards_upgraded":["Strike_R","Strike_R","Strike_R","Strike_R","Defend_R","Defend_R","Defend_R","Defend_R"]},{"damage_healed":0,"gold_gain":0,"player_choice":"Max HP","damage_taken":0,"max_hp_gain":0,"max_hp_loss":4,"event_name":"Winding Halls","floor":47,"gold_loss":0}],"is_beta":false,"boss_relics":[{"not_picked":["Velvet Choker","Pandora\u0027s Box"],"picked":"Mark of Pain"},{"not_picked":["Runic Cube","Tiny House"],"picked":"Black Star"}],"items_purged_floors":[36,53],"is_endless":false,"potions_floor_spawned":[1,7,8,13,14,18,20,27,28,31,37,39,48],"ascension_level":2}}