{"host":"zk71suw73lg2r165","time":1611548391,"event":{"mods":["BaseMod","Colored Map","Minty Spire (QoL Compilation)","Permanent Neow","Relic Stats","StSLib"],"gold_per_floor":[114,114,131,142,292,326,326,326,326,120,153,169,181,55,55,132,132,150,150,167,192,372,372,384,414,414,442,452,479,479,496,496,573,573,583,583,197,210,227,252,252,284,284,300,7,39,39,57,57,57,57,57,57,17,46,46,46],"floor_reached":56,"language":"ENG","playtime":2245,"items_purged":["Doubt","Shame","Writhe","Strike_R"],"score":2235,"play_id":"d552496b-f376-46ea-aed0-d8ce8ac0da0b","local_time":"20210124231951","is_ascension_mode":true,"campfire_choices":[{"data":"Juggernaut","floor":8.0,"key":"SMITH"},{"floor":15.0,"key":"REST"},{"data":"Armaments","floor":23.0,"key":"SMITH"},{"data":"Feel No Pain","floor":30.0,"key":"SMITH"},{"floor":32.0,"key":"RECALL"},{"data":"Metallicize","floor":41.0,"key":"SMITH"},{"data":"Fiend Fire","floor":47.0,"key":"SMITH"},{"data":"Fire Breathing","floor":49.0,"key":"SMITH"},{"data":"Demon Form","floor":53.0,"key":"SMITH"}],"circlet_count":0,"master_deck":["AscendersBane","Defend_R","Defend_R","Defend_R","Defend_R","Bash","Immolate","Sword Boomerang","Armaments+1","Fire Breathing+1","Juggernaut+1","Shrug It Off+1","Flame Barrier+1","Burning Pact+1","Ghostly Armor+1","Power Through+1","True Grit+1","Demon Form+1","Metallicize+1","Clothesline","Corruption","Dual Wield+1","Feel No Pain+1","Dark Embrace","Evolve","Sentinel+1","Exhume+1","Feel No Pain+1","Fiend Fire+1","Disarm+1","Metallicize"],"relics":["Burning Blood","Pear","Bag of Preparation","Toxic Egg 2","Boot","Snecko Eye","Red Mask","Dead Branch","Ginger","Strawberry","Oddly Smooth Stone","Empty Cage","Membership Card","Happy Flower","Paper Frog","Mercury Hourglass","Lantern","Molten Egg 2","StoneCalendar","Champion Belt"],"acts_visited":["Exordium","TheCity","TheBeyond","TheEnding"],"potions_floor_usage":[56],"damage_taken":[{"damage":1.0,"enemies":"Cultist","floor":1.0,"turns":3.0},{"damage":7.0,"enemies":"Jaw Worm","floor":3.0,"turns":3.0},{"damage":0.0,"enemies":"2 Louse","floor":4.0,"turns":1.0},{"damage":31.0,"enemies":"3 Sentries","floor":6.0,"turns":6.0},{"damage":49.0,"enemies":"Lagavulin","floor":11.0,"turns":7.0},{"damage":4.0,"enemies":"Blue Slaver","floor":12.0,"turns":6.0},{"damage":0.0,"enemies":"Exordium Thugs","floor":13.0,"turns":3.0},{"damage":15.0,"enemies":"Hexaghost","floor":16.0,"turns":9.0},{"damage":0.0,"enemies":"2 Thieves","floor":18.0,"turns":4.0},{"damage":3.0,"enemies":"Chosen","floor":20.0,"turns":4.0},{"damage":18.0,"enemies":"Masked Bandits","floor":21.0,"turns":4.0},{"damage":0.0,"enemies":"Snecko","floor":24.0,"turns":4.0},{"damage":14.0,"enemies":"Book of Stabbing","floor":25.0,"turns":6.0},{"damage":2.0,"enemies":"Slavers","floor":27.0,"turns":3.0},{"damage":0.0,"enemies":"3 Cultists","floor":28.0,"turns":4.0},{"damage":0.0,"enemies":"Book of Stabbing","floor":29.0,"turns":5.0},{"damage":0.0,"enemies":"Snake Plant","floor":31.0,"turns":2.0},{"damage":6.0,"enemies":"Collector","floor":33.0,"turns":4.0},{"damage":29.0,"enemies":"3 Darklings","floor":35.0,"turns":3.0},{"damage":0.0,"enemies":"3 Shapes","floor":38.0,"turns":3.0},{"damage":0.0,"enemies":"Spire Growth","floor":39.0,"turns":2.0},{"damage":9.0,"enemies":"Nemesis","floor":40.0,"turns":5.0},{"damage":1.0,"enemies":"Giant Head","floor":42.0,"turns":5.0},{"damage":11.0,"enemies":"Writhing Mass","floor":44.0,"turns":3.0},{"damage":3.0,"enemies":"Nemesis","floor":46.0,"turns":4.0},{"damage":0.0,"enemies":"Maw","floor":48.0,"turns":5.0},{"damage":19.0,"enemies":"Awakened One","floor":50.0,"turns":5.0},{"damage":23.0,"enemies":"Donu and Deca","floor":51.0,"turns":3.0},{"damage":62,"enemies":"Shield and Spear","floor":55,"turns":4},{"damage":30,"enemies":"The Heart","floor":56,"turns":2}],"seed_played":"-8905941977655397565","potions_obtained":[{"floor":3.0,"key":"EssenceOfSteel"},{"floor":6.0,"key":"HeartOfIron"},{"floor":18.0,"key":"Swift Potion"},{"floor":21.0,"key":"PowerPotion"},{"floor":29.0,"key":"Block Potion"},{"floor":33.0,"key":"LiquidMemories"},{"floor":55,"key":"Weak Potion"}],"is_trial":false,"path_per_floor":["M","T","M","M","?","E","?","R","T","$","E","M","M","$","R","B",null,"M","?","M","?","?","R","M","E","T","E","M","E","R","M","R","B",null,"M","?","$","M","M","E","R","E","T","M","$","E","R","M","R","B","B",null,"R","$","E","B"],"character_chosen":"IRONCLAD","items_purchased":["Shrug It Off+1","Flame Barrier+1","True Grit+1","Membership Card","Fiend Fire","Happy Flower","Lantern","Molten Egg 2","Metallicize"],"campfire_rested":1,"item_purchase_floors":[10,10,14,37,37,37,45,45,54],"current_hp_per_floor":[73,83,82,85,85,60,60,60,60,60,17,19,25,25,50,41,74,80,80,83,71,46,46,52,44,44,55,61,67,67,73,73,73,87,64,82,82,88,92,89,89,92,92,87,87,90,90,92,92,79,62,85,85,85,29,0,0],"gold":46,"neow_bonus":"THREE_RARE_CARDS","is_daily":false,"chose_seed":false,"campfire_upgraded":7,"win_rate":0.0,"timestamp":1611548391,"path_taken":["M","?","M","M","?","E","?","R","T","$","E","?","?","?","R","BOSS","M","?","M","?","?","R","M","E","T","E","M","E","R","M","R","BOSS","M","?","$","M","M","E","R","E","T","M","?","E","R","M","R","BOSS","BOSS","R","$","E","BOSS"],"items_purchased_type":["Card","Card","Card","Relic","Card","Relic","Relic","Relic","Card"],"build_version":"2020-12-22","purchased_purges":4,"victory":false,"max_hp_per_floor":[75,85,85,85,85,85,85,85,85,85,85,85,85,85,85,85,85,85,85,85,85,85,85,85,85,85,92,92,92,92,92,92,92,92,92,92,92,92,92,92,92,92,92,92,92,92,92,92,92,92,92,92,92,92,92,92,92],"relic_stats":{"Happy Flower":[13],"counters":[30,122],"Dead Branch":[347],"Snecko Eye":[188,189,198,175],"StoneCalendar":[0],"Bag of Preparation":[52],"Ginger":[12],"Champion Belt":[0],"Boot":[94],"obtain_stats":[{"Lantern":45,"Pear":2,"Happy Flower":37,"Dead Branch":25,"Oddly Smooth Stone":29,"StoneCalendar":46,"Bag of Preparation":6,"Ginger":26,"Boot":11,"Empty Cage":34,"Burning Blood":0,"Mercury Hourglass":42,"Strawberry":27,"Snecko Eye":17,"Molten Egg 2":45,"Red Mask":21,"Membership Card":37,"Champion Belt":55,"Toxic Egg 2":9,"Paper Frog":40},{"Lantern":24,"Pear":1,"Happy Flower":19,"Dead Branch":13,"Oddly Smooth Stone":16,"StoneCalendar":25,"Bag of Preparation":4,"Ginger":13,"Boot":5,"Empty Cage":18,"Burning Blood":0,"Mercury Hourglass":23,"Strawberry":14,"Snecko Eye":8,"Molten Egg 2":24,"Red Mask":11,"Membership Card":19,"Champion Belt":29,"Toxic Egg 2":4,"Paper Frog":22},{"Lantern":99,"Pear":3,"Happy Flower":81,"Dead Branch":60,"Oddly Smooth Stone":72,"StoneCalendar":103,"Bag of Preparation":13,"Ginger":60,"Boot":20,"Empty Cage":78,"Burning Blood":0,"Mercury Hourglass":96,"Strawberry":63,"Snecko Eye":38,"Molten Egg 2":99,"Red Mask":50,"Membership Card":81,"Champion Belt":120,"Toxic Egg 2":13,"Paper Frog":91}],"Burning Blood":163,"Mercury Hourglass":[89]},"card_choices":[{"not_picked":["Fiend Fire","Exhume"],"picked":"Immolate","floor":0.0},{"not_picked":["Rage","Clash"],"picked":"Sword Boomerang","floor":1.0},{"not_picked":["Sword Boomerang","Havoc","Iron Wave"],"picked":"SKIP","floor":3.0},{"not_picked":["Cleave","Warcry"],"picked":"Armaments","floor":4.0},{"not_picked":["Carnage","Sword Boomerang"],"picked":"Fire Breathing","floor":6.0},{"not_picked":["Combust","Shrug It Off+1"],"picked":"Burning Pact+1","floor":11.0},{"not_picked":["Heavy Blade","Burning Pact+1"],"picked":"Ghostly Armor+1","floor":12.0},{"not_picked":["Clothesline","Body Slam"],"picked":"Power Through+1","floor":13.0},{"not_picked":["Double Tap+1","Fiend Fire"],"picked":"Demon Form","floor":16.0},{"not_picked":["Infernal Blade+1","Warcry+1"],"picked":"Metallicize","floor":18.0},{"not_picked":["Pummel","Inflame","Warcry+1"],"picked":"SKIP","floor":20.0},{"not_picked":["True Grit+1","Intimidate+1"],"picked":"Dual Wield+1","floor":21.0},{"not_picked":["Shockwave+1","Twin Strike"],"picked":"Feel No Pain","floor":24.0},{"not_picked":["Combust","Fire Breathing+1"],"picked":"Dark Embrace","floor":25.0},{"not_picked":["Warcry+1","Cleave"],"picked":"Evolve","floor":27.0},{"not_picked":["Brutality","Body Slam+1"],"picked":"Sentinel+1","floor":28.0},{"not_picked":["Searing Blow+1","Sever Soul","Rampage"],"picked":"SKIP","floor":29.0},{"not_picked":["Anger+1","Battle Trance+1","Armaments+1"],"picked":"SKIP","floor":31.0},{"not_picked":["Corruption","Feed"],"picked":"Exhume+1","floor":33.0},{"not_picked":["Clash","Iron Wave"],"picked":"Feel No Pain+1","floor":35.0},{"not_picked":["Armaments+1","Headbutt+1","Uppercut"],"picked":"SKIP","floor":38.0},{"not_picked":["Cleave","Power Through+1","Battle Trance+1"],"picked":"SKIP","floor":39.0},{"not_picked":["Warcry+1","Corruption","Body Slam+1"],"picked":"SKIP","floor":40.0},{"not_picked":["Blood for Blood","Feel No Pain+1"],"picked":"Disarm+1","floor":42.0},{"not_picked":["Twin Strike","Wild Strike","Whirlwind"],"picked":"SKIP","floor":44.0},{"not_picked":["Searing Blow+1","Infernal Blade+1","Hemokinesis+1"],"picked":"SKIP","floor":46.0},{"not_picked":["Twin Strike+1","Bloodletting+1","Spot Weakness+1"],"picked":"SKIP","floor":48.0},{"not_picked":["Pommel Strike+1","Blood for Blood+1","Wild Strike+1"],"picked":"SKIP","floor":55}],"player_experience":1361777,"relics_obtained":[{"floor":2.0,"key":"Pear"},{"floor":6.0,"key":"Bag of Preparation"},{"floor":9.0,"key":"Toxic Egg 2"},{"floor":11.0,"key":"Boot"},{"floor":21.0,"key":"Red Mask"},{"floor":25.0,"key":"Dead Branch"},{"floor":26.0,"key":"Ginger"},{"floor":27.0,"key":"Strawberry"},{"floor":29.0,"key":"Oddly Smooth Stone"},{"floor":40.0,"key":"Paper Frog"},{"floor":42.0,"key":"Mercury Hourglass"},{"floor":46.0,"key":"StoneCalendar"},{"floor":55,"key":"Champion Belt"}],"event_choices":[{"damage_healed":0.0,"max_hp_gain":0.0,"max_hp_loss":0.0,"gold_gain":150.0,"event_name":"Liars Game","player_choice":"AGREE","floor":5.0,"gold_loss":0.0,"damage_taken":0.0,"cards_obtained":["Doubt"]},{"damage_healed":0.0,"max_hp_gain":0.0,"max_hp_loss":0.0,"gold_gain":0.0,"event_name":"Match and Keep!","player_choice":"1 cards matched","floor":7.0,"gold_loss":0.0,"damage_taken":0.0,"cards_obtained":["Juggernaut"]},{"damage_healed":0.0,"max_hp_gain":0.0,"max_hp_loss":0.0,"gold_gain":0.0,"cards_transformed":["Strike_R","Strike_R"],"event_name":"Drug Dealer","player_choice":"Became Test Subject","floor":19.0,"gold_loss":0.0,"damage_taken":0.0,"cards_obtained":["Clothesline","Corruption"]},{"damage_healed":0.0,"max_hp_gain":0.0,"max_hp_loss":0.0,"gold_gain":0.0,"event_name":"Masked Bandits","player_choice":"Fought Bandits","floor":21.0,"gold_loss":0.0,"damage_taken":0.0},{"damage_healed":0.0,"max_hp_gain":0.0,"max_hp_loss":0.0,"gold_gain":180.0,"event_name":"Knowing Skull","player_choice":"GOLD POTION GOLD ","floor":22.0,"potions_obtained":["LiquidBronze"],"gold_loss":0.0,"damage_taken":25.0,"cards_obtained":[]},{"damage_healed":18.0,"max_hp_gain":0.0,"max_hp_loss":0.0,"gold_gain":0.0,"event_name":"Winding Halls","player_choice":"Writhe","floor":36.0,"gold_loss":0.0,"damage_taken":0.0,"cards_obtained":["Writhe"]}],"is_beta":false,"boss_relics":[{"not_picked":["SacredBark","Coffee Dripper"],"picked":"Snecko Eye"},{"not_picked":["Calling Bell","Busted Crown"],"picked":"Empty Cage"}],"items_purged_floors":[10,14,37,45],"is_endless":false,"potions_floor_spawned":[3,6,11,13,18,21,24,29,33,40,44,48,55],"killed_by":"The Heart","ascension_level":20}}