{"host":"0i8dz4ityulxi1rd","time":1611576569,"event":{"mods":["BaseMod","Colored Map","Colored Powertips","Custom Start","Highlight Path","Hubris","Keyboard Shortcuts","Minty Spire (QoL Compilation)","StSLib","SuperFastMode"],"gold_per_floor":[369,388,229,244,244,274,274,284,338,144,156,156,168,185,185,185,185],"floor_reached":16,"language":"KOR","playtime":576,"items_purged":["Strike_R","Strike_R"],"score":208,"play_id":"24272f8c-0726-4004-99d4-f5aa8b055360","local_time":"20210125210929","is_ascension_mode":true,"campfire_choices":[{"data":"Armaments","floor":7,"key":"SMITH"},{"floor":15,"key":"REST"}],"circlet_count":0,"master_deck":["AscendersBane","Strike_R","Strike_R","Strike_R","Defend_R+1","Defend_R","Defend_R","Defend_R","Bash+1","Armaments+1","True Grit","Dropkick","Sever Soul","Double Tap","Finesse","Flame Barrier"],"relics":["Burning Blood","CaptainsWheel","Anchor"],"acts_visited":["Exordium"],"potions_floor_usage":[8,8,16],"damage_taken":[{"damage":6.0,"enemies":"2 Louse","floor":1.0,"turns":3.0},{"damage":2.0,"enemies":"Jaw Worm","floor":2.0,"turns":5.0},{"damage":7,"enemies":"Small Slimes","floor":4,"turns":5},{"damage":37,"enemies":"Gremlin Nob","floor":6,"turns":4},{"damage":12,"enemies":"Gremlin Gang","floor":8,"turns":6},{"damage":0,"enemies":"3 Louse","floor":11,"turns":6},{"damage":0,"enemies":"2 Fungi Beasts","floor":13,"turns":4},{"damage":0,"enemies":"Red Slaver","floor":14,"turns":4},{"damage":26,"enemies":"Slime Boss","floor":16,"turns":9}],"seed_played":"8787509749087064669","potions_obtained":[{"floor":1.0,"key":"Energy Potion"},{"floor":6,"key":"Block Potion"},{"floor":8,"key":"SteroidPotion"}],"is_trial":false,"path_per_floor":["M","M","$","M","?","E","R","M","T","$","M","?","M","M","R","B"],"character_chosen":"IRONCLAD","items_purchased":["Dropkick","Finesse"],"campfire_rested":1,"item_purchase_floors":[3,10],"current_hp_per_floor":[68,68,68,67,47,16,16,10,10,10,16,5,11,17,37,11,11],"gold":185,"neow_bonus":"TWO_FIFTY_GOLD","is_daily":false,"chose_seed":false,"campfire_upgraded":1,"win_rate":0.0,"timestamp":1611576569,"path_taken":["M","M","$","M","?","E","R","M","T","$","M","?","M","M","R","BOSS"],"items_purchased_type":["Card","Card"],"build_version":"2020-12-22","purchased_purges":2,"victory":false,"max_hp_per_floor":[68,68,68,68,68,68,68,68,68,68,68,68,68,68,68,68,68],"card_choices":[{"not_picked":["Feel No Pain","Pommel Strike"],"picked":"Armaments","floor":1.0},{"not_picked":["hubris:ReadiedAction","Headbutt"],"picked":"True Grit","floor":2},{"not_picked":["Anger","Headbutt"],"picked":"Sever Soul","floor":4},{"not_picked":["Clash","True Grit"],"picked":"Double Tap","floor":6},{"not_picked":["Sword Boomerang","Twin Strike","Anger"],"picked":"SKIP","floor":8},{"not_picked":["Anger","Clothesline"],"picked":"Flame Barrier","floor":11},{"not_picked":["Body Slam","Clothesline","True Grit"],"picked":"SKIP","floor":13},{"not_picked":["Limit Break","Iron Wave","hubris:CleavingFinish"],"picked":"SKIP","floor":14}],"player_experience":1323492,"relics_obtained":[{"floor":6,"key":"CaptainsWheel"},{"floor":9,"key":"Anchor"}],"event_choices":[{"damage_healed":0,"gold_gain":0,"player_choice":"Entered Light","damage_taken":20,"max_hp_gain":0,"max_hp_loss":0,"event_name":"Shining Light","floor":5,"gold_loss":0,"cards_upgraded":["Bash","Defend_R"]},{"damage_healed":0,"gold_gain":0,"player_choice":"Fled","damage_taken":11,"max_hp_gain":0,"max_hp_loss":0,"event_name":"Scrap Ooze","floor":12,"gold_loss":0}],"is_beta":false,"boss_relics":[],"items_purged_floors":[3,10],"is_endless":false,"potions_floor_spawned":[1,6,8],"killed_by":"Slime Boss","ascension_level":20}}