{"host":"cxvb37eaaiijvrl4","time":1611581905,"event":{"mods":["ATMod(阿瑾Mod)","BaseMod","Better Third Choice","Minty Spire (QoL Compilation)","MostiFishMod","Quick Restart","Rare Cards Sparkle","Shop Mod","Spicy Shops","StSLib","TestMod","Uncapped","残留之物"],"gold_per_floor":[113,113,113,38,113,141,176,205,205,237,260,260,273,56,56,132,132,142,192,142,42,92,122,150,179,179,208,225,225,251,288,300,386,398,424,736,199,218,168,198,232,232,232,287,187,290,345,443,443,468,518,518,518,24,109,134],"floor_reached":57,"language":"ZHS","playtime":1794,"items_purged":["Outmaneuver","PiercingWail","Cloak And Dagger","Footwork","MostiFishMod:FrostNova+1","Blade Dance","AT_TinkerSharpsword","AT_TinkerSharpsword+1","AT_WindFlip","MostiFishMod:Confrontation+1"],"score":4299,"play_id":"6aa15d7a-c9fb-4dbf-a999-82d29e3e4145","local_time":"20210125053825","daily_mods":["SealedDeck","Heirloom","Flight"],"is_ascension_mode":true,"campfire_choices":[{"data":"MostiFishMod:FrostNova","floor":12.0,"key":"SMITH"},{"data":"Acrobatics","floor":15.0,"key":"SMITH"},{"data":"AT_EssenceShift","floor":29.0,"key":"SMITH"},{"data":"MostiFishMod:Confrontation","floor":32.0,"key":"SMITH"},{"data":"MostiFishMod:Dislodge","floor":42,"key":"SMITH"},{"floor":49,"key":"RECALL"},{"floor":53,"key":"REST"}],"circlet_count":0,"master_deck":["AscendersBane","AT_EssenceShift+1","Flechettes+1","Acrobatics+1","Backflip+1","MostiFishMod:Dislodge+1"],"relics":["Ring of the Snake","testmod-TestBox","AT_ATBox","BirthdayGift-Tetrahedron","testmod-EnergyCheck","ThornShield","SynthV:TestCard","DaveBox","BionicSphere","testmod-Justice","Bottled Flame","Smiling Mask","Vajra","testmod-AssaultLearning","Civilization","GuanYuAspect","testmod-ThousandKnives","Strawberry","Bag of Marbles","testmod-Antiphasic","testmod-FatalChain","MawBank","Oddly Smooth Stone","testmod-CardMagician","Medical Kit","Turnip","Anchor","AT_MibuBalloonWealth","AT_SilvercatRing","Bottled Lightning","AT_ArchangelStaff","Akabeko","testmod-BouquetWithThorns","Sundial","Lantern"],"acts_visited":["Exordium","TheCity","TheBeyond","TheEnding"],"potions_floor_usage":[56,56,56],"damage_taken":[{"damage":0.0,"enemies":"Small Slimes","floor":1.0,"turns":1.0},{"damage":2.0,"enemies":"Gremlin Nob","floor":6.0,"turns":2.0},{"damage":4.0,"enemies":"Lagavulin","floor":7.0,"turns":3.0},{"damage":2.0,"enemies":"3 Sentries","floor":8.0,"turns":2.0},{"damage":6.0,"enemies":"Lagavulin","floor":10.0,"turns":4.0},{"damage":0.0,"enemies":"Jaw Worm","floor":13.0,"turns":1.0},{"damage":4.0,"enemies":"Slime Boss","floor":16.0,"turns":3.0},{"damage":2.0,"enemies":"Chosen","floor":18.0,"turns":2.0},{"damage":4.0,"enemies":"Gremlin Leader","floor":23.0,"turns":3.0},{"damage":3.0,"enemies":"Book of Stabbing","floor":24.0,"turns":2.0},{"damage":13.0,"enemies":"Slavers","floor":25.0,"turns":2.0},{"damage":2.0,"enemies":"Gremlin Leader","floor":27.0,"turns":2.0},{"damage":2.0,"enemies":"Spheric Guardian","floor":28.0,"turns":2.0},{"damage":2.0,"enemies":"Slavers","floor":31.0,"turns":2.0},{"damage":2.0,"enemies":"Automaton","floor":33.0,"turns":2.0},{"damage":0.0,"enemies":"3 Darklings","floor":35.0,"turns":1.0},{"damage":2,"enemies":"Orb Walker","floor":38,"turns":2},{"damage":9,"enemies":"Nemesis","floor":40,"turns":3},{"damage":2,"enemies":"Reptomancer","floor":41,"turns":2},{"damage":0,"enemies":"Giant Head","floor":44,"turns":1},{"damage":0,"enemies":"Reptomancer","floor":46,"turns":1},{"damage":0,"enemies":"Nemesis","floor":47,"turns":1},{"damage":2,"enemies":"2 Orb Walkers","floor":48,"turns":2},{"damage":0,"enemies":"Time Eater","floor":50,"turns":1},{"damage":0,"enemies":"Donu and Deca","floor":51,"turns":1},{"damage":0,"enemies":"Shield and Spear","floor":55,"turns":1},{"damage":5,"enemies":"The Heart","floor":56,"turns":3}],"seed_played":"3109940034445295905","potions_obtained":[{"floor":7.0,"key":"Energy Potion"},{"floor":13.0,"key":"Strength Potion"},{"floor":16.0,"key":"ColorlessPotion"},{"floor":25.0,"key":"Swift Potion"},{"floor":33.0,"key":"Block Potion"}],"is_trial":true,"path_per_floor":["M","?","?","$","?","E","E","E","T","E","T","R","M","$","R","B",null,"M","?","$","$","?","E","E","E","T","E","M","R","T","E","R","B",null,"M","?","$","M","$","E","E","R","T","E","$","E","E","?","R","B","B",null,"R","$","E","B",null],"character_chosen":"THE_SILENT","items_purchased":["Civilization","Medical Kit","Turnip","Sundial","Ancient Potion"],"campfire_rested":1,"item_purchase_floors":[14,37,37,54,54],"current_hp_per_floor":[59,59,59,59,48,46,42,40,40,34,34,34,34,34,34,31,34,35,35,35,35,32,38,45,48,48,58,63,63,63,68,68,73,74,78,78,78,83,83,88,93,93,93,98,98,103,108,113,113,118,123,124,125,125,128,133],"gold":134,"neow_bonus":"","is_daily":false,"chose_seed":false,"campfire_upgraded":5,"win_rate":0.0,"timestamp":1611581905,"path_taken":["M","?","?","$","?","E","E","E","T","E","?","R","M","$","R","BOSS","M","?","$","$","?","E","E","E","T","E","?","R","?","E","R","BOSS","M","?","$","?","$","E","E","R","T","E","$","E","E","?","R","BOSS","BOSS","R","$","E","BOSS"],"items_purchased_type":["Relic","Relic","Relic","Relic","Potion"],"build_version":"2020-12-22","purchased_purges":10,"victory":true,"max_hp_per_floor":[66,66,66,66,66,66,66,66,66,66,66,66,66,66,66,67,34,36,36,36,36,36,39,50,55,55,60,65,65,65,70,70,75,75,80,80,80,85,85,90,95,95,95,100,100,105,110,115,115,120,125,125,125,125,130,135],"card_choices":[{"not_picked":["AT_WindFlip","Dash","MostiFishMod:InvigoratingSolution"],"picked":"SKIP","floor":1.0},{"not_picked":["Endless Agony","Backflip","Sucker Punch","MostiFishMod:InvigoratingSolution","Outmaneuver"],"picked":"SKIP","floor":6.0},{"not_picked":["Cloak And Dagger","MostiFishMod:ThornCasing","All Out Attack","Dash"],"picked":"AT_TinkerSharpsword","floor":7.0},{"not_picked":["Malaise","Deflect","Backflip","Blur","Dagger Spray"],"picked":"SKIP","floor":8.0},{"not_picked":["All Out Attack","MostiFishMod:FrostNova","Setup","Cloak And Dagger","Deadly Poison"],"picked":"SKIP","floor":10.0},{"not_picked":["Outmaneuver","Deadly Poison","Setup","Dagger Spray","All Out Attack"],"picked":"SKIP","floor":13.0},{"not_picked":["MostiFishMod:LethalBlade","MostiFishMod:AdrenalineArouse","MostiFishMod:GrandStart","MostiFishMod:Listen"],"picked":"MostiFishMod:Confrontation","floor":16.0},{"not_picked":["Underhanded Strike","Quick Slash","Calculated Gamble","Bane"],"picked":"Blade Dance","floor":18.0},{"not_picked":["Finisher","Poisoned Stab","Acrobatics","PiercingWail"],"picked":"AT_TinkerSharpsword+1","floor":23.0},{"not_picked":["Expertise","Dagger Spray","Storm of Steel","Prepared","AT_ShadowStep"],"picked":"SKIP","floor":24.0},{"not_picked":["Deflect","Leg Sweep","MostiFishMod:PerfectParry","AT_ArcaneSupremacy","Dagger Throw"],"picked":"SKIP","floor":25.0},{"not_picked":["Bane+1","Accuracy+1","Backstab","Caltrops","Masterful Stab"],"picked":"SKIP","floor":27.0},{"not_picked":["Dagger Spray","Cloak And Dagger","Deflect","Blade Dance","Escape Plan"],"picked":"SKIP","floor":28.0},{"not_picked":["Prepared+1","MostiFishMod:PerfectParry","Dodge and Roll","Sucker Punch","PiercingWail"],"picked":"SKIP","floor":31.0},{"not_picked":["Storm of Steel","AT_MyraUnstableElement","Wraith Form v2","MostiFishMod:SpreadingSpore"],"picked":"MostiFishMod:Dislodge","floor":33.0},{"not_picked":["Footwork","Leg Sweep+1","Infinite Blades","Dodge and Roll+1","Quick Slash+1"],"picked":"SKIP","floor":35.0},{"not_picked":["Heel Hook","Flying Knee+1","Deflect","Sucker Punch","Dagger Throw"],"picked":"SKIP","floor":38},{"not_picked":["Leg Sweep","Backflip","Dagger Spray+1","Dodge and Roll","AT_TinkerSharpsword"],"picked":"SKIP","floor":40},{"not_picked":["Dagger Spray","Prepared","Unload","AT_Desolate","Catalyst"],"picked":"SKIP","floor":41},{"not_picked":["Outmaneuver+1","Infinite Blades","Poisoned Stab+1","Concentrate","Glass Knife"],"picked":"SKIP","floor":44},{"not_picked":["Cloak And Dagger","Poisoned Stab","Prepared+1","PiercingWail+1","AT_KneejerkReflex"],"picked":"SKIP","floor":46},{"not_picked":["Quick Slash","Dodge and Roll","Underhanded Strike","Infinite Blades","Dagger Spray"],"picked":"SKIP","floor":47},{"not_picked":["Slice","Catalyst","Heel Hook","Flying Knee+1","Flechettes"],"picked":"SKIP","floor":55}],"player_experience":713515,"relics_obtained":[{"floor":1.0,"key":"SynthV:TestCard"},{"floor":6.0,"key":"testmod-Justice"},{"floor":7.0,"key":"Bottled Flame"},{"floor":8.0,"key":"Smiling Mask"},{"floor":10.0,"key":"Vajra"},{"floor":11.0,"key":"testmod-AssaultLearning"},{"floor":23.0,"key":"testmod-ThousandKnives"},{"floor":24.0,"key":"Strawberry"},{"floor":25.0,"key":"Bag of Marbles"},{"floor":26.0,"key":"testmod-Antiphasic"},{"floor":27.0,"key":"testmod-FatalChain"},{"floor":30.0,"key":"MawBank"},{"floor":31.0,"key":"Oddly Smooth Stone"},{"floor":40,"key":"Anchor"},{"floor":41,"key":"AT_MibuBalloonWealth"},{"floor":43,"key":"AT_SilvercatRing"},{"floor":44,"key":"Bottled Lightning"},{"floor":46,"key":"AT_ArchangelStaff"},{"floor":47,"key":"Akabeko"},{"floor":48,"key":"testmod-BouquetWithThorns"},{"floor":55,"key":"Lantern"}],"event_choices":[{"damage_healed":0.0,"max_hp_gain":0.0,"max_hp_loss":0.0,"gold_gain":0.0,"event_name":"给自己的盒子","player_choice":"Swap Relic","floor":2.0,"relics_lost":["DaveBox"],"gold_loss":0.0,"damage_taken":0.0,"relics_obtained":["DaveBox"]},{"cards_removed":["Blur"],"damage_healed":0.0,"max_hp_gain":0.0,"max_hp_loss":0.0,"gold_gain":0.0,"event_name":"Living Wall","player_choice":"Forget","floor":3.0,"gold_loss":0.0,"damage_taken":0.0},{"damage_healed":0.0,"max_hp_gain":0.0,"max_hp_loss":0.0,"gold_gain":75.0,"event_name":"betterThird:BetterGoop","player_choice":"Gold","floor":5.0,"gold_loss":0.0,"damage_taken":11.0},{"damage_healed":0.0,"max_hp_gain":0.0,"max_hp_loss":0.0,"gold_gain":50.0,"event_name":"betterThird:BetterNest","player_choice":"Steal","floor":19.0,"gold_loss":0.0,"damage_taken":0.0},{"damage_healed":0.0,"max_hp_gain":0.0,"max_hp_loss":0.0,"gold_gain":50.0,"event_name":"FaceTrader","player_choice":"Touch","floor":22.0,"gold_loss":0.0,"damage_taken":3.0},{"damage_healed":0.0,"max_hp_gain":0.0,"max_hp_loss":0.0,"gold_gain":300.0,"event_name":"Wheel of Change","player_choice":"Gold","floor":36.0,"gold_loss":0.0,"damage_taken":0.0},{"damage_healed":0,"gold_gain":0,"player_choice":"Fight","damage_taken":0,"max_hp_gain":0,"max_hp_loss":0,"event_name":"Mysterious Sphere","floor":48,"gold_loss":0}],"is_beta":false,"boss_relics":[{"not_picked":["FixedStarFall","Ring of the Serpent"],"picked":"GuanYuAspect"},{"not_picked":["Tiny House","AT_MortalBlade"],"picked":"testmod-CardMagician"}],"items_purged_floors":[4,14,20,21,21,37,39,45,45,54],"is_endless":false,"potions_floor_spawned":[7,13,16,25,28,33,38,41,47,55],"ascension_level":20}}