{"host":"00f1p9ihhzi7hxfk","time":1611566278,"event":{"mods":["AchievementEnabler","BaseMod","Colored Map","Colored Powertips","Minty Spire (QoL Compilation)","Rare Cards Sparkle","Relic Stats"],"gold_per_floor":[215,230,243,257,217,249,1,18,70,70,70,97,126,156,168,284,296,325,337,376,402,431,443,473,485,523,810,822,822],"floor_reached":28,"language":"DEU","playtime":1469,"items_purged":[],"score":249,"play_id":"b307b636-70e0-4877-8de6-ce7340a66d64","local_time":"20210125101758","is_ascension_mode":false,"campfire_choices":[{"floor":15,"key":"REST"},{"floor":23,"key":"REST"}],"circlet_count":0,"master_deck":["Strike_R","Strike_R","Strike_R","Defend_R","Defend_R","Defend_R","Defend_R","Bash","Headbutt","Spot Weakness","Thunderclap","Twin Strike","Shrug It Off","Flex","Feed","Entrench+1","Body Slam+1","Feed+1","Flex+1","Ghostly Armor","Rage","Regret"],"relics":["Burning Blood","Matryoshka","Anchor","Tiny Chest","Bag of Preparation","MawBank","Du-Vu Doll","Astrolabe","Pen Nib","Dream Catcher"],"acts_visited":["Exordium","TheCity"],"potions_floor_usage":[6,6,6],"damage_taken":[{"damage":5,"enemies":"Cultist","floor":1,"turns":4},{"damage":15,"enemies":"2 Louse","floor":2,"turns":3},{"damage":1,"enemies":"Jaw Worm","floor":3,"turns":3},{"damage":19,"enemies":"Blue Slaver","floor":4,"turns":4},{"damage":26,"enemies":"Lagavulin","floor":6,"turns":5},{"damage":0,"enemies":"Looter","floor":8,"turns":3},{"damage":21,"enemies":"Red Slaver","floor":12,"turns":5},{"damage":9,"enemies":"Blue Slaver","floor":13,"turns":3},{"damage":11,"enemies":"Large Slime","floor":14,"turns":7},{"damage":43,"enemies":"Hexaghost","floor":16,"turns":11},{"damage":39,"enemies":"Shell Parasite","floor":18,"turns":5},{"damage":30,"enemies":"3 Byrds","floor":21,"turns":7},{"damage":51,"enemies":"Snake Plant","floor":22,"turns":7},{"damage":29,"enemies":"Snecko","floor":24,"turns":6},{"damage":18,"enemies":"3 Cultists","floor":28,"turns":3}],"seed_played":"9001842540548977645","potions_obtained":[{"floor":3,"key":"Fire Potion"},{"floor":5,"key":"Fire Potion"},{"floor":5,"key":"AttackPotion"},{"floor":8,"key":"BlessingOfTheForge"},{"floor":12,"key":"DuplicationPotion"},{"floor":24,"key":"Block Potion"}],"is_trial":false,"path_per_floor":["M","M","M","M","?","E","$","M","T","?","T","M","M","M","R","B",null,"M","?","T","M","M","R","M","?","T","?","M"],"character_chosen":"IRONCLAD","items_purchased":["Anchor","FairyPotion"],"campfire_rested":2,"item_purchase_floors":[7,7],"current_hp_per_floor":[80,71,76,63,63,43,43,49,49,49,49,34,31,26,50,13,80,47,47,47,27,10,35,12,12,12,12,0,0],"gold":822,"neow_bonus":"HUNDRED_GOLD","is_daily":false,"chose_seed":false,"campfire_upgraded":0,"win_rate":0.0,"timestamp":1611566278,"path_taken":["M","?","M","M","?","E","$","?","T","?","?","M","M","M","R","BOSS","M","?","?","M","M","R","M","?","T","?","M"],"items_purchased_type":["Relic","Potion"],"build_version":"2020-12-22","purchased_purges":0,"victory":false,"max_hp_per_floor":[80,80,80,80,80,80,80,80,80,80,80,80,80,80,80,80,80,80,80,80,84,84,84,84,84,84,84,87,87],"relic_stats":{"Dream Catcher":0,"counters":[15,76],"Astrolabe":["Entrench","Body Slam","Feed"],"Tiny Chest":1,"Pen Nib":[4],"Bag of Preparation":[18],"MawBank":204,"obtain_stats":[{"Du-Vu Doll":11,"Anchor":7,"Dream Catcher":26,"Matryoshka":6,"Astrolabe":17,"Tiny Chest":9,"Pen Nib":20,"Bag of Preparation":9,"MawBank":11,"Burning Blood":0},{"Du-Vu Doll":6,"Anchor":5,"Dream Catcher":14,"Matryoshka":5,"Astrolabe":10,"Tiny Chest":6,"Pen Nib":11,"Bag of Preparation":6,"MawBank":6,"Burning Blood":0},{"Du-Vu Doll":22,"Anchor":19,"Dream Catcher":73,"Matryoshka":19,"Astrolabe":48,"Tiny Chest":22,"Pen Nib":53,"Bag of Preparation":22,"MawBank":22,"Burning Blood":0}],"Burning Blood":83},"card_choices":[{"not_picked":["Havoc","Wild Strike"],"picked":"Uppercut","floor":1},{"not_picked":["Clothesline","Wild Strike"],"picked":"Headbutt","floor":2},{"not_picked":["Seeing Red","Power Through"],"picked":"Spot Weakness","floor":3},{"not_picked":["Pommel Strike","Shrug It Off"],"picked":"Thunderclap","floor":4},{"not_picked":["Pommel Strike","Barricade"],"picked":"Rage","floor":6},{"not_picked":["Power Through","Inflame"],"picked":"Armaments","floor":8},{"not_picked":["Metallicize","Searing Blow"],"picked":"Twin Strike","floor":12},{"not_picked":["Wild Strike","Armaments"],"picked":"Shrug It Off","floor":13},{"not_picked":["True Grit","Thunderclap"],"picked":"Flex","floor":14},{"not_picked":["Barricade","Berserk"],"picked":"Feed","floor":16},{"not_picked":["Dark Embrace","Body Slam"],"picked":"Flex+1","floor":18},{"not_picked":["Entrench","Searing Blow","Thunderclap"],"picked":"SKIP","floor":21},{"not_picked":["Searing Blow+1","Havoc"],"picked":"Ghostly Armor","floor":22},{"not_picked":["Pummel","Havoc"],"picked":"Rage","floor":24}],"player_experience":73694,"relics_obtained":[{"floor":6,"key":"Matryoshka"},{"floor":9,"key":"Tiny Chest"},{"floor":9,"key":"Bag of Preparation"},{"floor":11,"key":"MawBank"},{"floor":11,"key":"Du-Vu Doll"},{"floor":20,"key":"Pen Nib"},{"floor":26,"key":"Dream Catcher"}],"event_choices":[{"damage_healed":0,"gold_gain":0,"player_choice":"Bought 3 Potions","damage_taken":0,"max_hp_gain":0,"max_hp_loss":0,"event_name":"The Woman in Blue","floor":5,"gold_loss":0},{"cards_removed":["Strike_R"],"damage_healed":0,"gold_gain":0,"player_choice":"Forget","damage_taken":0,"max_hp_gain":0,"max_hp_loss":0,"event_name":"Living Wall","floor":10,"gold_loss":0},{"cards_removed":["Strike_R"],"damage_healed":0,"gold_gain":0,"player_choice":"Offered Basic","damage_taken":0,"max_hp_gain":0,"max_hp_loss":0,"event_name":"Bonfire Elementals","floor":19,"gold_loss":0},{"damage_healed":0,"gold_gain":0,"player_choice":"Ignored","damage_taken":0,"max_hp_gain":0,"max_hp_loss":0,"event_name":"The Mausoleum","floor":25,"gold_loss":0},{"damage_healed":0,"gold_gain":275,"player_choice":"Desecrate","damage_taken":0,"max_hp_gain":0,"max_hp_loss":0,"event_name":"Golden Shrine","floor":27,"gold_loss":0,"cards_obtained":["Regret"]}],"is_beta":false,"boss_relics":[{"not_picked":["Black Blood","Fusion Hammer"],"picked":"Astrolabe"}],"items_purged_floors":[],"is_endless":false,"potions_floor_spawned":[3,8,12,14,16,18,24],"killed_by":"3 Cultists","ascension_level":0}}