{"host":"7rmsgc3rayi00cdt","time":1611566800,"event":{"mods":["BaseMod","Minty Spire (QoL Compilation)"],"gold_per_floor":[110,110,75,85,96,127,143,75,75,75,110,110,174,186,186,272,322,294,294,304,284,205,205,205],"floor_reached":23,"language":"ENG","playtime":771,"items_purged":[],"score":403,"play_id":"4f7d6f78-be93-40f8-9a49-1652879d73ab","local_time":"20210125092640","is_ascension_mode":true,"campfire_choices":[{"floor":10,"key":"REST"},{"floor":12,"key":"REST"},{"data":"Zap","floor":15,"key":"SMITH"}],"circlet_count":0,"master_deck":["AscendersBane","Strike_B","Strike_B","Strike_B","Strike_B","Defend_B","Defend_B","Defend_B","Defend_B","Zap+1","Dualcast","Hologram","Rebound+1","Streamline","Go for the Eyes","Leap","Seek","BootSequence"],"relics":["Cracked Core","Regal Pillow","Shuriken","Bag of Marbles","CeramicFish","Pear","Tiny House"],"acts_visited":["Exordium","TheCity"],"potions_floor_usage":[6,11,13,20,20,23,23],"damage_taken":[{"damage":1,"enemies":"2 Louse","floor":1,"turns":3},{"damage":14,"enemies":"Small Slimes","floor":4,"turns":4},{"damage":1,"enemies":"Cultist","floor":5,"turns":3},{"damage":60,"enemies":"Gremlin Nob","floor":6,"turns":5},{"damage":0,"enemies":"Exordium Wildlife","floor":7,"turns":2},{"damage":27,"enemies":"3 Sentries","floor":11,"turns":6},{"damage":8,"enemies":"Gremlin Nob","floor":13,"turns":3},{"damage":0,"enemies":"2 Fungi Beasts","floor":14,"turns":2},{"damage":47,"enemies":"The Guardian","floor":16,"turns":13},{"damage":9,"enemies":"2 Thieves","floor":18,"turns":4},{"damage":14,"enemies":"Shell Parasite","floor":20,"turns":7},{"damage":52,"enemies":"Slavers","floor":23,"turns":4}],"seed_played":"-5266362121312049544","potions_obtained":[{"floor":4,"key":"Explosive Potion"},{"floor":6,"key":"AttackPotion"},{"floor":11,"key":"SneckoOil"},{"floor":16,"key":"DistilledChaos"},{"floor":17,"key":"EssenceOfSteel"},{"floor":20,"key":"LiquidMemories"},{"floor":21,"key":"SpeedPotion"}],"is_trial":false,"path_per_floor":["M","?","?","M","M","E","M","?","T","R","E","R","?","M","R","B",null,"M","?","M","?","$","E"],"character_chosen":"DEFECT","items_purchased":["BootSequence"],"campfire_rested":2,"item_purchase_floors":[22],"current_hp_per_floor":[70,59,78,64,63,3,3,3,3,41,14,52,54,54,54,7,73,64,64,50,50,50,0,0],"gold":205,"neow_bonus":"TEN_PERCENT_HP_BONUS","is_daily":false,"chose_seed":false,"campfire_upgraded":1,"win_rate":0.0,"timestamp":1611566800,"path_taken":["M","?","?","M","M","E","M","?","T","R","E","R","?","M","R","BOSS","M","?","M","?","$","E"],"items_purchased_type":["Card"],"build_version":"2020-12-22","purchased_purges":0,"victory":false,"max_hp_per_floor":[78,78,78,78,78,78,78,78,78,78,78,78,88,88,88,88,93,93,93,93,93,93,93,93],"card_choices":[{"not_picked":["Barrage","Coolheaded"],"picked":"Hologram","floor":1},{"not_picked":["Heatsinks","Barrage","Compile Driver"],"picked":"SKIP","floor":4},{"not_picked":["Redo","Sweeping Beam"],"picked":"Rebound","floor":5},{"not_picked":["Ball Lightning","Hologram"],"picked":"Streamline","floor":6},{"not_picked":["Doom and Gloom","Streamline","Reinforced Body"],"picked":"SKIP","floor":7},{"not_picked":["Glacier","Streamline"],"picked":"Go for the Eyes","floor":11},{"not_picked":["Coolheaded","Compile Driver"],"picked":"Leap","floor":13},{"not_picked":["Barrage","Turbo","Recycle"],"picked":"SKIP","floor":14},{"not_picked":["Machine Learning","Thunder Strike"],"picked":"Seek","floor":16},{"not_picked":["Rip and Tear","Hyperbeam","Hologram"],"picked":"SKIP","floor":18},{"not_picked":["Skim","Redo","Compile Driver"],"picked":"SKIP","floor":20}],"player_experience":784053,"relics_obtained":[{"floor":6,"key":"Shuriken"},{"floor":9,"key":"Bag of Marbles"},{"floor":11,"key":"CeramicFish"},{"floor":13,"key":"Pear"}],"event_choices":[{"damage_healed":0,"gold_gain":0,"player_choice":"Success","damage_taken":11,"relics_obtained":["Regal Pillow"],"max_hp_gain":0,"max_hp_loss":0,"event_name":"Scrap Ooze","floor":2,"gold_loss":0},{"damage_healed":19,"gold_gain":0,"player_choice":"Healed","damage_taken":0,"max_hp_gain":0,"max_hp_loss":0,"event_name":"The Cleric","floor":3,"gold_loss":35},{"damage_healed":0,"gold_gain":0,"player_choice":"Left Gold","damage_taken":0,"max_hp_gain":0,"max_hp_loss":0,"event_name":"World of Goop","floor":8,"gold_loss":68},{"damage_healed":0,"gold_gain":0,"player_choice":"Searched \u00271\u0027 times","damage_taken":0,"max_hp_gain":0,"max_hp_loss":0,"event_name":"Dead Adventurer","floor":13,"gold_loss":0},{"damage_healed":0,"gold_gain":0,"player_choice":"Ignored","damage_taken":0,"max_hp_gain":0,"max_hp_loss":0,"event_name":"Ghosts","floor":19,"gold_loss":0},{"damage_healed":0,"gold_gain":0,"player_choice":"Bought 1 Potion","damage_taken":0,"max_hp_gain":0,"max_hp_loss":0,"event_name":"The Woman in Blue","floor":21,"gold_loss":0}],"is_beta":false,"boss_relics":[{"not_picked":["Inserter","Snecko Eye"],"picked":"Tiny House"}],"items_purged_floors":[],"is_endless":false,"potions_floor_spawned":[4,6,11,16,20],"killed_by":"Slavers","ascension_level":18}}