{"host":"qgrlfjrqk9z96gfi","time":1611547699,"event":{"mods":["BaseMod","Block Reminder","Colored Map","Custom Start","DeckTracker","Minty Spire (QoL Compilation)"],"gold_per_floor":[118,168,180,198,214,214,240,253,253,263,283,298,298,298,298,387,387,387,13,0,0,0,0,0,0,0,0,0,0,0,0,0,0,0],"floor_reached":33,"language":"ENG","playtime":1539,"items_purged":[],"score":632,"play_id":"dfa695f8-d968-439f-a54f-e299df4961ca","local_time":"20210124180819","is_ascension_mode":true,"campfire_choices":[{"data":"Underhanded Strike","floor":6,"key":"SMITH"},{"floor":15,"key":"REST"},{"data":"Apotheosis","floor":23,"key":"SMITH"},{"floor":28,"key":"REST"},{"data":"Crippling Poison","floor":32,"key":"SMITH"}],"circlet_count":0,"master_deck":["AscendersBane","Strike_G+1","Strike_G+1","Strike_G+1","Strike_G+1","Strike_G+1","Defend_G+1","Defend_G+1","Defend_G+1","Defend_G+1","Defend_G+1","Survivor","Neutralize+1","Underhanded Strike+1","Crippling Poison+1","Terror","Flying Knee+1","Grand Finale+1","Prepared","Tactician","Dagger Throw","Acrobatics","Tools of the Trade","Masterful Stab+1","Apotheosis+1","Underhanded Strike+1","Footwork","Blur","Backflip","Concentrate+1","Dodge and Roll","PiercingWail"],"relics":["Ring of the Snake","NeowsBlessing","Lantern","Meat on the Bone","Golden Idol","Ectoplasm","DollysMirror","Paper Crane","Whetstone","Bag of Marbles","Red Mask"],"acts_visited":["Exordium","TheCity"],"potions_floor_usage":[7,12,16,24,24,29,31],"damage_taken":[{"damage":0,"enemies":"Jaw Worm","floor":1,"turns":1},{"damage":0,"enemies":"Cultist","floor":3,"turns":1},{"damage":0,"enemies":"2 Louse","floor":4,"turns":1},{"damage":15,"enemies":"Large Slime","floor":5,"turns":7},{"damage":23,"enemies":"Lagavulin","floor":7,"turns":7},{"damage":2,"enemies":"3 Louse","floor":8,"turns":4},{"damage":4,"enemies":"Blue Slaver","floor":10,"turns":5},{"damage":7,"enemies":"Gremlin Gang","floor":11,"turns":4},{"damage":4,"enemies":"Looter","floor":12,"turns":4},{"damage":29,"enemies":"The Guardian","floor":16,"turns":10},{"damage":13,"enemies":"3 Byrds","floor":18,"turns":6},{"damage":14,"enemies":"2 Thieves","floor":20,"turns":4},{"damage":2,"enemies":"3 Cultists","floor":21,"turns":5},{"damage":18,"enemies":"Slavers","floor":24,"turns":6},{"damage":5,"enemies":"Snecko","floor":27,"turns":5},{"damage":0,"enemies":"Gremlin Leader","floor":29,"turns":4},{"damage":10,"enemies":"Centurion and Healer","floor":30,"turns":9},{"damage":1,"enemies":"Masked Bandits","floor":31,"turns":5},{"damage":53,"enemies":"Collector","floor":33,"turns":8}],"seed_played":"5145567940092160881","potions_obtained":[{"floor":4,"key":"Block Potion"},{"floor":7,"key":"Energy Potion"},{"floor":10,"key":"Poison Potion"},{"floor":11,"key":"BlessingOfTheForge"},{"floor":12,"key":"Fruit Juice"},{"floor":16,"key":"SteroidPotion"},{"floor":18,"key":"Block Potion"},{"floor":27,"key":"Block Potion"},{"floor":30,"key":"SkillPotion"}],"is_trial":false,"path_per_floor":["M","?","M","M","M","R","E","M","T","M","M","M","?","?","R","B",null,"M","$","M","M","?","R","E","?","T","M","R","E","M","?","R","B"],"character_chosen":"THE_SILENT","items_purchased":["Apotheosis","DollysMirror"],"campfire_rested":2,"item_purchase_floors":[19,19],"current_hp_per_floor":[59,59,59,59,44,44,21,19,19,27,32,45,45,26,45,28,55,42,42,40,38,38,38,32,32,32,39,58,58,48,47,47,0,0],"gold":0,"neow_bonus":"THREE_ENEMY_KILL","is_daily":false,"chose_seed":false,"campfire_upgraded":3,"win_rate":0.0,"timestamp":1611547699,"path_taken":["M","?","M","M","M","R","E","M","T","?","?","M","?","?","R","BOSS","M","$","M","M","?","R","E","?","T","M","R","E","M","?","R","BOSS"],"items_purchased_type":["Card","Relic"],"build_version":"2020-12-22","purchased_purges":0,"victory":false,"max_hp_per_floor":[66,66,66,66,66,66,66,66,66,66,66,71,64,64,64,64,64,64,64,64,64,64,64,64,64,64,64,64,64,64,64,64,64,64],"card_choices":[{"not_picked":["Quick Slash","Tactician"],"picked":"Underhanded Strike","floor":1},{"not_picked":["Choke","Slice"],"picked":"Crippling Poison","floor":3},{"not_picked":["Backflip","Backstab"],"picked":"Terror","floor":4},{"not_picked":["Dodge and Roll","Backstab"],"picked":"Flying Knee","floor":5},{"not_picked":["Underhanded Strike","Setup"],"picked":"Grand Finale","floor":7},{"not_picked":["Caltrops","Tactician"],"picked":"Prepared","floor":8},{"not_picked":["Blade Dance","Prepared"],"picked":"Tactician","floor":10},{"not_picked":["Cloak And Dagger","Acrobatics"],"picked":"Dagger Throw","floor":11},{"not_picked":["Quick Slash","Underhanded Strike"],"picked":"Acrobatics","floor":12},{"not_picked":["Envenom","Wraith Form v2"],"picked":"Tools of the Trade","floor":16},{"not_picked":["Sucker Punch","Terror"],"picked":"Masterful Stab+1","floor":18},{"not_picked":["Cloak And Dagger","Sucker Punch"],"picked":"Footwork","floor":20},{"not_picked":["Dagger Spray+1","Underhanded Strike"],"picked":"Blur","floor":21},{"not_picked":["Glass Knife","Underhanded Strike"],"picked":"Backflip","floor":24},{"not_picked":["Predator","Slice","Cloak And Dagger"],"picked":"SKIP","floor":27},{"not_picked":["Sucker Punch","Prepared"],"picked":"Concentrate+1","floor":29},{"not_picked":["Skewer","Concentrate"],"picked":"Dodge and Roll","floor":30},{"not_picked":["Backflip","Outmaneuver"],"picked":"PiercingWail","floor":31}],"player_experience":1062373,"relics_obtained":[{"floor":7,"key":"Lantern"},{"floor":9,"key":"Meat on the Bone"},{"floor":24,"key":"Paper Crane"},{"floor":26,"key":"Whetstone"},{"floor":29,"key":"Bag of Marbles"},{"floor":31,"key":"Red Mask"}],"event_choices":[{"damage_healed":0,"gold_gain":50,"player_choice":"Pray","damage_taken":0,"max_hp_gain":0,"max_hp_loss":0,"event_name":"Golden Shrine","floor":2,"gold_loss":0},{"damage_healed":0,"gold_gain":0,"player_choice":"Lose Max HP","damage_taken":0,"relics_obtained":["Golden Idol"],"max_hp_gain":0,"max_hp_loss":7,"event_name":"Golden Idol","floor":13,"gold_loss":0},{"damage_healed":0,"gold_gain":0,"player_choice":"Entered Light","damage_taken":19,"max_hp_gain":0,"max_hp_loss":0,"event_name":"Shining Light","floor":14,"gold_loss":0,"cards_upgraded":["Defend_G","Neutralize"]},{"damage_healed":0,"gold_gain":0,"player_choice":"Simplicity","damage_taken":0,"max_hp_gain":0,"max_hp_loss":0,"event_name":"Back to Basics","floor":22,"gold_loss":0,"cards_upgraded":["Strike_G","Strike_G","Strike_G","Strike_G","Strike_G","Defend_G","Defend_G","Defend_G","Defend_G"]},{"damage_healed":0,"gold_gain":0,"player_choice":"Ignored","damage_taken":0,"max_hp_gain":0,"max_hp_loss":0,"event_name":"Cursed Tome","floor":25,"gold_loss":0},{"damage_healed":0,"gold_gain":0,"player_choice":"Fought Bandits","damage_taken":0,"max_hp_gain":0,"max_hp_loss":0,"event_name":"Masked Bandits","floor":31,"gold_loss":0}],"is_beta":false,"boss_relics":[{"not_picked":["Calling Bell","Busted Crown"],"picked":"Ectoplasm"}],"items_purged_floors":[],"is_endless":false,"potions_floor_spawned":[4,7,10,11,12,16,18,27,30],"killed_by":"Collector","ascension_level":20}}