{"host":"sc0o2qwpf9j16a4i","time":1611597773,"event":{"mods":["AchievementEnabler","BaseMod","BetterRewards","Block Reminder","Colored Map","Colored Powertips","Custom Start","Highlight Path","Minty Spire (QoL Compilation)","Relic Stats"],"gold_per_floor":[119,119,44,55,71,71,101,111,164,164,194,194,26,40,40,114,114,130,130,145,160,177,177,207,207,256,256,20,200,227,241,241,241,241],"floor_reached":33,"language":"ENG","playtime":959,"items_purged":["Strike_R"],"score":615,"play_id":"bd8fd643-529a-4fad-be92-88294da74d71","local_time":"20210125200253","is_ascension_mode":true,"campfire_choices":[{"floor":6,"key":"REST"},{"floor":10,"key":"REST"},{"floor":12,"key":"REST"},{"floor":15,"key":"REST"},{"floor":23,"key":"REST"},{"floor":25,"key":"REST"},{"floor":32,"key":"REST"}],"circlet_count":0,"master_deck":["AscendersBane","Strike_R","Defend_R","Defend_R","Defend_R","Defend_R","Bash","Rampage","Clothesline","Headbutt","Disarm","Shrug It Off","Feed","Flame Barrier","Immolate","Pommel Strike+1","Impervious+1","Clash+1","Spot Weakness+1","Shockwave","True Grit","Disarm","Dark Embrace","Reaper","Feel No Pain+1"],"relics":["Burning Blood","Calipers","Sundial","Bronze Scales","Bag of Preparation","FossilizedHelix","Astrolabe","Red Skull","Akabeko","Smiling Mask"],"acts_visited":["Exordium","TheCity"],"potions_floor_usage":[7,11,14,16,20,24],"damage_taken":[{"damage":3,"enemies":"2 Louse","floor":1,"turns":4},{"damage":23,"enemies":"Small Slimes","floor":4,"turns":5},{"damage":2,"enemies":"Jaw Worm","floor":5,"turns":4},{"damage":27,"enemies":"Lagavulin","floor":7,"turns":8},{"damage":20,"enemies":"Gremlin Gang","floor":8,"turns":6},{"damage":16,"enemies":"Gremlin Nob","floor":11,"turns":4},{"damage":0,"enemies":"Lots of Slimes","floor":14,"turns":1},{"damage":10,"enemies":"The Guardian","floor":16,"turns":12},{"damage":9,"enemies":"Shell Parasite","floor":18,"turns":9},{"damage":19,"enemies":"2 Thieves","floor":20,"turns":3},{"damage":52,"enemies":"Chosen and Byrds","floor":21,"turns":7},{"damage":0,"enemies":"Snecko","floor":22,"turns":8},{"damage":28,"enemies":"Book of Stabbing","floor":24,"turns":7},{"damage":22,"enemies":"Slavers","floor":30,"turns":3},{"damage":16,"enemies":"Snake Plant","floor":31,"turns":7},{"damage":100,"enemies":"Collector","floor":33,"turns":6}],"seed_played":"-4512365669290541040","potions_obtained":[{"floor":1,"key":"SteroidPotion"},{"floor":7,"key":"CultistPotion"},{"floor":8,"key":"SkillPotion"},{"floor":11,"key":"Explosive Potion"},{"floor":16,"key":"Explosive Potion"},{"floor":22,"key":"CultistPotion"}],"is_trial":false,"path_per_floor":["M","?","?","M","M","R","E","M","T","R","E","R","$","M","R","B",null,"M","?","M","M","M","R","E","R","T","?","$","?","E","M","R","B"],"character_chosen":"IRONCLAD","items_purchased":["Feed","Reaper"],"campfire_rested":7,"item_purchase_floors":[13,28],"current_hp_per_floor":[71,36,36,19,23,45,24,10,10,32,22,44,44,50,72,71,76,76,76,66,23,32,59,37,64,64,64,64,45,32,25,53,0,0],"gold":241,"neow_bonus":"ONE_RARE_RELIC","is_daily":false,"chose_seed":false,"campfire_upgraded":0,"win_rate":0.0,"timestamp":1611597773,"path_taken":["M","?","?","?","M","R","E","?","T","R","E","R","$","?","R","BOSS","M","?","M","M","M","R","E","R","T","?","$","?","E","M","R","BOSS"],"items_purchased_type":["Card","Card"],"build_version":"2020-12-22","purchased_purges":1,"victory":false,"max_hp_per_floor":[75,75,75,75,75,75,75,75,75,75,75,75,75,75,75,78,78,81,81,84,87,90,90,90,90,90,90,90,90,93,96,96,96,96],"relic_stats":{"counters":[16,94],"Sundial":[14],"Bronze Scales":[305],"Astrolabe":["Pommel Strike","Impervious","Clash"],"Bag of Preparation":[22],"Smiling Mask":0,"obtain_stats":[{"Calipers":0,"Sundial":2,"Bronze Scales":7,"Astrolabe":17,"Bag of Preparation":9,"Smiling Mask":30,"Burning Blood":0,"FossilizedHelix":11,"Red Skull":24,"Akabeko":26},{"Calipers":0,"Sundial":1,"Bronze Scales":4,"Astrolabe":8,"Bag of Preparation":5,"Smiling Mask":14,"Burning Blood":0,"FossilizedHelix":6,"Red Skull":13,"Akabeko":13},{"Calipers":0,"Sundial":4,"Bronze Scales":21,"Astrolabe":44,"Bag of Preparation":27,"Smiling Mask":81,"Burning Blood":0,"FossilizedHelix":31,"Red Skull":78,"Akabeko":78}],"Burning Blood":90},"card_choices":[{"not_picked":["Pommel Strike","Heavy Blade"],"picked":"Rampage","floor":1},{"not_picked":["Cleave","Second Wind"],"picked":"Clothesline","floor":4},{"not_picked":["Double Tap","Cleave"],"picked":"Headbutt","floor":5},{"not_picked":["Flex","Metallicize"],"picked":"Disarm","floor":7},{"not_picked":["Carnage","Warcry"],"picked":"Shrug It Off","floor":8},{"not_picked":["Perfected Strike","Bludgeon","Evolve"],"picked":"SKIP","floor":11},{"not_picked":["Reckless Charge","Combust"],"picked":"Flame Barrier","floor":14},{"not_picked":["Juggernaut","Bludgeon"],"picked":"Immolate","floor":16},{"not_picked":["Feel No Pain","True Grit"],"picked":"Spot Weakness+1","floor":18},{"not_picked":["Rupture","Infernal Blade"],"picked":"True Grit","floor":20},{"not_picked":["Cleave+1","Clash"],"picked":"Disarm","floor":21},{"not_picked":["Sentinel","Second Wind"],"picked":"Dark Embrace","floor":22},{"not_picked":["Body Slam","Anger","Sever Soul"],"picked":"SKIP","floor":24},{"not_picked":["Spot Weakness+1","Dropkick+1"],"picked":"Feel No Pain+1","floor":30},{"not_picked":["Iron Wave","Reckless Charge","Wild Strike+1"],"picked":"SKIP","floor":31}],"player_experience":960333,"relics_obtained":[{"floor":7,"key":"Bronze Scales"},{"floor":9,"key":"Bag of Preparation"},{"floor":11,"key":"FossilizedHelix"},{"floor":24,"key":"Red Skull"},{"floor":26,"key":"Akabeko"},{"floor":30,"key":"Smiling Mask"}],"event_choices":[{"damage_healed":0,"gold_gain":0,"player_choice":"Success","damage_taken":35,"relics_obtained":["Sundial"],"max_hp_gain":0,"max_hp_loss":0,"event_name":"Scrap Ooze","floor":2,"gold_loss":0},{"cards_removed":["Doubt"],"damage_healed":0,"gold_gain":0,"player_choice":"Card Removal","damage_taken":0,"max_hp_gain":0,"max_hp_loss":0,"event_name":"The Cleric","floor":3,"gold_loss":75},{"damage_healed":0,"gold_gain":0,"player_choice":"Read","damage_taken":0,"max_hp_gain":0,"max_hp_loss":0,"event_name":"The Library","floor":19,"gold_loss":0,"cards_obtained":["Shockwave"]},{"damage_healed":0,"gold_gain":0,"player_choice":"Ignored","damage_taken":0,"max_hp_gain":0,"max_hp_loss":0,"event_name":"The Mausoleum","floor":27,"gold_loss":0},{"damage_healed":0,"gold_gain":180,"player_choice":"GOLD GOLD ","damage_taken":19,"max_hp_gain":0,"max_hp_loss":0,"event_name":"Knowing Skull","floor":29,"potions_obtained":[],"gold_loss":0,"cards_obtained":[]}],"is_beta":false,"boss_relics":[{"not_picked":["Calling Bell","Ectoplasm"],"picked":"Astrolabe"}],"items_purged_floors":[28],"is_endless":false,"potions_floor_spawned":[1,7,8,11,16,22],"killed_by":"Collector","ascension_level":20}}