{"host":"5dhwd44u3dydylwe","time":1611574028,"event":{"mods":["AchievementEnabler","BaseMod","BetterRewards","Dota2Spire","Hubris","Minty Spire (QoL Compilation)","Shop Mod","StSLib","Wandering Minibosses"],"gold_per_floor":[165,208,372,409,473,807,807,807,860,860,860,886,958,735,735,833,833,869,869,906,950,741,796,796,334,360,427,437,542,542,592,592,712,712,754,773,773,788,800,855,865,865,865,890,890,1136,664,678,678,678,678,678,212,246,246],"floor_reached":56,"language":"ENG","playtime":3506,"items_purged":["Strike_G","Defend_G","Strike_G","Defend_G","Defend_G","Strike_G","HandOfGreed+1","Sucker Punch+1"],"score":2357,"play_id":"34e16cbf-40d4-460b-9566-4ce61ed8fae3","local_time":"20210125192708","is_ascension_mode":true,"campfire_choices":[{"data":"Apotheosis","floor":7,"key":"SMITH"},{"floor":10,"key":"REST"},{"data":"Envenom","floor":15,"key":"SMITH"},{"floor":24,"key":"RECALL"},{"data":"Crippling Poison","floor":30,"key":"SMITH"},{"data":"Venomology","floor":32,"key":"SMITH"},{"data":"Leg Sweep","floor":42,"key":"SMITH"},{"data":"Panacea","floor":49,"key":"SMITH"},{"data":"Cloak And Dagger","floor":52,"key":"SMITH"}],"circlet_count":0,"master_deck":["Defend_G","Survivor","Cloak And Dagger+1","Finisher+1","Apotheosis+1","Infinite Blades","Leg Sweep+1","Cloak And Dagger","Venomology+1","Envenom+1","Crippling Poison+1","Glass Knife+1","Footwork+1","Dash+1","Noxious Fumes+1","Skewer+1","Quick Slash+1","Panacea+1","PiercingWail","Caltrops+1","Catalyst+1"],"relics":["Ring of the Snake","Mango","Molten Egg 2","Membership Card","Happy Flower","Singing Bowl","Bronze Scales","Blood Vial","Old Coin","Lantern","PreservedInsect","Centennial Puzzle","hubris:TerracottaHorce","Pantograph","Frozen Egg 2","Dota2Spire:EtherealBlade","Medical Kit","Dota2Spire:CrimsonGuard","Omamori","Empty Cage","Dota2Spire:ShivaGuard","Bottled Tornado","Dota2Spire:AghanimScepter","wanderingMiniBosses:LockLocket","Sundial","ClockworkSouvenir","hubris:CrystalStatue","Dota2Spire:MonkeyKingBar","Pocketwatch"],"acts_visited":["Exordium","TheCity","TheBeyond","TheEnding"],"potions_floor_usage":[14,20,21,29,29,31,31,33,35,38,40,41,44,46,46,46,46,50,54,55,55,55,55],"damage_taken":[{"damage":6,"enemies":"Small Slimes","floor":1,"turns":4},{"damage":7,"enemies":"Jaw Worm","floor":2,"turns":5},{"damage":0,"enemies":"Cultist","floor":3,"turns":6},{"damage":2,"enemies":"Blue Slaver","floor":4,"turns":4},{"damage":5,"enemies":"Gremlin Gang","floor":5,"turns":7},{"damage":10,"enemies":"Gremlin Nob","floor":6,"turns":5},{"damage":0,"enemies":"Lagavulin","floor":12,"turns":5},{"damage":0,"enemies":"Red Slaver","floor":13,"turns":5},{"damage":16,"enemies":"Hexaghost","floor":16,"turns":7},{"damage":3,"enemies":"Shell Parasite","floor":18,"turns":4},{"damage":8,"enemies":"2 Thieves","floor":20,"turns":4},{"damage":4,"enemies":"Centurion and Healer","floor":21,"turns":7},{"damage":10,"enemies":"Slavers","floor":23,"turns":4},{"damage":5,"enemies":"3 Cultists","floor":27,"turns":5},{"damage":1,"enemies":"Snake Plant","floor":28,"turns":4},{"damage":0,"enemies":"Centurion and Healer","floor":29,"turns":7},{"damage":0,"enemies":"Gremlin Leader","floor":31,"turns":4},{"damage":19,"enemies":"Collector","floor":33,"turns":7},{"damage":0,"enemies":"3 Darklings","floor":35,"turns":5},{"damage":0,"enemies":"Orb Walker","floor":36,"turns":4},{"damage":4,"enemies":"3 Darklings","floor":38,"turns":4},{"damage":28,"enemies":"Writhing Mass","floor":39,"turns":7},{"damage":29,"enemies":"Reptomancer","floor":40,"turns":6},{"damage":0,"enemies":"Maw","floor":41,"turns":6},{"damage":0,"enemies":"Giant Head","floor":44,"turns":6},{"damage":6,"enemies":"Transient","floor":46,"turns":5},{"damage":0,"enemies":"4 Shapes","floor":48,"turns":6},{"damage":9,"enemies":"Time Eater","floor":50,"turns":14},{"damage":7,"enemies":"Shield and Spear","floor":54,"turns":6},{"damage":34,"enemies":"The Heart","floor":55,"turns":7}],"seed_played":"4971325006658636012","potions_obtained":[{"floor":2,"key":"Weak Potion"},{"floor":12,"key":"Fire Potion"},{"floor":29,"key":"AttackPotion"},{"floor":33,"key":"Poison Potion"},{"floor":44,"key":"Strength Potion"},{"floor":46,"key":"DistilledChaos"}],"is_trial":false,"path_per_floor":["M","M","M","M","M","E","R","?","T","R","?","E","M","$","R","B",null,"M","?","M","M","$","E","R","$","T","M","M","M","R","E","R","B",null,"M","M","?","M","M","E","M","R","T","E","?","M","$","M","R","B",null,"R","$","E","B",null],"character_chosen":"THE_SILENT","items_purchased":["Mango","Molten Egg 2","Cloak And Dagger","Finisher+1","Membership Card","Happy Flower","Singing Bowl","HandOfGreed+1","Apotheosis","Bronze Scales","Blood Vial","Centennial Puzzle","Fruit Juice","Poison Potion","Pantograph","Footwork+1","Dota2Spire:EtherealBlade","Medical Kit","Dota2Spire:CrimsonGuard","Sundial","ClockworkSouvenir","Noxious Fumes+1","Skewer+1","Quick Slash+1","AttackPotion","Panacea","hubris:CrystalStatue","Dota2Spire:MonkeyKingBar","PiercingWail","Block Potion","Caltrops+1"],"campfire_rested":1,"item_purchase_floors":[0,0,0,0,0,0,0,0,0,0,0,14,14,14,22,25,25,25,25,47,47,47,47,47,47,47,53,53,53,53,53],"current_hp_per_floor":[38,33,35,37,36,28,28,33,33,60,60,62,66,71,71,57,89,90,90,86,86,86,80,80,80,80,79,82,104,104,108,108,99,113,117,121,123,122,96,71,75,75,75,79,79,77,77,81,81,99,127,127,127,122,102],"gold":246,"neow_bonus":"","is_daily":false,"chose_seed":false,"campfire_upgraded":7,"win_rate":0.0,"timestamp":1611574028,"path_taken":["M","M","M","M","M","E","R","?","T","R","?","E","?","$","R","BOSS","M","?","M","?","$","E","R","$","T","M","M","M","R","E","R","BOSS","M","M","?","M","M","E","M","R","T","E","?","M","$","M","R","BOSS","R","$","E","BOSS"],"items_purchased_type":["Relic","Relic","Card","Card","Relic","Relic","Relic","Card","Card","Relic","Relic","Relic","Potion","Potion","Relic","Card","Relic","Relic","Relic","Relic","Relic","Card","Card","Card","Potion","Card","Relic","Relic","Card","Potion","Card"],"build_version":"2020-12-22","purchased_purges":8,"victory":true,"max_hp_per_floor":[84,84,84,86,88,88,88,93,93,93,93,93,95,100,100,100,100,102,102,104,106,106,108,108,108,108,110,112,114,114,116,116,118,118,120,122,124,126,126,128,130,130,130,132,132,134,134,136,136,136,136,136,136,136,136],"card_choices":[{"not_picked":["Slice+1","Endless Agony+1"],"picked":"Infinite Blades","floor":1},{"not_picked":["Expertise","Dodge and Roll"],"picked":"Leg Sweep","floor":2},{"not_picked":["Deflect","Distraction"],"picked":"Cloak And Dagger","floor":3},{"not_picked":["Underhanded Strike+1","Poisoned Stab+1","Acrobatics"],"picked":"Singing Bowl","floor":4},{"not_picked":["Underhanded Strike+1","Dagger Spray+1","Concentrate"],"picked":"Singing Bowl","floor":5},{"not_picked":["Deflect","Tactician"],"picked":"Venomology","floor":6},{"not_picked":["Sucker Punch+1","Finisher+1"],"picked":"Crippling Poison","floor":12},{"not_picked":["PiercingWail","Blur","Backstab+1"],"picked":"Singing Bowl","floor":13},{"not_picked":["Envenom","Grand Finale+1"],"picked":"Glass Knife+1","floor":16},{"not_picked":["Dagger Throw+1","hubris:Sniper","Tactician"],"picked":"Singing Bowl","floor":18},{"not_picked":["Deflect+1","Deadly Poison","Cloak And Dagger"],"picked":"Singing Bowl","floor":20},{"not_picked":["Reflex","Heel Hook+1","Deadly Poison"],"picked":"Singing Bowl","floor":21},{"not_picked":["Wraith Form v2+1","Slice+1","Bane+1"],"picked":"Singing Bowl","floor":23},{"not_picked":["Masterful Stab+1","Quick Slash+1","Outmaneuver"],"picked":"Singing Bowl","floor":27},{"not_picked":["hubris:SlightOfHand+1","PiercingWail","Flying Knee+1"],"picked":"Singing Bowl","floor":28},{"not_picked":["PiercingWail+1","Infinite Blades+1","Deflect"],"picked":"Singing Bowl","floor":29},{"not_picked":["Venomology","Cloak And Dagger","Poisoned Stab+1"],"picked":"Singing Bowl","floor":31},{"not_picked":["Doppelganger","Burst","Venomology"],"picked":"Singing Bowl","floor":33},{"not_picked":["Crippling Poison","Escape Plan","Riddle With Holes+1"],"picked":"Singing Bowl","floor":35},{"not_picked":["hubris:TrickCloak+1","PiercingWail","hubris:SlightOfHand"],"picked":"Singing Bowl","floor":36},{"not_picked":["PanicButton","Transmutation","Apotheosis"],"picked":"Singing Bowl","floor":37},{"not_picked":["Prepared+1","hubris:Sniper+1","Cloak And Dagger"],"picked":"Singing Bowl","floor":38},{"not_picked":["PiercingWail+1","Concentrate"],"picked":"Dash+1","floor":39},{"not_picked":["Heel Hook+1","hubris:Sniper+1","Dash+1"],"picked":"Singing Bowl","floor":40},{"not_picked":["Backflip","Slice+1","Cloak And Dagger+1"],"picked":"Singing Bowl","floor":41},{"not_picked":["Dagger Spray+1","Deadly Poison","Underhanded Strike+1"],"picked":"Singing Bowl","floor":44},{"not_picked":["Dagger Throw+1","Bane+1","Calculated Gamble"],"picked":"Singing Bowl","floor":46},{"not_picked":["Dagger Throw+1","After Image+1","Slice+1"],"picked":"Singing Bowl","floor":48},{"not_picked":["Bane+1","hubris:Counter+1"],"picked":"Catalyst+1","floor":54}],"player_experience":104395,"relics_obtained":[{"floor":6,"key":"Old Coin"},{"floor":9,"key":"Lantern"},{"floor":12,"key":"PreservedInsect"},{"floor":23,"key":"Frozen Egg 2"},{"floor":31,"key":"Omamori"},{"floor":40,"key":"Dota2Spire:ShivaGuard"},{"floor":43,"key":"Bottled Tornado"},{"floor":44,"key":"Dota2Spire:AghanimScepter"},{"floor":46,"key":"wanderingMiniBosses:LockLocket"},{"floor":54,"key":"Pocketwatch"}],"event_choices":[{"damage_healed":0,"gold_gain":0,"player_choice":"Donut","damage_taken":0,"max_hp_gain":5,"max_hp_loss":0,"event_name":"Big Fish","floor":8,"gold_loss":0},{"damage_healed":0,"gold_gain":0,"player_choice":"1 cards matched","damage_taken":0,"max_hp_gain":0,"max_hp_loss":0,"event_name":"Match and Keep!","floor":11,"gold_loss":0,"cards_obtained":["Envenom"]},{"cards_removed":["Strike_G"],"damage_healed":0,"gold_gain":0,"player_choice":"Offered Basic","damage_taken":0,"max_hp_gain":0,"max_hp_loss":0,"event_name":"Bonfire Elementals","floor":19,"gold_loss":0},{"damage_healed":0,"gold_gain":0,"player_choice":"Memory 1","damage_taken":0,"max_hp_gain":0,"max_hp_loss":0,"event_name":"SensoryStone","floor":37,"gold_loss":0},{"damage_healed":0,"gold_gain":0,"cards_transformed":["Strike_G"],"player_choice":"Transformed","damage_taken":0,"max_hp_gain":0,"max_hp_loss":0,"event_name":"Transmorgrifier","floor":45,"gold_loss":0,"cards_obtained":["Sucker Punch"]}],"is_beta":false,"boss_relics":[{"not_picked":["hubris:CrackedHourglass","Busted Crown"],"picked":"hubris:TerracottaHorce"},{"not_picked":["hubris:RunicObelisk","Runic Pyramid"],"picked":"Empty Cage"}],"items_purged_floors":[0,0,0,14,22,25,47,53],"is_endless":false,"potions_floor_spawned":[2,12,16,20,21,23,29,33,36,38,41,44,46],"ascension_level":10}}