{"host":"och2iitg9ibgz06n","time":1611603650,"event":{"mods":["Abigail Mod","AchievementEnabler","Aspiration","BaseMod","Colored Powertips","Dio Mod","Hubris","Hyrulean Relics","Infinite Spire","Minty Spire (QoL Compilation)","Replay The Spire","Small Relic Pack","StSLib","The Animator","The Bug Knight","The Hierophant","The Jungle","The Saiyan","TheHero","Wandering Minibosses","everything is the same but u backflip on backflip","slay the spire mod where everything is the same but ironclad has a cowboy hat"],"gold_per_floor":[109,120,211,211,211,243,243,255,255,268,268,282,282,297,297,297,297],"floor_reached":16,"language":"ENG","playtime":551,"items_purged":[],"score":117,"play_id":"c8543b5a-e29f-4fc4-943a-0f2355e9dab7","local_time":"20210125134050","is_ascension_mode":true,"campfire_choices":[{"floor":7,"key":"REST"},{"data":"Phantasmal Killer","floor":11,"key":"SMITH"},{"data":"Neutralize","floor":13,"key":"SMITH"},{"floor":15,"key":"REST"}],"circlet_count":0,"master_deck":["Strike_G","Strike_G","Strike_G","Strike_G","Strike_G","Defend_G","Defend_G","Defend_G","Defend_G+1","Defend_G","Survivor","Neutralize+1","Blade Dance","Outmaneuver","Leg Sweep","Slice","Trip","Slice","Phantasmal Killer+1","hubris:Counter","Dagger Spray"],"relics":["Ring of the Snake","Boot","infinitespire:FocusingShard"],"acts_visited":["Exordium"],"potions_floor_usage":[16,16],"damage_taken":[{"damage":0,"enemies":"Cultist","floor":1,"turns":4},{"damage":0,"enemies":"Jaw Worm","floor":2,"turns":5},{"damage":24,"enemies":"Gremlin Nob","floor":6,"turns":5},{"damage":0,"enemies":"2 Louse","floor":8,"turns":1},{"damage":5,"enemies":"Large Slime","floor":10,"turns":6},{"damage":0,"enemies":"Red Slaver","floor":12,"turns":4},{"damage":14,"enemies":"Lots of Slimes","floor":14,"turns":5},{"damage":62,"enemies":"Slime Boss","floor":16,"turns":15}],"seed_played":"-2455670846988572974","potions_obtained":[{"floor":8,"key":"Venom Potion"},{"floor":14,"key":"DuplicationPotion"}],"is_trial":false,"path_per_floor":["M","M","?","?","?","E","R","M","T","M","R","M","R","M","R","B"],"character_chosen":"THE_SILENT","items_purchased":[],"campfire_rested":2,"item_purchase_floors":[],"current_hp_per_floor":[77,77,58,58,58,34,57,57,57,52,52,52,52,38,61,0,0],"gold":297,"neow_bonus":"TEN_PERCENT_HP_BONUS","is_daily":false,"chose_seed":false,"campfire_upgraded":2,"win_rate":0.0,"timestamp":1611603650,"path_taken":["M","M","?","?","?","E","R","?","T","M","R","M","R","?","R","BOSS"],"items_purchased_type":[],"build_version":"2020-12-22","purchased_purges":0,"victory":false,"max_hp_per_floor":[77,77,77,77,77,77,77,77,77,77,77,77,77,77,77,77,77],"card_choices":[{"not_picked":["Heel Hook","Prepared"],"picked":"Blade Dance","floor":1},{"not_picked":["Hidden Blade","hubris:SlightOfHand"],"picked":"Outmaneuver","floor":2},{"not_picked":["ReplayTheSpireMod:Tripwire","Dagger Throw"],"picked":"Leg Sweep","floor":3},{"not_picked":["Sucker Punch","Footwork"],"picked":"Slice","floor":3},{"not_picked":["hubris:TrickCloak","Replay:Poison Smokescreen"],"picked":"Slice","floor":6},{"not_picked":["Deadly Poison","Calculated Gamble"],"picked":"Phantasmal Killer","floor":8},{"not_picked":["Dagger Spray","Choke"],"picked":"hubris:Counter","floor":10},{"not_picked":["Skewer","Heel Hook","Sucker Punch"],"picked":"SKIP","floor":12},{"not_picked":["hubris:SlightOfHand","Deflect"],"picked":"Dagger Spray","floor":14}],"player_experience":475364,"relics_obtained":[{"floor":3,"key":"Boot"},{"floor":6,"key":"infinitespire:FocusingShard"}],"event_choices":[{"damage_healed":0,"gold_gain":0,"player_choice":"1 cards matched","damage_taken":0,"max_hp_gain":0,"max_hp_loss":0,"event_name":"Match and Keep!","floor":5,"gold_loss":0,"cards_obtained":["Trip"]}],"is_beta":false,"boss_relics":[],"items_purged_floors":[],"is_endless":false,"potions_floor_spawned":[8,14],"killed_by":"Slime Boss","ascension_level":3}}