{"host":"zxd7sxkt31l2m2hb","time":1611581231,"event":{"mods":["AchievementEnabler","BaseMod","BetterRewards","Colored Map","Colored Powertips","Highlight Path","Minty Spire (QoL Compilation)","StSLib","SuperFastMode","The Jungle","slay the spire mod where everything is the same but ironclad has a cowboy hat"],"gold_per_floor":[114,63,138,65,65,65,65,65,144,144,144,144,161,161,161,257,257,271,20,20,20,30,30,30,47,47,61,61,61,61,72,72,168,168,181,195,249,249,38,38,38,38,38,38,38,38,57,67,67,67],"floor_reached":51,"language":"DEU","playtime":2607,"items_purged":[],"score":777,"play_id":"971b2088-748b-4ee2-a041-1b0c1807a52d","local_time":"20210125142710","daily_mods":["SealedDeck","Hoarder","Vintage","Heirloom","Flight","Binary"],"is_ascension_mode":false,"campfire_choices":[{"data":"Redo","floor":6,"key":"SMITH"},{"data":"Redo","floor":7,"key":"SMITH"},{"data":"Redo","floor":8,"key":"SMITH"},{"data":"Double Energy","floor":10,"key":"SMITH"},{"data":"Double Energy","floor":15,"key":"SMITH"},{"data":"Double Energy","floor":23,"key":"SMITH"},{"data":"Blizzard","floor":24,"key":"SMITH"},{"data":"Blizzard","floor":29,"key":"PURGE"},{"data":"Conserve Battery","floor":32,"key":"PURGE"},{"data":"Hologram","floor":40,"key":"PURGE"},{"data":"Hologram","floor":41,"key":"PURGE"},{"data":"Hologram+1","floor":44,"key":"PURGE"},{"data":"Conserve Battery+1","floor":46,"key":"PURGE"},{"data":"Panache+1","floor":49,"key":"PURGE"}],"circlet_count":0,"master_deck":["Beam Cell+1","Beam Cell+1","Beam Cell+1","Gash+1","Gash+1","Gash+1","Gash+1","Gash+1","Gash+1","Redo+1","Redo+1","Redo+1","Conserve Battery+1","Conserve Battery+1","Conserve Battery+1","Conserve Battery+1","Coolheaded+1","Coolheaded+1","Coolheaded+1","Blizzard+1","Blizzard+1","Go for the Eyes+1","Go for the Eyes+1","Go for the Eyes+1","Double Energy+1","Double Energy+1","Double Energy+1","Panache+1","Panache+1","Flash of Steel+1","Flash of Steel+1","Flash of Steel+1"],"relics":["Cracked Core","Busted Crown","Unceasing Top","Frozen Egg 2","Molten Egg 2","Art of War","Nuclear Battery","CeramicFish","Kunai","Pantograph","Peace Pipe","Emotion Chip","Pen Nib","The Courier","Sozu","Boot","Pocketwatch","Calipers","Mark of the Bloom","Bottled Flame","Whetstone","Bird Faced Urn"],"acts_visited":["Exordium","TheCity","TheBeyond"],"potions_floor_usage":[],"damage_taken":[{"damage":0,"enemies":"Small Slimes","floor":1,"turns":3},{"damage":0,"enemies":"2 Louse","floor":13,"turns":2},{"damage":3,"enemies":"The Guardian","floor":16,"turns":4},{"damage":0,"enemies":"Chosen","floor":18,"turns":2},{"damage":0,"enemies":"3 Byrds","floor":22,"turns":1},{"damage":0,"enemies":"Snake Plant","floor":25,"turns":2},{"damage":0,"enemies":"Shelled Parasite and Fungi","floor":27,"turns":2},{"damage":0,"enemies":"Sentry and Sphere","floor":31,"turns":2},{"damage":0,"enemies":"Champ","floor":33,"turns":2},{"damage":0,"enemies":"3 Darklings","floor":35,"turns":1},{"damage":0,"enemies":"Orb Walker","floor":36,"turns":1},{"damage":6,"enemies":"2 Orb Walkers","floor":37,"turns":4},{"damage":0,"enemies":"Spire Growth","floor":47,"turns":1},{"damage":0,"enemies":"Writhing Mass","floor":48,"turns":1},{"damage":8,"enemies":"Time Eater","floor":50,"turns":4}],"seed_played":"2191671627193164717","potions_obtained":[{"floor":13,"key":"Strength Potion"},{"floor":21,"key":"Weak Potion"},{"floor":21,"key":"ColorlessPotion"}],"is_trial":true,"path_per_floor":["M","$","?","$","?","R","R","R","T","R","$","?","M","?","R","B",null,"M","$","?","?","M","R","R","M","T","M","?","R","?","M","R","B",null,"M","M","?","?","$","R","R","?","T","R","?","R","M","M","R","B",null],"character_chosen":"DEFECT","items_purchased":["Go for the Eyes","Double Energy","Kunai","Panache+1","Flash of Steel+1"],"campfire_rested":0,"item_purchase_floors":[2,4,19,39,39],"current_hp_per_floor":[75,75,64,64,69,69,69,69,69,69,69,62,62,62,62,59,80,80,80,80,80,80,80,80,80,80,80,80,80,80,80,80,80,80,80,80,74,74,74,74,74,74,74,74,74,74,74,74,74,66],"gold":67,"neow_bonus":"","is_daily":false,"chose_seed":false,"campfire_upgraded":7,"win_rate":0.0,"timestamp":1611581230,"path_taken":["M","$","?","$","?","R","R","R","T","R","?","?","M","?","R","BOSS","M","?","?","?","M","R","R","?","T","M","?","R","?","M","R","BOSS","M","M","?","?","$","R","R","?","T","R","?","R","M","M","R","BOSS"],"items_purchased_type":["Card","Card","Relic","Card","Card"],"build_version":"2020-12-22","purchased_purges":0,"victory":true,"max_hp_per_floor":[75,75,75,75,80,80,80,80,80,80,80,80,80,80,80,80,80,80,80,80,80,80,80,80,80,80,80,80,80,80,80,80,80,80,80,80,80,76,76,76,76,76,76,76,76,76,76,76,76,76],"card_choices":[],"player_experience":94651,"relics_obtained":[{"floor":1,"key":"Frozen Egg 2"},{"floor":9,"key":"Molten Egg 2"},{"floor":13,"key":"Art of War"},{"floor":18,"key":"CeramicFish"},{"floor":22,"key":"Pantograph"},{"floor":25,"key":"Peace Pipe"},{"floor":26,"key":"Emotion Chip"},{"floor":27,"key":"Pen Nib"},{"floor":31,"key":"The Courier"},{"floor":35,"key":"Boot"},{"floor":36,"key":"Pocketwatch"},{"floor":37,"key":"Calipers"},{"floor":43,"key":"Bottled Flame"},{"floor":47,"key":"Whetstone"},{"floor":48,"key":"Bird Faced Urn"}],"event_choices":[{"damage_healed":0,"gold_gain":75,"player_choice":"Gather Gold","damage_taken":11,"max_hp_gain":0,"max_hp_loss":0,"event_name":"World of Goop","floor":3,"gold_loss":0},{"damage_healed":0,"gold_gain":0,"player_choice":"Donut","damage_taken":0,"max_hp_gain":5,"max_hp_loss":0,"event_name":"Big Fish","floor":5,"gold_loss":0},{"cards_removed":["Blizzard"],"damage_healed":0,"gold_gain":0,"player_choice":"Card Removal","damage_taken":7,"max_hp_gain":0,"max_hp_loss":0,"event_name":"Golden Wing","floor":12,"gold_loss":0},{"cards_removed":["Blizzard"],"damage_healed":0,"gold_gain":0,"player_choice":"Purged","damage_taken":0,"max_hp_gain":0,"max_hp_loss":0,"event_name":"Purifier","floor":14,"gold_loss":0},{"damage_healed":0,"gold_gain":0,"player_choice":"Ignored","damage_taken":0,"max_hp_gain":0,"max_hp_loss":0,"event_name":"Ghosts","floor":20,"gold_loss":0},{"damage_healed":0,"gold_gain":0,"player_choice":"Got Potions","damage_taken":0,"max_hp_gain":0,"max_hp_loss":0,"event_name":"Lab","floor":21,"gold_loss":0},{"cards_removed":["Blizzard"],"damage_healed":0,"gold_gain":0,"player_choice":"Elegance","damage_taken":0,"max_hp_gain":0,"max_hp_loss":0,"event_name":"Back to Basics","floor":28,"gold_loss":0},{"damage_healed":0,"gold_gain":0,"player_choice":"Ignored","damage_taken":0,"max_hp_gain":0,"max_hp_loss":0,"event_name":"Vampires","floor":30,"gold_loss":0},{"damage_healed":0,"gold_gain":0,"player_choice":"Fight","damage_taken":0,"max_hp_gain":0,"max_hp_loss":0,"event_name":"Mysterious Sphere","floor":37,"gold_loss":0},{"damage_healed":0,"gold_gain":0,"player_choice":"Max HP","damage_taken":0,"max_hp_gain":0,"max_hp_loss":4,"event_name":"Winding Halls","floor":38,"gold_loss":0},{"damage_healed":0,"gold_gain":0,"player_choice":"Upgrade","damage_taken":0,"relics_obtained":["Mark of the Bloom"],"max_hp_gain":0,"max_hp_loss":0,"event_name":"MindBloom","floor":42,"gold_loss":0,"cards_upgraded":["Beam Cell","Beam Cell","Beam Cell","Hologram","Gash","Gash","Gash","Gash","Gash","Gash","Conserve Battery","Conserve Battery","Conserve Battery","Conserve Battery","Conserve Battery","Coolheaded","Coolheaded","Coolheaded","Blizzard","Go for the Eyes","Go for the Eyes","Go for the Eyes"]},{"damage_healed":0,"gold_gain":0,"player_choice":"Memory 1","damage_taken":0,"max_hp_gain":0,"max_hp_loss":0,"event_name":"SensoryStone","floor":45,"gold_loss":0}],"is_beta":false,"boss_relics":[{"not_picked":["Empty Cage","Snecko Eye"],"picked":"Nuclear Battery"},{"not_picked":["Tiny House","Cursed Key"],"picked":"Sozu"}],"items_purged_floors":[],"is_endless":false,"potions_floor_spawned":[13,22,25,37],"ascension_level":0}}