{"host":"minbhrtlkaoly5f0","time":1611558582,"event":{"mods":["Act Like it!","BaseMod","Colored Map","Lobotomy","LobotomyExtend","Minty Spire (QoL Compilation)","Quick Restart","StSLib"],"gold_per_floor":[112,37,37,37,48,48,66,66,66,66,66,66,81,93,93,191,191,205,217,217,217,233,259,259,279,333,359,374,374,390,406,406,507,507,524,524,524],"floor_reached":36,"language":"ZHS","playtime":1293,"items_purged":["SpecialBullet"],"score":346,"play_id":"a1fbb556-5512-4ce2-ac2a-ead9df2a5d94","local_time":"20210125150942","is_ascension_mode":false,"campfire_choices":[{"floor":24,"key":"RECALL"}],"circlet_count":0,"master_deck":["SpecialBullet","SpecialBullet","SpecialBullet","SpecialBullet","HereticApostle","SpecialBullet","InformationCode","SecurityCode","DisciplinaryCode","Lamp+17","FourthMatchFlame","CrumblingArmor","ExtractionCode","GreedKing","QueenOfHatred","Pinks","TrainingCode","FourthMatchFlame","FourthMatchFlame","Wingbeat","BodiesMountain","FourthMatchFlame","Moonlight","ControlCode","Pinks","CurseOfTheBell"],"relics":["CogitoBucket","LetterFromLob","Question Card","ShedSkin_r","Moonlight_r","Runic Pyramid","BackwardClock","MutagenicStrength","Bronze Scales","Girya","ResearcherNote","Calling Bell","MealTicket","White Beast Statue","Shovel"],"acts_visited":["Exordium","TheCity","TheBeyond"],"potions_floor_usage":[22,25,36],"damage_taken":[{"damage":0.0,"enemies":"Small Slimes","floor":1.0,"turns":2.0},{"damage":11.0,"enemies":"Jaw Worm","floor":5.0,"turns":2.0},{"damage":4.0,"enemies":"Cultist","floor":7.0,"turns":2.0},{"damage":0.0,"enemies":"Exordium Thugs","floor":13.0,"turns":1.0},{"damage":10.0,"enemies":"Large Slime","floor":14.0,"turns":3.0},{"damage":0.0,"enemies":"Slime Boss","floor":16.0,"turns":4.0},{"damage":16.0,"enemies":"3 Byrds","floor":18.0,"turns":3.0},{"damage":5.0,"enemies":"Chosen","floor":19.0,"turns":2.0},{"damage":13,"enemies":"Snecko","floor":22,"turns":3},{"damage":51,"enemies":"Slavers","floor":23,"turns":4},{"damage":10,"enemies":"Centurion and Healer","floor":25,"turns":3},{"damage":12,"enemies":"Book of Stabbing","floor":27,"turns":2},{"damage":2,"enemies":"Snake Plant","floor":28,"turns":3},{"damage":13,"enemies":"Cultist and Chosen","floor":30,"turns":4},{"damage":0,"enemies":"Shelled Parasite and Fungi","floor":31,"turns":1},{"damage":31,"enemies":"Automaton","floor":33,"turns":3},{"damage":13,"enemies":"3 Darklings","floor":35,"turns":3},{"damage":34,"enemies":"3 Shapes","floor":36,"turns":7}],"seed_played":"1509061832601430277","potions_obtained":[{"floor":5.0,"key":"AttackPotion"},{"floor":13.0,"key":"LiquidBronze"},{"floor":18.0,"key":"DistilledChaos"},{"floor":19.0,"key":"Energy Potion"},{"floor":25,"key":"Fire Potion"},{"floor":30,"key":"CultistPotion"}],"is_trial":false,"path_per_floor":["M","$","?","?","M","R","M","R","T","M","R","?","M","M","R","B",null,"M","M","?","?","M","E","R","M","T","E","M","R","M","M","R","B",null,"M","M"],"character_chosen":"Angela","items_purchased":[],"campfire_rested":0,"item_purchase_floors":[],"current_hp_per_floor":[70,70,56,70,67,67,70,70,70,25,25,25,37,42,42,42,80,80,80,80,80,80,47,47,61,61,69,80,80,80,80,80,73,80,80,57,57],"gold":524,"neow_bonus":"REMOVE_CARD","is_daily":false,"chose_seed":false,"campfire_upgraded":0,"win_rate":0.0,"timestamp":1611558582,"path_taken":["M","$","?","?","M","R","M","R","T","M","R","?","M","?","R","BOSS","M","M","?","?","M","E","R","M","T","E","M","R","M","M","R","BOSS","M","M"],"items_purchased_type":[],"build_version":"2020-12-22","purchased_purges":1,"victory":false,"max_hp_per_floor":[70,70,70,70,70,70,70,70,70,70,70,80,80,80,80,80,80,80,80,80,80,80,80,80,80,80,80,80,80,80,80,80,80,80,80,80,80],"card_choices":[{"not_picked":["Ecstasy"],"picked":"Lamp","floor":1.0},{"not_picked":["FairyFestival","WallGazer"],"picked":"WhiteNight","floor":5.0},{"not_picked":["Penitence","Galaxy"],"picked":"SKIP","floor":5.0},{"not_picked":["Penitence","Galaxy"],"picked":"SKIP","floor":5.0},{"not_picked":["Wingbeat"],"picked":"FourthMatchFlame","floor":7.0},{"not_picked":["Bloodbath","VoidDream"],"picked":"CrumblingArmor","floor":7.0},{"not_picked":["Soda","Regret_ego","TodaysExpression"],"picked":"SKIP","floor":13.0},{"not_picked":["Woodsman","UniverseFragment"],"picked":"GreedKing","floor":14.0},{"not_picked":["Loneliness","DaCapo","Beak"],"picked":"SKIP","floor":14.0},{"not_picked":["DespairKnight","PunishingBird"],"picked":"QueenOfHatred","floor":16.0},{"not_picked":["ParadiseLost","CENSORED_ego","Adoration"],"picked":"Pinks","floor":16.0},{"not_picked":["WristCuter","Wingbeat","Horn","Penitence+1"],"picked":"SKIP","floor":18.0},{"not_picked":["CherryBlossom","Gaze","Loneliness"],"picked":"FourthMatchFlame","floor":19.0},{"not_picked":["Noise","SoundOfStar","SwordSharpenedByTears+1","Galaxy"],"picked":"SKIP","floor":22},{"not_picked":["BlueScar","Galaxy+1","Regret_ego","CUTE+1"],"picked":"SKIP","floor":22},{"not_picked":["Laetitia_ego","Wingbeat","CUTE+1"],"picked":"FourthMatchFlame","floor":23},{"not_picked":["RapturousDream","TodaysExpression","Lamp+1"],"picked":"Wingbeat","floor":25},{"not_picked":["HeroicMonk","MHz"],"picked":"BodiesMountain","floor":27},{"not_picked":["SwordSharpenedByTears+1","Regret_ego+1","Tough"],"picked":"FourthMatchFlame","floor":27},{"not_picked":["CherryBlossom","Horn","CUTE","TodaysExpression"],"picked":"SKIP","floor":28},{"not_picked":["GoldRush","Reverberation","Horn+1","Galaxy"],"picked":"SKIP","floor":28},{"not_picked":["Soda","Tough","RapturousDream+1"],"picked":"Moonlight","floor":30},{"not_picked":["CherryBlossom","FeatherOfHonor","Amita","Regret_ego+1"],"picked":"SKIP","floor":30},{"not_picked":["Regret_ego","RapturousDream+1","WristCuter","Wingbeat"],"picked":"SKIP","floor":31},{"not_picked":["GoldRush","Adoration","SoundOfStar"],"picked":"Pinks","floor":33},{"not_picked":["Beak+1","Laetitia_ego+1","Spore+1","Lantern"],"picked":"SKIP","floor":35}],"player_experience":62263,"relics_obtained":[{"floor":1.0,"key":"LetterFromLob"},{"floor":9.0,"key":"Question Card"},{"floor":23,"key":"Bronze Scales"},{"floor":27,"key":"Girya"},{"floor":34,"key":"MealTicket"},{"floor":34,"key":"White Beast Statue"},{"floor":34,"key":"Shovel"}],"event_choices":[{"damage_healed":0.0,"max_hp_gain":0.0,"max_hp_loss":0.0,"gold_gain":0.0,"event_name":"Shining Light","player_choice":"Entered Light","floor":3.0,"gold_loss":0.0,"damage_taken":14.0,"cards_upgraded":["Lamp"]},{"damage_healed":23.0,"max_hp_gain":0.0,"max_hp_loss":0.0,"gold_gain":0.0,"event_name":"Big Fish","player_choice":"Banana","floor":4.0,"gold_loss":0.0,"damage_taken":0.0},{"cards_removed":["WhiteNight"],"damage_healed":45.0,"max_hp_gain":10.0,"max_hp_loss":0.0,"gold_gain":0.0,"event_name":"Bonfire Elementals","player_choice":"Offered Rare","floor":12.0,"gold_loss":0.0,"damage_taken":0.0},{"damage_healed":0.0,"max_hp_gain":0.0,"max_hp_loss":0.0,"gold_gain":0.0,"event_name":"Vampires","player_choice":"Ignored","floor":20.0,"gold_loss":0.0,"damage_taken":0.0},{"damage_healed":0.0,"max_hp_gain":0.0,"max_hp_loss":0.0,"gold_gain":0.0,"event_name":"Drug Dealer","player_choice":"Inject Mutagens","floor":21.0,"gold_loss":0.0,"damage_taken":0.0,"relics_obtained":["MutagenicStrength"]}],"is_beta":false,"boss_relics":[{"not_picked":["Philosopher\u0027s Stone","Sozu"],"picked":"Runic Pyramid"},{"not_picked":["Snecko Eye","Astrolabe"],"picked":"Calling Bell"}],"items_purged_floors":[2],"is_endless":false,"potions_floor_spawned":[5,13,18,19,25,30,35],"killed_by":"3 Shapes","ascension_level":0}}