{"host":"165j3y1h4d9vtt0z","time":1611618549,"event":{"mods":["2.2 Compatiblity","AchievementEnabler","Aspiration","BaseMod","Colored Map","Colored Powertips","DeckTracker","Highlight Path","Hubris","Infinite Spire","Minty Spire (QoL Compilation)","Permanent Neow","Quick Restart","Random Character Button","Relic Sorter","Replay The Spire","StSLib","Synergy Search","The Cursed","The Disciple","The Jungle","The Runesmith"],"gold_per_floor":[115,115,115,132,132,132,132,132,157,169,169,189,206,235,235,333,333,349,364,364,364,377,377,377,377,400,400,420,430,430,448,448,448,448],"floor_reached":33,"language":"ENG","playtime":1394,"items_purged":[],"score":319,"play_id":"d64d2f2b-8855-46f7-94c1-66a14fa9d85b","local_time":"20210125234909","is_ascension_mode":true,"campfire_choices":[{"data":"Leg Sweep","floor":6,"key":"SMITH"},{"data":"infinitespire:FutureSight","floor":8,"key":"SMITH"},{"floor":15,"key":"REST"},{"floor":23,"key":"REST"},{"floor":25,"key":"REST"},{"floor":27,"key":"REST"},{"floor":32,"key":"REST"}],"circlet_count":0,"master_deck":["Strike_G","Strike_G","Strike_G","Strike_G","Defend_G","Defend_G","Defend_G+1","Defend_G","Defend_G+1","Survivor","Neutralize","Sucker Punch","ReplayTheSpireMod:Exploit Weakness+1","hubris:Ssssneak","Noxious Fumes","Leg Sweep+1","infinitespire:FutureSight+1","Draining Mist","Draining Mist","Cloak And Dagger","Dagger Spray","Tools of the Trade","PiercingWail+1","Backflip","RitualDagger","Envenom","Blade Dance","Poisoned Stab+1","Backflip"],"relics":["hubris:TerracottaHorce","aspiration:ChemicalBlood","FaceOfCleric","hubris:SlimyHat","aspiration:PoetsPen_weak","Gremlin Food","hubris:Backtick","TwistedFunnel"],"acts_visited":["Exordium","TheCity"],"potions_floor_usage":[14,14,16,16,19,19,24,24,24,28,29,31,33,33],"damage_taken":[{"damage":3,"enemies":"Jaw Worm","floor":1,"turns":6},{"damage":1,"enemies":"Small Slimes","floor":4,"turns":4},{"damage":0,"enemies":"Cultist","floor":10,"turns":5},{"damage":1,"enemies":"Looter","floor":12,"turns":4},{"damage":0,"enemies":"3 Louse","floor":13,"turns":5},{"damage":3,"enemies":"Lagavulin","floor":14,"turns":8},{"damage":53,"enemies":"Slime Boss","floor":16,"turns":14},{"damage":0,"enemies":"3 Byrds","floor":18,"turns":5},{"damage":6,"enemies":"Spheric Guardian","floor":19,"turns":4},{"damage":18,"enemies":"Snecko","floor":22,"turns":5},{"damage":36,"enemies":"Gremlin Leader","floor":24,"turns":9},{"damage":22,"enemies":"Snake Plant","floor":28,"turns":6},{"damage":6,"enemies":"Chosen and Byrds","floor":29,"turns":5},{"damage":28,"enemies":"Centurion and Healer","floor":31,"turns":7},{"damage":44,"enemies":"Champ","floor":33,"turns":6}],"seed_played":"1905943350984892713","potions_obtained":[{"floor":4,"key":"SteroidPotion"},{"floor":12,"key":"AttackPotion"},{"floor":14,"key":"Dexterity Potion"},{"floor":18,"key":"SkillPotion"},{"floor":24,"key":"SkillPotion"},{"floor":28,"key":"Explosive Potion"}],"is_trial":false,"path_per_floor":["M","?","?","M","?","R","?","R","T","M","?","M","M","E","R","B",null,"M","M","?","?","M","R","E","R","T","R","M","M","AVR","M","R","B"],"character_chosen":"THE_SILENT","items_purchased":[],"campfire_rested":5,"item_purchase_floors":[],"current_hp_per_floor":[67,67,67,66,71,71,54,54,54,54,54,54,55,53,76,24,65,66,61,55,47,30,54,19,43,43,67,46,41,41,14,39,0,0],"gold":448,"neow_bonus":"BOSS_RELIC","is_daily":false,"chose_seed":false,"campfire_upgraded":2,"win_rate":0.0,"timestamp":1611618549,"path_taken":["M","?","?","?","?","R","?","R","T","M","?","?","M","E","R","BOSS","M","M","?","?","?","R","E","R","T","R","M","M","AVR","M","R","BOSS"],"items_purchased_type":[],"build_version":"2020-12-22","purchased_purges":0,"victory":false,"max_hp_per_floor":[70,70,70,70,75,75,75,75,75,75,75,76,77,78,78,79,79,80,81,81,81,82,82,83,83,83,83,84,85,85,86,86,86,86],"card_choices":[{"not_picked":["hubris:SlightOfHand","PiercingWail"],"picked":"Sucker Punch","floor":1},{"not_picked":["hubris:Counter","Heel Hook"],"picked":"Leg Sweep","floor":4},{"not_picked":["infinitespire:Execution","infinitespire:Gouge"],"picked":"infinitespire:FutureSight","floor":7},{"not_picked":["Underhanded Strike","Outmaneuver"],"picked":"Draining Mist","floor":10},{"not_picked":["Night Terror","All Out Attack"],"picked":"Draining Mist","floor":12},{"not_picked":["Quick Slash","Expertise"],"picked":"Cloak And Dagger","floor":13},{"not_picked":["Setup","Blur"],"picked":"Dagger Spray","floor":14},{"not_picked":["Doppelganger","Wraith Form v2"],"picked":"Tools of the Trade","floor":16},{"not_picked":["Quick Slash","Underhanded Strike"],"picked":"PiercingWail+1","floor":18},{"not_picked":["Blur","Outmaneuver+1"],"picked":"Backflip","floor":19},{"not_picked":["Noxious Fumes","Backflip"],"picked":"Envenom","floor":22},{"not_picked":["Acrobatics","ReplayTheSpireMod:Exploit Weakness"],"picked":"Blade Dance","floor":28},{"not_picked":["Underhanded Strike","Outmaneuver"],"picked":"Poisoned Stab+1","floor":29},{"not_picked":["Concentrate","ReplayTheSpireMod:Scrap Shanks+1"],"picked":"Backflip","floor":31}],"player_experience":220196,"relics_obtained":[{"floor":9,"key":"aspiration:ChemicalBlood"},{"floor":14,"key":"hubris:SlimyHat"},{"floor":26,"key":"Gremlin Food"}],"event_choices":[{"damage_healed":0,"gold_gain":0,"player_choice":"2 cards matched","damage_taken":0,"max_hp_gain":0,"max_hp_loss":0,"event_name":"Match and Keep!","floor":3,"gold_loss":0,"cards_obtained":["hubris:Ssssneak","Noxious Fumes"]},{"damage_healed":0,"gold_gain":0,"player_choice":"Donut","damage_taken":0,"max_hp_gain":5,"max_hp_loss":0,"event_name":"Big Fish","floor":5,"gold_loss":0},{"damage_healed":0,"gold_gain":0,"player_choice":"Trade","damage_taken":0,"relics_obtained":["FaceOfCleric"],"max_hp_gain":0,"max_hp_loss":0,"event_name":"FaceTrader","floor":11,"gold_loss":0},{"damage_healed":0,"gold_gain":0,"player_choice":"Joined the Cult","damage_taken":6,"max_hp_gain":0,"max_hp_loss":0,"event_name":"Nest","floor":20,"gold_loss":0,"cards_obtained":["RitualDagger"]},{"damage_healed":0,"gold_gain":0,"player_choice":"Damaged","damage_taken":8,"max_hp_gain":0,"max_hp_loss":0,"event_name":"Wheel of Change","floor":21,"gold_loss":0}],"is_beta":false,"boss_relics":[{"not_picked":["ChewingGum","Runic Pyramid"],"picked":"aspiration:PoetsPen_weak"}],"items_purged_floors":[],"is_endless":false,"potions_floor_spawned":[4,12,14,18,28],"killed_by":"Champ","ascension_level":2}}