{"host":"zwuytn9vh5b8tdl7","time":1611616595,"event":{"mods":["AchievementEnabler","BaseMod","Colored Powertips","GifTheSpireLib","Minty Spire (QoL Compilation)","Rare Cards Sparkle","StSLib","The Animator"],"gold_per_floor":[125,125,125,152,78,78,105,105,131,173,185,215,227,265,277,388,400,430,67,167,179,190,190,205,205,205,48,48,48,63,90,90,199,199,212,11,29,41,41,41,41,98,98,22,52,52,70,90,90,94],"floor_reached":51,"language":"ENG","playtime":2028,"items_purged":["Regret"],"score":880,"play_id":"ea51fa49-87e1-400e-9996-87821013e424","local_time":"20210125181635","is_ascension_mode":false,"campfire_choices":[{"data":"animator:Aqua","floor":6.0,"key":"SMITH"},{"data":"animator:MumenRider","floor":8.0,"key":"SMITH"},{"data":"animator:Megumin","floor":11.0,"key":"SMITH"},{"floor":15.0,"key":"REST"},{"floor":23.0,"key":"REST"},{"floor":28.0,"key":"REST"},{"floor":32.0,"key":"REST"},{"floor":40.0,"key":"DIG"},{"floor":46.0,"key":"DIG"},{"floor":49,"key":"REST"}],"circlet_count":0,"master_deck":["animator:Strike_Konosuba","animator:Defend_Konosuba","animator:Strike","animator:Strike","animator:Strike","animator:Defend","animator:Defend","animator:Defend","animator:Kazuma","animator:Aqua+1","animator:IzunaHatsuse","animator:MumenRider+1","animator:YunYun","animator:NarberalGamma+1","animator:Megumin+14","animator:DolaRiku","animator:DolaRiku","animator:Saber","CurseOfTheBell","animator:PandorasActor+1","animator:EmiyaShirou","animator:Mitsurugi","animator:DolaSchwi+1","animator:YunYun+1","animator:DolaSchwi+1","animator:SilverFang","animator:Demiurge","animator:Viivi","Necronomicurse","animator:Chris","animator:Sora","animator:DwarfShaman+1","animator:IzunaHatsuse","animator:EmiyaShirou+1","animator:DolaRiku+1","animator:MisakiNakahara","animator:NononJakuzure+1","animator:HigakiRinne","animator:Vanir","animator:Darkness","animator:Tatsumaki+1","animator:Ainz","animator:Spearman+1"],"relics":["animator:LivingPicture","animator:TheMissingPiece","NeowsBlessing","Singing Bowl","PreservedInsect","MawBank","The Courier","Bag of Marbles","Calling Bell","Strawberry","Shuriken","animator:AlchemistGlove","Shovel","Orrery","Whetstone","Membership Card","Necronomicon","Darkstone Periapt","animator:HolyGrailRelic","Nunchaku","FossilizedHelix","HornCleat","War Paint","Meat on the Bone","Boot","Peace Pipe"],"acts_visited":["Exordium","TheCity","TheBeyond"],"potions_floor_usage":[47,50],"damage_taken":[{"damage":0.0,"enemies":"2 Louse","floor":1.0,"turns":1.0},{"damage":1.0,"enemies":"Jaw Worm","floor":4.0,"turns":2.0},{"damage":0.0,"enemies":"Lagavulin","floor":7.0,"turns":1.0},{"damage":4.0,"enemies":"Cultist","floor":10.0,"turns":4.0},{"damage":5.0,"enemies":"Looter","floor":12.0,"turns":3.0},{"damage":30.0,"enemies":"Gremlin Nob","floor":14.0,"turns":4.0},{"damage":22.0,"enemies":"Slime Boss","floor":16.0,"turns":10.0},{"damage":23.0,"enemies":"3 Byrds","floor":18.0,"turns":4.0},{"damage":25.0,"enemies":"Shell Parasite","floor":21.0,"turns":5.0},{"damage":32.0,"enemies":"Sentry and Sphere","floor":22.0,"turns":5.0},{"damage":10.0,"enemies":"Snecko","floor":24.0,"turns":4.0},{"damage":0.0,"enemies":"Centurion and Healer","floor":30.0,"turns":1.0},{"damage":0.0,"enemies":"animator:HornedBat","floor":31.0,"turns":1.0},{"damage":48.0,"enemies":"Collector","floor":33.0,"turns":9.0},{"damage":0.0,"enemies":"3 Darklings","floor":35.0,"turns":2.0},{"damage":0.0,"enemies":"Orb Walker","floor":37.0,"turns":3.0},{"damage":0.0,"enemies":"Sphere and 2 Shapes","floor":38.0,"turns":2.0},{"damage":10.0,"enemies":"Nemesis","floor":42.0,"turns":5.0},{"damage":47.0,"enemies":"3 Darklings","floor":45.0,"turns":6.0},{"damage":20,"enemies":"Maw","floor":47,"turns":7},{"damage":0,"enemies":"4 Shapes","floor":48,"turns":2},{"damage":54,"enemies":"Donu and Deca","floor":50,"turns":7}],"seed_played":"8827211101784683013","potions_obtained":[{"floor":10.0,"key":"SpeedPotion"},{"floor":14.0,"key":"Dexterity Potion"},{"floor":16.0,"key":"Swift Potion"},{"floor":24.0,"key":"DistilledChaos"},{"floor":31.0,"key":"Weak Potion"},{"floor":37.0,"key":"SpeedPotion"},{"floor":42.0,"key":"SpeedPotion"},{"floor":47,"key":"SkillPotion"}],"is_trial":false,"path_per_floor":["M","$","?","M","$","R","E","R","T","M","R","M","T","E","R","B",null,"M","$","?","M","M","R","M","?","T","$","R","?","M","E","R","B",null,"M","$","M","M","?","R","?","E","T","$","M","R","M","M","R","B",null],"character_chosen":"THE_ANIMATOR","items_purchased":["animator:YunYun","animator:EmiyaShirou","Shovel","Orrery","Membership Card","Nunchaku","animator:IzunaHatsuse","FossilizedHelix","animator:Darkness","Boot"],"campfire_rested":5,"item_purchase_floors":[5,19,19,19,27,36,36,36,44,44],"current_hp_per_floor":[66,66,66,65,65,65,66,66,66,62,62,61,61,34,54,35,74,51,52,52,32,8,31,24,24,24,24,47,31,33,34,58,18,90,92,92,92,94,89,89,77,70,70,70,38,38,35,47,75,36],"gold":94,"neow_bonus":"THREE_ENEMY_KILL","is_daily":false,"chose_seed":false,"campfire_upgraded":3,"win_rate":0.0,"timestamp":1611616595,"path_taken":["M","$","?","M","$","R","E","R","T","M","R","M","?","E","R","BOSS","M","$","?","?","M","R","M","?","T","$","R","?","M","E","R","BOSS","M","$","M","M","?","R","?","E","T","$","M","R","M","?","R","BOSS"],"items_purchased_type":["Card","Card","Relic","Relic","Relic","Relic","Card","Relic","Card","Relic"],"build_version":"2020-12-22","purchased_purges":1,"victory":true,"max_hp_per_floor":[66,66,66,66,66,66,66,66,66,66,66,67,67,67,67,67,74,74,75,75,77,78,78,78,78,78,78,78,78,80,81,81,82,90,92,92,92,94,94,94,94,94,94,94,94,94,96,96,96,96],"card_choices":[{"not_picked":["animator:Entoma","animator:GuildGirl"],"picked":"animator:IzunaHatsuse","floor":1.0},{"not_picked":["animator:Assassin","animator:DolaStephanie"],"picked":"animator:MumenRider","floor":4.0},{"not_picked":["animator:Spearman","animator:Demiurge"],"picked":"animator:NarberalGamma","floor":7.0},{"not_picked":["animator:YunYun","animator:Verdia"],"picked":"animator:Megumin","floor":10.0},{"not_picked":["animator:ShinjiMatou","animator:Geryuganshoop"],"picked":"animator:DolaRiku","floor":12.0},{"not_picked":["animator:DwarfShaman","animator:Boros"],"picked":"animator:DolaRiku","floor":14.0},{"not_picked":["animator:ChaikaTrabant","animator:Shiro"],"picked":"animator:Saber","floor":16.0},{"not_picked":["animator:SakuraMatou","animator:Aqua"],"picked":"animator:PandorasActor+1","floor":18.0},{"not_picked":["animator:SwordMaiden","animator:SakuraMatou"],"picked":"animator:Mitsurugi","floor":19.0},{"not_picked":["animator:Priestess","animator:Assassin"],"picked":"animator:DolaSchwi","floor":19.0},{"not_picked":["animator:SilverFang","animator:FielNirvalen+1"],"picked":"animator:Eris","floor":19.0},{"not_picked":["animator:Lancer+1","animator:HighElfArcher"],"picked":"animator:YunYun+1","floor":19.0},{"not_picked":["animator:Viivi","animator:ChaikaBohdan+1"],"picked":"animator:DolaSchwi","floor":19.0},{"not_picked":["animator:Caster","animator:ShinjiMatou","animator:Assassin"],"picked":"Singing Bowl","floor":21.0},{"not_picked":["animator:HighElfArcher","animator:LizardPriest"],"picked":"animator:SilverFang","floor":22.0},{"not_picked":["animator:Caster","animator:GoblinSlayer"],"picked":"animator:Demiurge","floor":24.0},{"not_picked":["animator:Viivi","animator:NarberalGamma","animator:Verdia"],"picked":"Singing Bowl","floor":30.0},{"not_picked":["animator:Mitsurugi","animator:Kazuma"],"picked":"animator:Chris","floor":31.0},{"not_picked":["animator:Boros","animator:GoblinSlayer"],"picked":"animator:Sora","floor":33.0},{"not_picked":["animator:AcuraTooru","animator:ShinjiMatou+1"],"picked":"animator:DwarfShaman+1","floor":35.0},{"not_picked":["animator:Illya+1","animator:ChaikaBohdan+1"],"picked":"animator:EmiyaShirou+1","floor":37.0},{"not_picked":["animator:Witch+1","animator:AcuraTooru+1"],"picked":"animator:DolaRiku+1","floor":38.0},{"not_picked":["animator:MamizouFutatsuiwa","animator:Magilou"],"picked":"animator:MisakiNakahara","floor":39.0},{"not_picked":["animator:TanyaDegurechaff","animator:Hibiki"],"picked":"animator:NononJakuzure","floor":39.0},{"not_picked":["animator:YunYun","animator:Chris"],"picked":"animator:Vanir","floor":42.0},{"not_picked":["animator:ShinjiMatou","animator:Rider+1"],"picked":"animator:Tatsumaki+1","floor":45.0},{"not_picked":["animator:Archer","animator:Geryuganshoop"],"picked":"animator:Ainz","floor":47},{"not_picked":["animator:Assassin+1","animator:DwarfShaman+1"],"picked":"animator:Spearman+1","floor":48}],"player_experience":335211,"relics_obtained":[{"floor":7.0,"key":"PreservedInsect"},{"floor":9.0,"key":"MawBank"},{"floor":13.0,"key":"The Courier"},{"floor":14.0,"key":"Bag of Marbles"},{"floor":17.0,"key":"Strawberry"},{"floor":17.0,"key":"Shuriken"},{"floor":17.0,"key":"animator:AlchemistGlove"},{"floor":26.0,"key":"Whetstone"},{"floor":29.0,"key":"Necronomicon"},{"floor":31.0,"key":"Darkstone Periapt"},{"floor":40.0,"key":"HornCleat"},{"floor":42.0,"key":"War Paint"},{"floor":43.0,"key":"Meat on the Bone"},{"floor":46.0,"key":"Peace Pipe"}],"event_choices":[{"damage_healed":0.0,"max_hp_gain":0.0,"max_hp_loss":0.0,"gold_gain":0.0,"event_name":"Big Fish","player_choice":"Box","floor":3.0,"gold_loss":0.0,"damage_taken":0.0,"relics_obtained":["Singing Bowl"],"cards_obtained":["Regret"]},{"damage_healed":0.0,"max_hp_gain":0.0,"max_hp_loss":0.0,"gold_gain":100.0,"event_name":"Golden Shrine","player_choice":"Pray","floor":20.0,"gold_loss":0.0,"damage_taken":0.0},{"damage_healed":0.0,"max_hp_gain":0.0,"max_hp_loss":0.0,"gold_gain":0.0,"event_name":"The Library","player_choice":"Read","floor":25.0,"gold_loss":0.0,"damage_taken":0.0,"cards_obtained":["animator:Viivi"]},{"damage_healed":0.0,"max_hp_gain":0.0,"max_hp_loss":0.0,"gold_gain":0.0,"event_name":"Cursed Tome","player_choice":"Obtained Book","floor":29.0,"gold_loss":0.0,"damage_taken":16.0},{"damage_healed":0.0,"max_hp_gain":0.0,"max_hp_loss":0.0,"gold_gain":0.0,"event_name":"SensoryStone","player_choice":"Memory 2","floor":39.0,"gold_loss":0.0,"damage_taken":5.0},{"damage_healed":0.0,"max_hp_gain":0.0,"max_hp_loss":0.0,"gold_gain":0.0,"event_name":"Winding Halls","player_choice":"Embrace Madness","floor":41.0,"gold_loss":0.0,"damage_taken":12.0,"cards_obtained":["animator:HigakiRinne"]}],"is_beta":false,"boss_relics":[{"not_picked":["Velvet Choker","Cursed Key"],"picked":"Calling Bell"},{"not_picked":["SacredBark","Fusion Hammer"],"picked":"animator:HolyGrailRelic"}],"items_purged_floors":[27],"is_endless":false,"potions_floor_spawned":[10,14,16,21,24,31,37,42,45,47],"ascension_level":0}}