{"host":"w9njud19qyl0lpz1","time":1611611598,"event":{"mods":["BaseMod","Minty Spire (QoL Compilation)","StSLib"],"gold_per_floor":[119,119,139,139,151,151,151,151,175,175,195,30,64,84,84,183,183,194,47,61,96,96,96,96,128,179,191,34,49,49,59,59,159,159,177,196,71,83,93,93,93,93,93,103,22,72,90,106,106,106,106],"floor_reached":50,"language":"ENG","playtime":6885,"items_purged":["Strike_R","Strike_R","Perfected Strike+1"],"score":516,"play_id":"73f54c21-ba0b-499f-8096-72528f90546a","local_time":"20210125165318","is_ascension_mode":false,"campfire_choices":[{"data":"Infernal Blade","floor":6,"key":"SMITH"},{"data":"Dramatic Entrance","floor":10,"key":"SMITH"},{"data":"Armaments","floor":15,"key":"SMITH"},{"data":"Jack Of All Trades","floor":23,"key":"SMITH"},{"floor":30,"key":"REST"},{"data":"Shrug It Off","floor":32,"key":"SMITH"},{"floor":40,"key":"REST"},{"floor":49,"key":"REST"}],"circlet_count":0,"master_deck":["Bash","Dramatic Entrance+1","Shrug It Off+1","Infernal Blade+1","Seeing Red+1","Armaments+1","Jack Of All Trades+1","Rage+1","Infernal Blade+1","Exhume+1","Battle Trance+1","Flex+1","Shrug It Off+1","Bloodletting+1","Clothesline+1","Twin Strike+1","Spot Weakness+1","Double Tap+1","Anger+1","Shockwave+1","Limit Break+1","Combust","Dual Wield+1","Intimidate+1","Entrench+1","Iron Wave+1","Whirlwind+1","Twin Strike+1","Demon Form"],"relics":["Burning Blood","Pear","Blood Vial","Toxic Egg 2","SlaversCollar","Kunai","Molten Egg 2","Red Skull","Pen Nib","Pandora\u0027s Box","Bottled Tornado","Pocketwatch"],"acts_visited":["Exordium","TheCity","TheBeyond"],"potions_floor_usage":[13,16,27,31,31,46,47,47,50,50],"damage_taken":[{"damage":6,"enemies":"Jaw Worm","floor":1,"turns":3},{"damage":5,"enemies":"2 Louse","floor":3,"turns":2},{"damage":6,"enemies":"Cultist","floor":5,"turns":3},{"damage":1,"enemies":"3 Louse","floor":11,"turns":2},{"damage":14,"enemies":"Gremlin Nob","floor":13,"turns":3},{"damage":0,"enemies":"Exordium Thugs","floor":14,"turns":2},{"damage":79,"enemies":"Slime Boss","floor":16,"turns":15},{"damage":2,"enemies":"Chosen","floor":18,"turns":4},{"damage":2,"enemies":"Shell Parasite","floor":20,"turns":3},{"damage":11,"enemies":"Sentry and Sphere","floor":21,"turns":4},{"damage":4,"enemies":"Gremlin Leader","floor":25,"turns":6},{"damage":33,"enemies":"Snake Plant","floor":27,"turns":4},{"damage":10,"enemies":"Chosen and Byrds","floor":29,"turns":8},{"damage":13,"enemies":"3 Cultists","floor":31,"turns":4},{"damage":41,"enemies":"Automaton","floor":33,"turns":9},{"damage":13,"enemies":"3 Shapes","floor":35,"turns":3},{"damage":8,"enemies":"3 Darklings","floor":36,"turns":3},{"damage":37,"enemies":"Maw","floor":38,"turns":5},{"damage":20,"enemies":"4 Shapes","floor":39,"turns":6},{"damage":19,"enemies":"3 Darklings","floor":44,"turns":4},{"damage":33,"enemies":"Mind Bloom Boss Battle","floor":46,"turns":4},{"damage":39,"enemies":"Jaw Worm Horde","floor":47,"turns":2},{"damage":5,"enemies":"Transient","floor":48,"turns":5},{"damage":71,"enemies":"Awakened One","floor":50,"turns":6}],"seed_played":"-1847389938898298446","potions_obtained":[{"floor":3,"key":"Strength Potion"},{"floor":11,"key":"AttackPotion"},{"floor":14,"key":"Fire Potion"},{"floor":16,"key":"Explosive Potion"},{"floor":18,"key":"Ancient Potion"},{"floor":25,"key":"FearPotion"},{"floor":27,"key":"Fruit Juice"},{"floor":33,"key":"HeartOfIron"},{"floor":36,"key":"Explosive Potion"},{"floor":44,"key":"Regen Potion"},{"floor":46,"key":"PowerPotion"},{"floor":48,"key":"DistilledChaos"}],"is_trial":false,"path_per_floor":["M","?","M","$","M","R","$","?","T","R","M","$","E","M","R","B",null,"M","$","M","M","?","R","?","E","T","M","$","M","R","M","R","B",null,"M","M","$","M","M","R","?","?","T","M","$","?","M","M","R","B"],"character_chosen":"IRONCLAD","items_purchased":["Jack Of All Trades","Flex+1","Pen Nib","Whirlwind+1"],"campfire_rested":3,"item_purchase_floors":[12,19,28,45],"current_hp_per_floor":[80,85,85,85,85,85,85,95,95,95,95,95,87,95,95,22,95,95,95,95,90,90,90,90,94,94,68,68,66,94,93,93,60,100,93,93,93,64,52,82,82,82,82,71,71,55,24,27,55,0,0],"gold":106,"neow_bonus":"RANDOM_COLORLESS","is_daily":false,"chose_seed":false,"campfire_upgraded":5,"win_rate":0.0,"timestamp":1611611598,"path_taken":["M","?","M","$","M","R","$","?","T","R","?","$","E","M","R","BOSS","M","$","M","M","?","R","?","E","T","M","$","M","R","M","R","BOSS","M","M","$","M","M","R","?","?","T","M","$","?","M","M","R","BOSS"],"items_purchased_type":["Card","Card","Relic","Card"],"build_version":"2020-12-22","purchased_purges":3,"victory":false,"max_hp_per_floor":[80,85,85,85,85,85,85,95,95,95,95,95,95,95,95,95,95,95,95,95,95,95,95,95,95,95,95,95,95,95,100,100,100,100,100,100,100,100,100,100,95,95,95,95,95,95,95,95,95,95,95],"card_choices":[{"not_picked":["Bandage Up","Dark Shackles"],"picked":"Dramatic Entrance","floor":0},{"not_picked":["Second Wind","Headbutt"],"picked":"Shrug It Off","floor":1},{"not_picked":["Havoc","Bloodletting"],"picked":"Infernal Blade","floor":3},{"not_picked":["Hemokinesis","Shrug It Off"],"picked":"Seeing Red","floor":5},{"not_picked":["Reckless Charge","Iron Wave"],"picked":"Armaments","floor":11},{"not_picked":["Entrench+1","Metallicize"],"picked":"Rage+1","floor":13},{"not_picked":["Rupture","Feel No Pain"],"picked":"Infernal Blade+1","floor":14},{"not_picked":["Barricade","Bludgeon"],"picked":"Exhume+1","floor":16},{"not_picked":["Dropkick","Burning Pact+1"],"picked":"Battle Trance+1","floor":18},{"not_picked":["Armaments+1","Headbutt","Whirlwind"],"picked":"SKIP","floor":20},{"not_picked":["Warcry+1","Dropkick"],"picked":"Shrug It Off+1","floor":21},{"not_picked":["Clothesline+1","Ghostly Armor+1"],"picked":"Bloodletting+1","floor":25},{"not_picked":["True Grit+1","Sentinel+1"],"picked":"Clothesline+1","floor":27},{"not_picked":["Pommel Strike+1","Warcry+1"],"picked":"Twin Strike+1","floor":29},{"not_picked":["Burning Pact+1","Ghostly Armor+1"],"picked":"Spot Weakness+1","floor":31},{"not_picked":["Corruption","Bludgeon+1"],"picked":"Double Tap+1","floor":33},{"not_picked":["Dark Embrace+1","Havoc+1","Searing Blow+1"],"picked":"SKIP","floor":35},{"not_picked":["Cleave+1","Heavy Blade+1"],"picked":"Intimidate+1","floor":36},{"not_picked":["Shrug It Off+1","Perfected Strike+1","Armaments+1"],"picked":"SKIP","floor":38},{"not_picked":["Reckless Charge+1","Dual Wield+1"],"picked":"Entrench+1","floor":39},{"not_picked":["Bloodletting+1","Perfected Strike+1"],"picked":"Iron Wave+1","floor":44},{"not_picked":["Dropkick+1","Feel No Pain"],"picked":"Twin Strike+1","floor":46},{"not_picked":["Clothesline+1","Thunderclap+1"],"picked":"Demon Form","floor":47},{"not_picked":["True Grit+1","Rampage+1","Armaments+1"],"picked":"SKIP","floor":48}],"player_experience":2274480,"relics_obtained":[{"floor":9,"key":"Blood Vial"},{"floor":13,"key":"Toxic Egg 2"},{"floor":25,"key":"Molten Egg 2"},{"floor":26,"key":"Red Skull"},{"floor":43,"key":"Bottled Tornado"},{"floor":46,"key":"Pocketwatch"}],"event_choices":[{"damage_healed":0,"gold_gain":0,"player_choice":"Donut","damage_taken":0,"max_hp_gain":5,"max_hp_loss":0,"event_name":"Big Fish","floor":2,"gold_loss":0},{"damage_healed":0,"gold_gain":0,"player_choice":"Gave Potion","damage_taken":0,"relics_obtained":["Pear"],"max_hp_gain":0,"max_hp_loss":0,"event_name":"WeMeetAgain","floor":8,"gold_loss":0},{"damage_healed":0,"gold_gain":0,"player_choice":"Opened","damage_taken":0,"relics_obtained":["Kunai"],"max_hp_gain":0,"max_hp_loss":0,"event_name":"The Mausoleum","floor":22,"gold_loss":0},{"damage_healed":0,"gold_gain":0,"player_choice":"Forge","damage_taken":0,"max_hp_gain":0,"max_hp_loss":0,"event_name":"Accursed Blacksmith","floor":24,"gold_loss":0,"cards_upgraded":["Seeing Red"]},{"damage_healed":0,"gold_gain":0,"player_choice":"Max HP","damage_taken":0,"max_hp_gain":0,"max_hp_loss":5,"event_name":"Winding Halls","floor":41,"gold_loss":0},{"cards_removed":["Double Tap"],"damage_healed":0,"gold_gain":0,"player_choice":"Removed Skill","damage_taken":0,"max_hp_gain":0,"max_hp_loss":0,"event_name":"Falling","floor":42,"gold_loss":0},{"damage_healed":0,"gold_gain":0,"player_choice":"Fight","damage_taken":0,"max_hp_gain":0,"max_hp_loss":0,"event_name":"MindBloom","floor":46,"gold_loss":0}],"is_beta":false,"boss_relics":[{"not_picked":["Ectoplasm","Fusion Hammer"],"picked":"SlaversCollar"},{"not_picked":["Sozu","Tiny House"],"picked":"Pandora\u0027s Box"}],"items_purged_floors":[12,19,37],"is_endless":false,"potions_floor_spawned":[3,11,14,16,18,25,27,33,36,44,46,48],"killed_by":"Awakened One","ascension_level":0}}