{"host":"gqcohn9v5baj3dmw","time":1611611378,"event":{"mods":["BaseMod","Better Note","Better Sensory Stone","Better Skull","Colored Map","Downfall","Marked Mod","Minty Spire (QoL Compilation)","Rare Cards Sparkle","Relic Stats","StSLib"],"gold_per_floor":[99,118,118,4,17,29,56,68,14,14,28,28,40,40,54,54,54,54],"floor_reached":16,"language":"ENG","playtime":611,"items_purged":[],"score":99,"play_id":"e8b74b32-cf2a-4015-9cc1-41ecc48b7054","local_time":"20210125224938","is_ascension_mode":true,"campfire_choices":[{"data":"bronze:Goto","floor":1,"key":"SMITH"},{"data":"bronze:BugBarrage","floor":10,"key":"SMITH"},{"data":"bronze:InfiniteLoop","floor":12,"key":"SMITH"}],"circlet_count":0,"master_deck":["bronze:Strike","bronze:Strike","bronze:Strike","bronze:Strike","bronze:Defend","bronze:Defend","bronze:Defend","bronze:Defend","bronze:Replicate","bronze:Goto+1","bronze:BugBarrage+1","bronze:WildBeam","bronze:Branch","bronze:WildBeam","bronze:InfiniteLoop+1","bronze:ItsAFeature"],"relics":["bronze:BronzeCore","Akabeko","downfall:ShatteredFragment","Happy Flower","Toxic Egg 2"],"acts_visited":["Exordium"],"potions_floor_usage":[16,16],"damage_taken":[{"damage":0,"enemies":"Small Slimes","floor":2,"turns":3},{"damage":5,"enemies":"downfall:FleeingMerchant","floor":4,"turns":4},{"damage":1,"enemies":"Jaw Worm","floor":5,"turns":2},{"damage":0,"enemies":"Cultist","floor":6,"turns":2},{"damage":0,"enemies":"Red Slaver","floor":8,"turns":2},{"damage":10,"enemies":"downfall:FleeingMerchant","floor":9,"turns":4},{"damage":2,"enemies":"3 Louse","floor":11,"turns":2},{"damage":1,"enemies":"Exordium Thugs","floor":13,"turns":2},{"damage":0,"enemies":"2 Fungi Beasts","floor":15,"turns":2},{"damage":23,"enemies":"DF_ARCHETYPE_STREAMLINE","floor":16,"turns":4}],"seed_played":"1195072824975610266","potions_obtained":[{"floor":2,"key":"SkillPotion"},{"floor":5,"key":"SneckoOil"},{"floor":11,"key":"bronze:FreeFunctionsPotion"},{"floor":15,"key":"Dexterity Potion"}],"is_trial":false,"path_per_floor":["R","M","?","$","M","M","T","M","$","R","M","R","M","?","M","B"],"character_chosen":"THE_AUTOMATON","items_purchased":["bronze:WildBeam","bronze:Branch","bronze:ItsAFeature"],"campfire_rested":0,"item_purchase_floors":[4,4,9],"current_hp_per_floor":[70,70,49,44,43,43,43,43,33,33,31,31,30,23,23,0,0,0],"gold":54,"neow_bonus":"RANDOM_COMMON_RELIC","is_daily":false,"chose_seed":false,"campfire_upgraded":3,"win_rate":0.0,"timestamp":1611611378,"path_taken":["R","M","?","?","M","M","T","M","$","R","M","R","?","?","M","BOSS"],"items_purchased_type":["Card","Card","Card"],"build_version":"2020-12-22","purchased_purges":0,"victory":false,"max_hp_per_floor":[70,70,70,70,70,70,70,70,70,70,70,70,70,70,70,70,70,70],"relic_stats":{"Happy Flower":[5],"counters":[10,27],"obtain_stats":[{"bronze:BronzeCore":0,"downfall:ShatteredFragment":3,"Happy Flower":7,"Toxic Egg 2":14,"Akabeko":0},{"bronze:BronzeCore":0,"downfall:ShatteredFragment":1,"Happy Flower":4,"Toxic Egg 2":8,"Akabeko":0},{"bronze:BronzeCore":0,"downfall:ShatteredFragment":3,"Happy Flower":11,"Toxic Egg 2":21,"Akabeko":0}]},"card_choices":[{"not_picked":["bronze:Philosophize","bronze:ChildClass","bronze:BitShift"],"picked":"SKIP","floor":2},{"not_picked":["bronze:Separator","bronze:Deprecate"],"picked":"bronze:BugBarrage","floor":4},{"not_picked":["bronze:WhirlingStrike","bronze:Terminator"],"picked":"bronze:WildBeam","floor":5},{"not_picked":["bronze:ForLoop","bronze:FineTuning","bronze:CutThrough"],"picked":"SKIP","floor":6},{"not_picked":["bronze:Branch","bronze:Optimize"],"picked":"bronze:InfiniteLoop","floor":8},{"not_picked":["bronze:FineTuning","bronze:DarkDash","bronze:WildBeam"],"picked":"SKIP","floor":9},{"not_picked":["bronze:DelayedGuard","bronze:Branch","bronze:WhirlingStrike"],"picked":"SKIP","floor":11},{"not_picked":["bronze:RecursiveStrike","bronze:Deprecate","bronze:CutThrough"],"picked":"SKIP","floor":13},{"not_picked":["bronze:Iterate","bronze:Backtrace","bronze:BronzeArmor+1"],"picked":"SKIP","floor":15}],"player_experience":525361,"relics_obtained":[{"floor":7,"key":"Happy Flower"}],"event_choices":[{"damage_healed":0,"gold_gain":0,"player_choice":"Success","damage_taken":7,"relics_obtained":["Toxic Egg 2"],"max_hp_gain":0,"max_hp_loss":0,"event_name":"Scrap Ooze","floor":14,"gold_loss":0}],"is_beta":false,"boss_relics":[],"items_purged_floors":[],"is_endless":false,"potions_floor_spawned":[2,5,11,13,15],"killed_by":"DF_ARCHETYPE_STREAMLINE","ascension_level":1}}