{"host":"opyh6vr790e42ffe","time":1611538298,"event":{"mods":["BaseMod","Bestiary","Colored Map","Highlight Path","Minty Spire (QoL Compilation)","Relic Stats","StSLib"],"gold_per_floor":[14,34,34,209,226,226,255,2,25,58,77,77,110,127,127,223,223,243,253,253,263,21,46,46,73,73,98,18,48,58,71,71,176,176,191,204,27,50,70,70,88,88,111,144,144,173,186,212,212,212,212,212,35,63,63],"floor_reached":56,"language":"ENG","playtime":2988,"items_purged":["Strike_R","Strike_R","Strike_R"],"score":1574,"play_id":"2462df5c-997e-45d8-8b67-7365cf659436","local_time":"20210124173138","is_ascension_mode":true,"campfire_choices":[{"data":"Bludgeon","floor":6.0,"key":"SMITH"},{"data":"Corruption","floor":12.0,"key":"SMITH"},{"floor":15.0,"key":"REST"},{"floor":24.0,"key":"REST"},{"data":"Armaments","floor":32.0,"key":"SMITH"},{"floor":40.0,"key":"REST"},{"floor":42.0,"key":"REST"},{"floor":49,"key":"RECALL"},{"data":"Feel No Pain","floor":52,"key":"SMITH"}],"circlet_count":0,"master_deck":["Strike_R","Strike_R","Defend_R","Defend_R","Bash","Immolate","Bludgeon+1","Warcry","Bloodletting","Doubt","Battle Trance","Corruption+1","Armaments+1","Double Tap","Spot Weakness","Flex","Sever Soul","Impervious","True Grit+1","Whirlwind","Pummel","Shrug It Off","Dual Wield+1","Heavy Blade","Flame Barrier","Clothesline","Cleave+1","Demon Form","Feel No Pain+1","Carnage+1","Flex","Rupture","Dark Embrace+1","Juggernaut","Burning Pact","Entrench+1","Fire Breathing+1","Inflame","Fiend Fire"],"relics":["Burning Blood","Regal Pillow","Anchor","Strawberry","The Courier","Bag of Preparation","Philosopher\u0027s Stone","Dead Branch","TungstenRod","Incense Burner","Lizard Tail","Happy Flower","SlaversCollar","Bronze Scales","Potion Belt","CaptainsWheel","Akabeko","Charon\u0027s Ashes","Medical Kit","Mango"],"acts_visited":["Exordium","TheCity","TheBeyond","TheEnding"],"potions_floor_usage":[44,46,48,50,50,50,54,54,55],"damage_taken":[{"damage":0.0,"enemies":"Cultist","floor":1.0,"turns":2.0},{"damage":12.0,"enemies":"Small Slimes","floor":2.0,"turns":2.0},{"damage":12.0,"enemies":"Jaw Worm","floor":5.0,"turns":2.0},{"damage":17.0,"enemies":"Gremlin Nob","floor":7.0,"turns":3.0},{"damage":17.0,"enemies":"3 Sentries","floor":10.0,"turns":6.0},{"damage":0.0,"enemies":"3 Louse","floor":11.0,"turns":3.0},{"damage":22.0,"enemies":"Gremlin Nob","floor":13.0,"turns":4.0},{"damage":13.0,"enemies":"Lots of Slimes","floor":14.0,"turns":3.0},{"damage":59.0,"enemies":"The Guardian","floor":16.0,"turns":7.0},{"damage":27.0,"enemies":"3 Byrds","floor":18.0,"turns":3.0},{"damage":0.0,"enemies":"Spheric Guardian","floor":19.0,"turns":2.0},{"damage":17.0,"enemies":"Shelled Parasite and Fungi","floor":21.0,"turns":4.0},{"damage":24.0,"enemies":"Gremlin Leader","floor":23.0,"turns":4.0},{"damage":0.0,"enemies":"Slavers","floor":25.0,"turns":2.0},{"damage":8.0,"enemies":"Gremlin Leader","floor":27.0,"turns":5.0},{"damage":9.0,"enemies":"Slavers","floor":29.0,"turns":5.0},{"damage":0.0,"enemies":"Snecko","floor":30.0,"turns":3.0},{"damage":4.0,"enemies":"Centurion and Healer","floor":31.0,"turns":2.0},{"damage":57.0,"enemies":"Automaton","floor":33.0,"turns":9.0},{"damage":6.0,"enemies":"Orb Walker","floor":35.0,"turns":3.0},{"damage":26.0,"enemies":"3 Shapes","floor":36.0,"turns":3.0},{"damage":59.0,"enemies":"Transient","floor":39.0,"turns":5.0},{"damage":34.0,"enemies":"Writhing Mass","floor":41.0,"turns":6.0},{"damage":30,"enemies":"Reptomancer","floor":44,"turns":3},{"damage":2,"enemies":"Giant Head","floor":46,"turns":3},{"damage":34,"enemies":"Spire Growth","floor":47,"turns":5},{"damage":13,"enemies":"Reptomancer","floor":48,"turns":5},{"damage":6,"enemies":"Time Eater","floor":50,"turns":8},{"damage":0,"enemies":"Shield and Spear","floor":54,"turns":3},{"damage":12,"enemies":"The Heart","floor":55,"turns":4}],"seed_played":"6314357541227351650","potions_obtained":[{"floor":7.0,"key":"EntropicBrew"},{"floor":11.0,"key":"Dexterity Potion"},{"floor":13.0,"key":"SmokeBomb"},{"floor":19.0,"key":"DuplicationPotion"},{"floor":27.0,"key":"Block Potion"},{"floor":30.0,"key":"ElixirPotion"},{"floor":35.0,"key":"LiquidMemories"},{"floor":36.0,"key":"ColorlessPotion"},{"floor":44,"key":"Regen Potion"},{"floor":47,"key":"SpeedPotion"}],"is_trial":false,"path_per_floor":["M","M","$","?","M","R","E","$","T","E","M","R","E","M","R","B",null,"M","M","?","M","$","E","R","E","T","E","$","E","M","M","R","B",null,"M","M","$","T","M","R","M","R","T","E","?","E","M","E","R","B",null,"R","$","E","B",null],"character_chosen":"IRONCLAD","items_purchased":["Armaments","Anchor","Dead Branch","Flex","Rupture","Medical Kit","Inflame"],"campfire_rested":4,"item_purchase_floors":[8,8,22,37,37,53,53],"current_hp_per_floor":[80,74,74,74,68,68,57,57,64,53,59,59,43,36,77,24,87,66,72,72,61,61,43,84,87,87,85,85,82,87,87,87,36,87,87,67,67,67,14,55,27,68,68,44,44,53,25,18,18,18,87,87,87,101,95],"gold":63,"neow_bonus":"TRANSFORM_TWO_CARDS","is_daily":false,"chose_seed":false,"campfire_upgraded":4,"win_rate":0.0,"timestamp":1611538298,"path_taken":["M","M","?","?","M","R","E","$","T","E","?","R","E","M","R","BOSS","M","M","?","?","$","E","R","E","T","E","?","E","M","M","R","BOSS","M","M","$","?","M","R","M","R","T","E","?","E","M","E","R","BOSS","R","$","E","BOSS"],"items_purchased_type":["Card","Relic","Relic","Card","Card","Relic","Card"],"build_version":"2020-12-22","purchased_purges":3,"victory":true,"max_hp_per_floor":[80,80,80,80,80,80,80,80,87,87,87,87,87,87,87,87,87,87,87,87,87,87,87,87,87,87,87,87,87,87,87,87,87,87,87,87,87,87,87,87,87,87,87,87,87,87,87,87,87,87,87,87,87,101,101],"relic_stats":{"Regal Pillow":60,"Lizard Tail":0,"Happy Flower":[20],"counters":[30,119],"Dead Branch":[233],"Bronze Scales":[173],"Charon\u0027s Ashes":[275],"Bag of Preparation":[46],"Medical Kit":[3],"obtain_stats":[{"Potion Belt":43,"Regal Pillow":7,"Happy Flower":29,"Dead Branch":22,"Mango":54,"The Courier":10,"Charon\u0027s Ashes":48,"Bag of Preparation":13,"Incense Burner":25,"Medical Kit":53,"Burning Blood":0,"Akabeko":46,"SlaversCollar":34,"Anchor":8,"Lizard Tail":27,"CaptainsWheel":44,"Strawberry":9,"Bronze Scales":38,"Philosopher\u0027s Stone":17,"TungstenRod":23},{"Potion Belt":23,"Regal Pillow":4,"Happy Flower":16,"Dead Branch":12,"Mango":29,"The Courier":5,"Charon\u0027s Ashes":27,"Bag of Preparation":7,"Incense Burner":14,"Medical Kit":28,"Burning Blood":0,"Akabeko":25,"SlaversCollar":19,"Anchor":4,"Lizard Tail":15,"CaptainsWheel":24,"Strawberry":4,"Bronze Scales":21,"Philosopher\u0027s Stone":9,"TungstenRod":13},{"Potion Belt":88,"Regal Pillow":9,"Happy Flower":57,"Dead Branch":41,"Mango":115,"The Courier":15,"Charon\u0027s Ashes":104,"Bag of Preparation":22,"Incense Burner":47,"Medical Kit":112,"Burning Blood":0,"Akabeko":94,"SlaversCollar":71,"Anchor":9,"Lizard Tail":52,"CaptainsWheel":91,"Strawberry":9,"Bronze Scales":77,"Philosopher\u0027s Stone":32,"TungstenRod":45}],"Burning Blood":162,"TungstenRod":58},"card_choices":[{"not_picked":["Clash","Evolve"],"picked":"Warcry","floor":1.0},{"not_picked":["Flex","Fire Breathing"],"picked":"Bloodletting","floor":2.0},{"not_picked":["Sword Boomerang","Thunderclap"],"picked":"Battle Trance","floor":5.0},{"not_picked":["Entrench","Disarm"],"picked":"Corruption","floor":7.0},{"not_picked":["Carnage","Battle Trance"],"picked":"Double Tap","floor":10.0},{"not_picked":["Headbutt","Perfected Strike"],"picked":"Spot Weakness","floor":11.0},{"not_picked":["Anger","Reckless Charge"],"picked":"Flex","floor":13.0},{"not_picked":["Warcry","Anger"],"picked":"Sever Soul","floor":14.0},{"not_picked":["Barricade","Offering"],"picked":"Impervious","floor":16.0},{"not_picked":["Bloodletting+1","Spot Weakness"],"picked":"True Grit+1","floor":18.0},{"not_picked":["Spot Weakness","Twin Strike"],"picked":"Whirlwind","floor":19.0},{"not_picked":["Armaments","Warcry"],"picked":"Shrug It Off","floor":21.0},{"not_picked":["Warcry","True Grit"],"picked":"Dual Wield+1","floor":23.0},{"not_picked":["Combust","Hemokinesis"],"picked":"Heavy Blade","floor":25.0},{"not_picked":["True Grit+1","Headbutt"],"picked":"Flame Barrier","floor":27.0},{"not_picked":["Pummel","Dual Wield"],"picked":"Clothesline","floor":29.0},{"not_picked":["Pummel","True Grit"],"picked":"Cleave+1","floor":30.0},{"not_picked":["Corruption","Anger"],"picked":"True Grit","floor":31.0},{"not_picked":["Berserk","Brutality"],"picked":"Demon Form","floor":33.0},{"not_picked":["Shockwave+1","Combust"],"picked":"Feel No Pain","floor":35.0},{"not_picked":["Shrug It Off","Combust+1"],"picked":"Carnage+1","floor":36.0},{"not_picked":["Hemokinesis+1","Flex","Anger+1"],"picked":"SKIP","floor":39.0},{"not_picked":["Clothesline","True Grit"],"picked":"Dark Embrace+1","floor":41.0},{"not_picked":["Dropkick+1","Pommel Strike"],"picked":"Juggernaut","floor":44},{"not_picked":["Heavy Blade+1","Clothesline"],"picked":"Burning Pact","floor":46},{"not_picked":["Hemokinesis+1","Armaments"],"picked":"Entrench+1","floor":47},{"not_picked":["Spot Weakness","Clash"],"picked":"Fire Breathing+1","floor":48},{"not_picked":["Cleave+1","Clothesline+1"],"picked":"Fiend Fire","floor":54}],"player_experience":2454984,"relics_obtained":[{"floor":7.0,"key":"Regal Pillow"},{"floor":9.0,"key":"Strawberry"},{"floor":10.0,"key":"The Courier"},{"floor":13.0,"key":"Bag of Preparation"},{"floor":23.0,"key":"TungstenRod"},{"floor":25.0,"key":"Incense Burner"},{"floor":27.0,"key":"Lizard Tail"},{"floor":29.0,"key":"Happy Flower"},{"floor":38.0,"key":"Bronze Scales"},{"floor":43.0,"key":"Potion Belt"},{"floor":44,"key":"CaptainsWheel"},{"floor":46,"key":"Akabeko"},{"floor":48,"key":"Charon\u0027s Ashes"},{"floor":54,"key":"Mango"}],"event_choices":[{"damage_healed":0.0,"max_hp_gain":0.0,"max_hp_loss":0.0,"gold_gain":175.0,"event_name":"Liars Game","player_choice":"AGREE","floor":4.0,"gold_loss":0.0,"damage_taken":0.0,"cards_obtained":["Doubt"]},{"damage_healed":0.0,"max_hp_gain":0.0,"max_hp_loss":0.0,"gold_gain":0.0,"event_name":"Match and Keep!","player_choice":"1 cards matched","floor":20.0,"gold_loss":0.0,"damage_taken":0.0,"cards_obtained":["Pummel"]},{"cards_removed":["True Grit"],"damage_healed":0,"gold_gain":0,"player_choice":"Removed Skill","damage_taken":0,"max_hp_gain":0,"max_hp_loss":0,"event_name":"Falling","floor":45,"gold_loss":0}],"is_beta":false,"boss_relics":[{"not_picked":["SacredBark","Velvet Choker"],"picked":"Philosopher\u0027s Stone"},{"not_picked":["Pandora\u0027s Box","Mark of Pain"],"picked":"SlaversCollar"}],"items_purged_floors":[8,28,37],"is_endless":false,"potions_floor_spawned":[7,11,13,19,23,27,30,31,35,36,44,47],"ascension_level":2}}