{"host":"0iuhrgzkozzv273x","time":1611536086,"event":{"mods":["2.2 Compatiblity","BaseMod","Colored Map","Curses Come First","Downfall","Minty Spire (QoL Compilation)","Spire Arcade","StSLib","The Construct","Unceasing Turn Reminder"],"gold_per_floor":[99,111,130,150,170,170,196,211,240,140,50,62,92,77,91,188,188,88,105,115,132,151,179,203,88,88,88,105,133,33,45,61,164,164,164,177,257,276,0,32,55,69,69,86,111,53,63,78,91,91,91,117,117,117,117,117],"floor_reached":57,"language":"ENG","playtime":7338,"items_purged":["champ:Strike","champ:Defend","champ:Strike"],"score":1560,"play_id":"fdc0be8b-c45c-4b84-80dc-98da7265738a","local_time":"20210124195446","is_ascension_mode":true,"campfire_choices":[{"floor":1.0,"key":"RECALL"},{"data":"champ:StrikeOfGenius","floor":10.0,"key":"SMITH"},{"data":"champ:Backstep","floor":18.0,"key":"SMITH"},{"floor":26.0,"key":"REST"},{"floor":30.0,"key":"REST"},{"data":"champ:Backstep","floor":35.0,"key":"SMITH"},{"data":"champ:GladiatorForm","floor":43.0,"key":"SMITH"},{"data":"champ:EndlessRage","floor":54.0,"key":"SMITH"}],"circlet_count":0,"master_deck":["champ:Strike","champ:Strike","champ:Defend","champ:Defend","champ:Defend","champ:Execute","champ:Taunt","champ:Endure+1","champ:FocusedDefense","champ:Backstep+1","champ:Backstep+1","champ:EnragedBash","champ:StrikeOfGenius+1","champ:GladiatorForm+1","champ:HoldFirm","CurseOfTheBell","champ:ArenaPreparation+1","champ:AdrenalArmor+1","champ:IgnorePain","champ:RageSigil","champ:UltimateStance+1","champ:CalledShot+1","champ:BerserkerStyle+1","champ:GutPunch+1","champ:EnchantCrown","champ:CalledShot+1","champ:EndlessRage+1"],"relics":["champ:ChampionCrownUpgraded","Pen Nib","downfall:HeartBlessingBlue","HornCleat","Calling Bell","Omamori","Mummified Hand","Lizard Tail","downfall:HeartBlessingRed","Potion Belt","Anchor","StrikeDummy","downfall:HeartBlessingGreen","Bottled Tornado","Pantograph","CaptainsWheel","War Paint","Prayer Wheel","DollysMirror","Vajra"],"acts_visited":["Exordium","TheCity","TheBeyond","TheEnding"],"potions_floor_usage":[56,56,56,56],"damage_taken":[{"damage":12.0,"enemies":"Jaw Worm","floor":2.0,"turns":6.0},{"damage":20.0,"enemies":"Cultist","floor":3.0,"turns":4.0},{"damage":20.0,"enemies":"2 Louse","floor":4.0,"turns":4.0},{"damage":24.0,"enemies":"Exordium Wildlife","floor":8.0,"turns":5.0},{"damage":61.0,"enemies":"Gremlin Nob","floor":9.0,"turns":6.0},{"damage":20.0,"enemies":"downfall:FleeingMerchant","floor":11.0,"turns":4.0},{"damage":33.0,"enemies":"Large Slime","floor":12.0,"turns":4.0},{"damage":15.0,"enemies":"Lagavulin","floor":13.0,"turns":6.0},{"damage":10.0,"enemies":"downfall:FleeingMerchant","floor":14.0,"turns":4.0},{"damage":10.0,"enemies":"3 Louse","floor":15.0,"turns":2.0},{"damage":37.0,"enemies":"DF_ARCHETYPE_STREAMLINE","floor":16.0,"turns":8.0},{"damage":27.0,"enemies":"Chosen","floor":19.0,"turns":5.0},{"damage":5.0,"enemies":"Spheric Guardian","floor":20.0,"turns":4.0},{"damage":70.0,"enemies":"Cultist and Chosen","floor":21.0,"turns":10.0},{"damage":23.0,"enemies":"Shelled Parasite and Fungi","floor":22.0,"turns":5.0},{"damage":61.0,"enemies":"Slavers","floor":23.0,"turns":6.0},{"damage":15.0,"enemies":"downfall:FleeingMerchant","floor":25.0,"turns":4.0},{"damage":59.0,"enemies":"Snake Plant","floor":28.0,"turns":5.0},{"damage":45.0,"enemies":"Book of Stabbing","floor":29.0,"turns":6.0},{"damage":25.0,"enemies":"Chosen and Byrds","floor":31.0,"turns":8.0},{"damage":34.0,"enemies":"Snecko","floor":32.0,"turns":5.0},{"damage":60.0,"enemies":"WA_ARCHETYPE_CALM","floor":33.0,"turns":8.0},{"damage":30.0,"enemies":"Orb Walker","floor":36.0,"turns":3.0},{"damage":50.0,"enemies":"3 Darklings","floor":38.0,"turns":3.0},{"damage":127.0,"enemies":"downfall:FleeingMerchant","floor":39.0,"turns":4.0},{"damage":127.0,"enemies":"Reptomancer","floor":40.0,"turns":5.0},{"damage":26.0,"enemies":"Spire Growth","floor":42.0,"turns":4.0},{"damage":106.0,"enemies":"Transient","floor":44.0,"turns":5.0},{"damage":124.0,"enemies":"Giant Head","floor":45.0,"turns":7.0},{"damage":17.0,"enemies":"downfall:FleeingMerchant","floor":46.0,"turns":2.0},{"damage":119.0,"enemies":"Maw","floor":47.0,"turns":4.0},{"damage":47.0,"enemies":"Spire Growth","floor":48.0,"turns":2.0},{"damage":112.0,"enemies":"Transient","floor":49.0,"turns":5.0},{"damage":106.0,"enemies":"IC_BLOCK_ARCHETYPE","floor":50.0,"turns":6.0},{"damage":170.0,"enemies":"downfall:CharBossMerchant","floor":52.0,"turns":5.0},{"damage":188,"enemies":"downfall:NeowBoss","floor":55,"turns":11},{"damage":162,"enemies":"downfall:NeowBossFinal","floor":56,"turns":12}],"seed_played":"-4117966301121780639","potions_obtained":[{"floor":3.0,"key":"SpeedPotion"},{"floor":4.0,"key":"Explosive Potion"},{"floor":5.0,"key":"SkillPotion"},{"floor":12.0,"key":"SkillPotion"},{"floor":13.0,"key":"EssenceOfSteel"},{"floor":15.0,"key":"Fruit Juice"},{"floor":22.0,"key":"FairyPotion"},{"floor":28.0,"key":"SkillPotion"},{"floor":31.0,"key":"FearPotion"},{"floor":32.0,"key":"Dexterity Potion"},{"floor":33.0,"key":"champ:CounterPotion"},{"floor":42.0,"key":"Explosive Potion"},{"floor":44.0,"key":"SneckoOil"},{"floor":47.0,"key":"Strength Potion"},{"floor":48.0,"key":"DuplicationPotion"}],"is_trial":false,"path_per_floor":["R","M","M","M","?","?","T","M","E","R","$","M","E","$","M","B",null,"R","M","M","M","M","E","T","$","R","?","M","E","R","M","M","B",null,"R","M","?","M","$","E","T","M","R","M","E","$","M","M","M","B",null,"E","$","R","B","B",null],"character_chosen":"THE_CHAMP","items_purchased":["Pantograph","champ:EnchantCrown","DollysMirror"],"campfire_rested":2,"item_purchase_floors":[39,46,46],"current_hp_per_floor":[99,92,92,87,87,87,87,83,42,52,52,39,39,39,44,42,114,114,102,102,42,34,26,26,26,60,60,46,44,78,78,74,74,114,114,114,114,114,114,111,111,111,111,101,92,92,92,92,92,114,114,114,114,114,114,92],"gold":117,"neow_bonus":"TEN_PERCENT_HP_BONUS","is_daily":false,"chose_seed":false,"campfire_upgraded":5,"win_rate":0.0,"timestamp":1611536086,"path_taken":["R","M","M","M","?","?","T","?","E","R","$","M","E","$","M","BOSS","R","M","M","M","M","E","T","$","R","?","M","E","R","M","M","BOSS","R","M","?","M","$","E","T","M","R","M","E","$","M","M","M","BOSS","E","$","R","BOSS","BOSS"],"items_purchased_type":["Relic","Card","Relic"],"build_version":"2020-12-22","purchased_purges":3,"victory":true,"max_hp_per_floor":[99,99,99,99,99,99,99,99,99,109,109,109,109,109,114,114,114,114,114,114,114,114,114,114,114,114,114,114,114,114,114,114,114,114,114,114,114,114,114,114,114,114,114,114,114,114,114,114,114,114,114,114,114,114,114,114],"card_choices":[{"not_picked":["champ:SkillfulDodge","champ:TornadoPunch"],"picked":"champ:Endure","floor":2.0},{"not_picked":["champ:BladeFlurry","champ:Shatter"],"picked":"champ:FocusedDefense","floor":3.0},{"not_picked":["champ:FaceSlap","champ:IronFortress"],"picked":"champ:Backstep","floor":4.0},{"not_picked":["champ:DefensiveShout","champ:RisingSlash"],"picked":"champ:EnragedBash","floor":8.0},{"not_picked":["champ:CrownThrow","champ:FanOfKnives"],"picked":"champ:StrikeOfGenius","floor":9.0},{"not_picked":["champ:Lariat","champ:PreemptiveStrike","champ:FlashCut"],"picked":"SKIP","floor":11.0},{"not_picked":["champ:StanceDance","champ:Endure","champ:CrownThrow"],"picked":"SKIP","floor":12.0},{"not_picked":["champ:BringItOn","champ:Encircle"],"picked":"champ:GladiatorForm","floor":13.0},{"not_picked":["champ:FocusedBerserking","champ:Backstep","champ:Shatter"],"picked":"SKIP","floor":14.0},{"not_picked":["champ:FanOfKnives","champ:Backstep","champ:ShieldSigil"],"picked":"SKIP","floor":15.0},{"not_picked":["champ:EnchantShield","champ:LastStand"],"picked":"champ:HoldFirm","floor":16.0},{"not_picked":["champ:Endure+1","champ:StanceDance","champ:FalseCounter"],"picked":"SKIP","floor":19.0},{"not_picked":["champ:FanOfKnives","champ:CrownThrow+1","champ:SteelEdge"],"picked":"SKIP","floor":20.0},{"not_picked":["champ:FocusedBerserking","champ:DefensiveStyle"],"picked":"champ:ArenaPreparation+1","floor":21.0},{"not_picked":["champ:EnGarde","champ:ShieldWall"],"picked":"champ:AdrenalArmor+1","floor":22.0},{"not_picked":["champ:BladeFlurry","champ:StanceDance","champ:BringItOn+1"],"picked":"SKIP","floor":23.0},{"not_picked":["champ:RapidStrikes","champ:ShieldSigil","champ:BladeFlurry"],"picked":"SKIP","floor":25.0},{"not_picked":["champ:FanOfKnives","champ:AdrenalArmor","champ:ShieldSigil"],"picked":"SKIP","floor":28.0},{"not_picked":["champ:FalseCounter","champ:FlashCut"],"picked":"champ:IgnorePain","floor":29.0},{"not_picked":["champ:CrownThrow","champ:SwordSigil"],"picked":"champ:RageSigil","floor":31.0},{"not_picked":["champ:CrownThrow","champ:BladeFlurry+1","champ:FocusedDefense"],"picked":"SKIP","floor":32.0},{"not_picked":["champ:IgnorePain","champ:MurderStrike"],"picked":"champ:UltimateStance","floor":33.0},{"not_picked":["champ:GutPunch+1","champ:CrownThrow"],"picked":"champ:CalledShot+1","floor":36.0},{"not_picked":["champ:TornadoPunch","champ:StrikeOfGenius"],"picked":"champ:BerserkerStyle+1","floor":38.0},{"not_picked":["champ:RapidStrikes+1","champ:FanOfKnives+1","champ:Shatter"],"picked":"SKIP","floor":39.0},{"not_picked":["champ:SkillfulDodge+1","champ:RisingSlash+1","champ:HeartStrike+1"],"picked":"SKIP","floor":40.0},{"not_picked":["champ:Endure","champ:BerserkersShout+1","champ:TornadoPunch"],"picked":"SKIP","floor":42.0},{"not_picked":["champ:EnragedBash","champ:FaceSlap+1"],"picked":"champ:GutPunch+1","floor":44.0},{"not_picked":["champ:RapidStrikes+1","champ:Haymaker","champ:Shatter"],"picked":"SKIP","floor":45.0},{"not_picked":["champ:SkillfulDodge","champ:HeartStrike","champ:Duel+1"],"picked":"SKIP","floor":46.0},{"not_picked":["champ:BerserkerStyle","champ:DefensiveShout+1","champ:TornadoPunch+1"],"picked":"SKIP","floor":47.0},{"not_picked":["champ:GutPunch","champ:FanOfKnives","champ:HoldFirm"],"picked":"SKIP","floor":47.0},{"not_picked":["champ:Haymaker","champ:BladeFlurry","champ:ShieldSigil"],"picked":"SKIP","floor":48.0},{"not_picked":["champ:AdrenalArmor+1","champ:Backstep+1","champ:DefensiveStyle"],"picked":"SKIP","floor":48.0},{"not_picked":["champ:RageSigil","champ:StanceDance+1"],"picked":"champ:EndlessRage","floor":49.0},{"not_picked":["champ:Circumvent","champ:GladiatorStyle+1","champ:RageSigil"],"picked":"SKIP","floor":49.0},{"not_picked":["champ:RecklessLeap","champ:SwordSigil","champ:DancingMaster"],"picked":"SKIP","floor":52.0}],"player_experience":770018,"relics_obtained":[{"floor":9.0,"key":"Pen Nib"},{"floor":13.0,"key":"HornCleat"},{"floor":17.0,"key":"Omamori"},{"floor":17.0,"key":"Mummified Hand"},{"floor":17.0,"key":"Lizard Tail"},{"floor":23.0,"key":"Potion Belt"},{"floor":24.0,"key":"Anchor"},{"floor":29.0,"key":"StrikeDummy"},{"floor":37.0,"key":"Bottled Tornado"},{"floor":40.0,"key":"CaptainsWheel"},{"floor":41.0,"key":"War Paint"},{"floor":45.0,"key":"Prayer Wheel"},{"floor":52.0,"key":"Vajra"}],"event_choices":[{"damage_healed":0.0,"max_hp_gain":0.0,"max_hp_loss":0.0,"gold_gain":0.0,"event_name":"Vampires","player_choice":"Ignored","floor":27.0,"gold_loss":0.0,"damage_taken":0.0}],"is_beta":false,"boss_relics":[{"not_picked":["Pandora\u0027s Box","Fusion Hammer"],"picked":"Calling Bell"},{"not_picked":["Empty Cage","Runic Dome"],"picked":"champ:ChampionCrownUpgraded"}],"items_purged_floors":[11,25,46],"is_endless":false,"potions_floor_spawned":[3,4,12,13,15,22,28,31,32,33,42,44,47,48,49],"ascension_level":2}}