{"host":"928gv66myv2vlnsd","time":1611551511,"event":{"mods":["BaseMod","Minty Spire (QoL Compilation)","StSLib"],"gold_per_floor":[369,369,40,90,107,135,135,161,184,196,196,196,214,214,214,214,214],"floor_reached":16,"language":"ENG","playtime":639,"items_purged":[],"score":211,"play_id":"82d7312c-4997-4c36-87da-b01a9fa78c23","local_time":"20210125001151","is_ascension_mode":true,"campfire_choices":[{"data":"Flame Barrier","floor":7,"key":"SMITH"},{"floor":11,"key":"REST"},{"floor":15,"key":"REST"}],"circlet_count":0,"master_deck":["AscendersBane","Strike_R+1","Strike_R","Strike_R","Strike_R","Strike_R","Defend_R+1","Defend_R","Defend_R","Defend_R","Bash","Cleave+1","Evolve","Entrench+1","Thunderclap","Flame Barrier+1","Shrug It Off","Feed","Fire Breathing"],"relics":["Burning Blood","War Paint","Lantern","Pantograph","Orichalcum","Bag of Marbles"],"acts_visited":[],"potions_floor_usage":[8,8,16,16],"damage_taken":[{"damage":4.0,"enemies":"Small Slimes","floor":1.0,"turns":4.0},{"damage":2,"enemies":"Jaw Worm","floor":5,"turns":6},{"damage":30,"enemies":"3 Sentries","floor":6,"turns":7},{"damage":37,"enemies":"Lagavulin","floor":8,"turns":9},{"damage":0,"enemies":"Cultist","floor":10,"turns":4},{"damage":6,"enemies":"Exordium Wildlife","floor":13,"turns":4},{"damage":75,"enemies":"The Guardian","floor":16,"turns":17}],"seed_played":"-2349633896457234285","potions_obtained":[{"floor":5,"key":"LiquidMemories"},{"floor":6,"key":"PowerPotion"},{"floor":8,"key":"DuplicationPotion"},{"floor":13,"key":"ColorlessPotion"}],"is_trial":false,"path_per_floor":["M","?","$","?","M","E","R","E","T","M","R","?","M","?","R","B"],"character_chosen":"IRONCLAD","items_purchased":["Evolve","Entrench","War Paint"],"campfire_rested":2,"item_purchase_floors":[3,3,3],"current_hp_per_floor":[68,73,73,73,73,49,49,18,18,24,45,23,26,26,48,0,0],"gold":214,"neow_bonus":"TWO_FIFTY_GOLD","is_daily":false,"chose_seed":false,"campfire_upgraded":1,"win_rate":0.0,"timestamp":1611551511,"path_taken":["M","?","$","?","?","E","R","E","T","M","R","?","M","?","R","BOSS"],"items_purchased_type":["Card","Card","Relic"],"build_version":"2020-12-22","purchased_purges":0,"victory":false,"max_hp_per_floor":[68,73,73,73,73,73,73,73,73,73,73,73,76,76,76,76,76],"card_choices":[{"not_picked":["Anger","Sever Soul"],"picked":"Cleave","floor":1.0},{"not_picked":["Warcry","Heavy Blade"],"picked":"Thunderclap","floor":5},{"not_picked":["Power Through","Intimidate"],"picked":"Flame Barrier","floor":6},{"not_picked":["Perfected Strike","Body Slam"],"picked":"Shrug It Off","floor":8},{"not_picked":["Reckless Charge","Headbutt"],"picked":"Feed","floor":10},{"not_picked":["Bloodletting","Warcry"],"picked":"Fire Breathing","floor":13}],"player_experience":1314070,"relics_obtained":[{"floor":6,"key":"Lantern"},{"floor":8,"key":"Pantograph"},{"floor":9,"key":"Orichalcum"}],"event_choices":[{"damage_healed":0.0,"max_hp_gain":5.0,"max_hp_loss":0.0,"gold_gain":0.0,"event_name":"Big Fish","player_choice":"Donut","floor":2.0,"gold_loss":0.0,"damage_taken":0.0},{"damage_healed":0,"gold_gain":50,"player_choice":"Pray","damage_taken":0,"max_hp_gain":0,"max_hp_loss":0,"event_name":"Golden Shrine","floor":4,"gold_loss":0},{"damage_healed":0,"gold_gain":0,"player_choice":"Entered Light","damage_taken":22,"max_hp_gain":0,"max_hp_loss":0,"event_name":"Shining Light","floor":12,"gold_loss":0,"cards_upgraded":["Strike_R","Cleave"]},{"damage_healed":0,"gold_gain":0,"player_choice":"Searched \u00272\u0027 times","damage_taken":0,"relics_obtained":["Bag of Marbles"],"max_hp_gain":0,"max_hp_loss":0,"event_name":"Dead Adventurer","floor":14,"gold_loss":0}],"is_beta":false,"boss_relics":[],"items_purged_floors":[],"is_endless":false,"potions_floor_spawned":[5,6,8,13],"killed_by":"The Guardian","ascension_level":19}}