{"host":"ty9fb48q9oru32qm","time":1611606760,"event":{"mods":["2.2 Compatiblity","AchievementEnabler","Act Like it!","Astrologer","BaseMod","Beaked The Cultist","Better Synergies","Block Reminder","ChefMod","Colored Powertips","Conspire","DeckTracker","Downfall","Friendly Minions","GifTheSpireLib","Hermit","Hubris","Infinite Spire","Jorbs\u0027s Wanderer Trilogy","Marisa????????","Minty Spire (QoL Compilation)","Permanent Neow","Quick Restart","Random Character Button","Reliquary","Replay The Spire","Somnambulant","StSLib","Stuff the Spire","The Construct","The Cursed","The Marked","The Runesmith","The Servant 0.9.4","TheHeartMod"],"gold_per_floor":[99,112,112,212,231,259,259,269,69,79,97,111,111,139,153,255,255,255,273,286,286,306,319,319,319,347,347,382,149,49,49,59,164,164,164,178,178,178,201,228,253,253,253,264,291,307,325,325,325,325],"floor_reached":48,"language":"ENG","playtime":2784,"items_purged":["bronze:Strike","bronze:Defend"],"score":617,"play_id":"98dfd4ad-526a-451d-af8d-140650eb25bf","local_time":"20210125213240","is_ascension_mode":false,"campfire_choices":[{"floor":1,"key":"RECALL"},{"floor":9,"key":"REST"},{"data":"bronze:NullPointer","floor":18,"key":"SMITH"},{"floor":30,"key":"REST"},{"floor":35,"key":"REST"},{"data":"bronze:DigitalCarnage","floor":42,"key":"SMITH"}],"circlet_count":0,"master_deck":["bronze:Strike","bronze:Defend","bronze:Defend","bronze:Replicate","bronze:Goto","bronze:DigitalCarnage+1","bronze:WhirlingStrike","infinitespire:Collect+1","bronze:WhirlingStrike","bronze:Shell","bronze:GetLatest","bronze:NullPointer+1","bronze:CloningBeam","bronze:FineTuning","bronze:CleanCode","bronze:OilSpill","bronze:DelayedGuard","bronze:Iterate","bronze:OilSpill","bronze:Flail","bronze:FineTuning","bronze:Boost+1"],"relics":["bronze:BronzeCore","War Paint","Runesmith:Nanobots","downfall:HeartBlessingRed","downfall:HeartBlessingGreen","Ancient Tea Set","hubris:TerracottaHorce","beaked:MawFillet","reliquary:ExpiredCoupon","Bag of Marbles","MutagenicStrength","Ancient Tea Set","reliquary:PartyBalloon","downfall:HeartBlessingBlue","conspire:RoyalGoblet","ReplayTheSpireMod:Ring of Addiction","Potion Belt","SacredBark","Ring of Searing","Pen Nib","Bottled Flame","infinitespire:Satchel","StuffTheSpire:RubySignet"],"acts_visited":["Exordium","TheCity","TheBeyond"],"potions_floor_usage":[16,16,40,47],"damage_taken":[{"damage":0,"enemies":"2 Louse","floor":2,"turns":2},{"damage":0,"enemies":"Small Slimes","floor":5,"turns":3},{"damage":14,"enemies":"Gremlin Nob","floor":6,"turns":3},{"damage":0,"enemies":"Cultist","floor":8,"turns":2},{"damage":7,"enemies":"Large Slime","floor":10,"turns":2},{"damage":0,"enemies":"Exordium Wildlife","floor":11,"turns":1},{"damage":0,"enemies":"2 Fungi Beasts","floor":12,"turns":2},{"damage":14,"enemies":"Lagavulin","floor":14,"turns":4},{"damage":0,"enemies":"Blue Slaver","floor":15,"turns":2},{"damage":26,"enemies":"DF_ARCHETYPE_STREAMLINE","floor":16,"turns":8},{"damage":12,"enemies":"3 Byrds","floor":19,"turns":4},{"damage":4,"enemies":"conspire:HollyBat","floor":20,"turns":6},{"damage":0,"enemies":"Snake Plant","floor":22,"turns":2},{"damage":0,"enemies":"Chosen and Byrds","floor":23,"turns":3},{"damage":20,"enemies":"Nightmare","floor":26,"turns":5},{"damage":0,"enemies":"conspire:Head Lice","floor":28,"turns":2},{"damage":0,"enemies":"downfall:FleeingMerchant","floor":29,"turns":4},{"damage":0,"enemies":"Snecko","floor":32,"turns":1},{"damage":32,"enemies":"IC_MUSHROOM_ARCHETYPE","floor":33,"turns":3},{"damage":0,"enemies":"3 Darklings","floor":36,"turns":2},{"damage":10,"enemies":"Nemesis","floor":40,"turns":3},{"damage":0,"enemies":"Orb Walker","floor":44,"turns":1},{"damage":22,"enemies":"Giant Head","floor":45,"turns":5},{"damage":8,"enemies":"Sphere and 2 Shapes","floor":46,"turns":2},{"damage":0,"enemies":"Jaw Worm Horde","floor":47,"turns":1},{"damage":40,"enemies":"beaked:SuperParasite","floor":48,"turns":3}],"seed_played":"5933932393126449098","potions_obtained":[{"floor":6,"key":"Block Potion"},{"floor":8,"key":"DistilledChaos"},{"floor":10,"key":"Reflective Coating"},{"floor":16,"key":"SteroidPotion"},{"floor":19,"key":"Strength Potion"},{"floor":37,"key":"Adrenaline Potion"},{"floor":37,"key":"Weak Potion"},{"floor":46,"key":"Ancient Potion"}],"is_trial":false,"path_per_floor":["R","M","?","?","M","E","T","M","R","M","M","M","?","E","M","B",null,"R","M","M","AVR","M","M","T","?","NM","?","E","$","R","?","M","B",null,"R","M","?","?","T","E","T","R","?","M","E","M","M","E"],"character_chosen":"THE_AUTOMATON","items_purchased":["reliquary:PartyBalloon"],"campfire_rested":3,"item_purchase_floors":[29],"current_hp_per_floor":[70,70,53,53,53,39,39,39,60,53,53,53,53,39,39,13,56,56,44,40,40,40,40,40,40,20,20,20,20,54,54,54,22,66,80,80,80,80,80,70,70,70,70,68,46,38,38,0,0,0],"gold":325,"neow_bonus":"TRANSFORM_CARD","is_daily":false,"chose_seed":false,"campfire_upgraded":2,"win_rate":0.0,"timestamp":1611606760,"path_taken":["R","M","?","?","M","E","T","M","R","M","M","M","?","E","M","BOSS","R","M","M","AVR","M","M","T","?","NM","?","E","?","R","?","M","BOSS","R","M","?","?","?","E","T","R","?","M","E","M","M","E"],"items_purchased_type":["Relic"],"build_version":"2020-12-22","purchased_purges":2,"victory":false,"max_hp_per_floor":[70,70,70,70,70,70,70,70,70,70,70,70,70,70,70,70,70,70,70,70,70,70,70,70,70,70,70,70,70,80,80,80,80,80,80,80,80,80,80,80,80,80,70,68,68,68,66,66,66,66],"card_choices":[{"not_picked":["bronze:BitShift","bronze:Backtrace"],"picked":"bronze:WhirlingStrike","floor":2},{"not_picked":["infinitespire:FutureSight","infinitespire:Punishment"],"picked":"infinitespire:Collect","floor":3},{"not_picked":["bronze:Branch","bronze:Repair"],"picked":"bronze:WhirlingStrike","floor":5},{"not_picked":["bronze:FollowUp","bronze:Optimize"],"picked":"bronze:Shell","floor":6},{"not_picked":["bronze:BronzeOrb","bronze:BuggyMess","bronze:BitShift"],"picked":"SKIP","floor":8},{"not_picked":["bronze:DelayedSlice","bronze:BugBarrage","bronze:MaxOutput"],"picked":"SKIP","floor":10},{"not_picked":["bronze:Invalidate","bronze:BitShift"],"picked":"bronze:GetLatest","floor":11},{"not_picked":["bronze:NullPointer","bronze:ThunderWave","bronze:DarkDash"],"picked":"SKIP","floor":12},{"not_picked":["bronze:Branch","bronze:ThunderWave"],"picked":"bronze:CloningBeam","floor":14},{"not_picked":["bronze:CutThrough","bronze:BugBarrage"],"picked":"bronze:FineTuning","floor":15},{"not_picked":["bronze:HardenedForm","bronze:Break"],"picked":"bronze:CleanCode","floor":16},{"not_picked":["bronze:FineTuning","bronze:Branch"],"picked":"bronze:OilSpill","floor":19},{"not_picked":["bronze:Philosophize","bronze:ClassDefault"],"picked":"bronze:DelayedGuard","floor":20},{"not_picked":["bronze:Flail","bronze:CutThrough"],"picked":"bronze:Iterate","floor":22},{"not_picked":["bronze:Allocate","bronze:BuggyMess"],"picked":"bronze:OilSpill","floor":23},{"not_picked":["bronze:ChosenStrike","bronze:OilSpill","bronze:BugBarrage"],"picked":"SKIP","floor":26},{"not_picked":["bronze:Safeguard+1","bronze:BronzeArmor"],"picked":"bronze:Flail","floor":28},{"not_picked":["bronze:Branch","bronze:ClassDefault","bronze:WhirlingStrike+1"],"picked":"SKIP","floor":29},{"not_picked":["bronze:Fortify","bronze:BitShift"],"picked":"bronze:FineTuning","floor":32},{"not_picked":["bronze:Branch+1","bronze:Shield","bronze:ChosenStrike+1"],"picked":"SKIP","floor":36},{"not_picked":["bronze:Turbo+1","bronze:CleanCode","bronze:DelayedSlice+1"],"picked":"SKIP","floor":40},{"not_picked":["bronze:Flail","bronze:ItsAFeature","bronze:Safeguard"],"picked":"SKIP","floor":44},{"not_picked":["bronze:Deprecate","bronze:Optimize"],"picked":"bronze:Boost+1","floor":45},{"not_picked":["bronze:BitShift","bronze:DigitalCarnage+1","bronze:Return"],"picked":"SKIP","floor":46},{"not_picked":["bronze:Backtrace+1","bronze:Turbo+1","bronze:WildBeam"],"picked":"SKIP","floor":47}],"player_experience":281310,"relics_obtained":[{"floor":6,"key":"War Paint"},{"floor":7,"key":"Runesmith:Nanobots"},{"floor":14,"key":"Ancient Tea Set"},{"floor":26,"key":"Bag of Marbles"},{"floor":28,"key":"reliquary:SculptingSteel"},{"floor":37,"key":"ReplayTheSpireMod:Ring of Addiction"},{"floor":37,"key":"Potion Belt"},{"floor":37,"key":"SacredBark"},{"floor":37,"key":"Ring of Searing"},{"floor":39,"key":"Pen Nib"},{"floor":40,"key":"Bottled Flame"},{"floor":41,"key":"infinitespire:Satchel"},{"floor":45,"key":"StuffTheSpire:RubySignet"}],"event_choices":[{"damage_healed":0,"gold_gain":0,"player_choice":"Leave","damage_taken":0,"max_hp_gain":0,"max_hp_loss":0,"event_name":"conspire:Investor","floor":25,"gold_loss":0},{"damage_healed":0,"gold_gain":0,"player_choice":"Inject Mutagens","damage_taken":0,"relics_obtained":["MutagenicStrength"],"max_hp_gain":0,"max_hp_loss":0,"event_name":"Drug Dealer","floor":27,"gold_loss":0},{"cards_removed":["bronze:Defend"],"damage_healed":0,"gold_gain":0,"player_choice":"Removed Skill","damage_taken":0,"max_hp_gain":0,"max_hp_loss":0,"event_name":"Falling","floor":38,"gold_loss":0}],"is_beta":false,"boss_relics":[{"not_picked":["beaked:SacredDeck","reliquary:RedCape"],"picked":"hubris:TerracottaHorce"},{"not_picked":["Snecko Eye","Velvet Choker"],"picked":"conspire:RoyalGoblet"}],"items_purged_floors":[21,29],"is_endless":true,"potions_floor_spawned":[6,8,10,14,16,19,23,26,32,36,46],"killed_by":"beaked:SuperParasite","ascension_level":0}}