{"host":"y3h3n3f7seyagppx","time":1611596235,"event":{"mods":["AlwaysNeverKeys","BaseMod","Better Vampires","Colored Powertips","DeckTracker","Emptier Cage","Minty Spire (QoL Compilation)","Permanent Neow","Quick Restart","Rare Cards Sparkle","Relic Sorter","Relic Stats","StSLib","Transform Curses"],"gold_per_floor":[15,15,38,62,62,62,103,122,122,165,165,183,183,203,203,299,299,319,319,65,90,90,124,124,147,147,186,211,211,261,275,275,370,370,391,414,414,414,427,463,463,497,497,497,830,830,858,868,868,868,868,868,868,249,275,275],"floor_reached":57,"language":"ENG","playtime":7214,"items_purged":["Bash"],"score":3105,"play_id":"f67bd722-8db8-420c-9e5b-1b7f806d2527","local_time":"20210125123714","is_ascension_mode":true,"campfire_choices":[{"data":"Whirlwind","floor":6.0,"key":"SMITH"},{"data":"Armaments","floor":11.0,"key":"SMITH"},{"data":"Inflame","floor":13.0,"key":"SMITH"},{"data":"Inflame","floor":15.0,"key":"SMITH"},{"data":"Entrench","floor":24.0,"key":"SMITH"},{"data":"Body Slam","floor":29,"key":"SMITH"},{"data":"Ghostly","floor":32,"key":"SMITH"},{"data":"Power Through","floor":41,"key":"SMITH"},{"data":"Barricade","floor":49,"key":"SMITH"},{"data":"Flame Barrier","floor":53,"key":"SMITH"}],"circlet_count":0,"master_deck":["AscendersBane","Defend_R","Defend_R","Defend_R","Defend_R","Flame Barrier+1","Whirlwind+1","Armaments+1","Inflame+1","Inflame+1","Burning Pact","Reaper","Burning Pact+1","Shockwave+1","Shockwave+1","Barricade+1","Ghostly","Ghostly","Ghostly+1","Entrench+1","Body Slam+1","Evolve","Metallicize","Power Through+1","Exhume","Battle Trance","Headbutt"],"relics":["Burning Blood","Mummified Hand","Darkstone Periapt","Art of War","Astrolabe","MutagenicStrength","Happy Flower","FossilizedHelix","InkBottle","Bag of Preparation","Busted Crown","Juzu Bracelet","Potion Belt","Paper Frog","StrikeDummy","Frozen Eye","Pen Nib","Toy Ornithopter","Gremlin Horn"],"acts_visited":["Exordium","TheCity","TheBeyond","TheEnding"],"potions_floor_usage":[51,56,56,56,56],"damage_taken":[{"damage":14.0,"enemies":"Jaw Worm","floor":1.0,"turns":4.0},{"damage":4.0,"enemies":"Small Slimes","floor":3.0,"turns":4.0},{"damage":10.0,"enemies":"Cultist","floor":4.0,"turns":4.0},{"damage":10.0,"enemies":"Gremlin Nob","floor":7.0,"turns":3.0},{"damage":4.0,"enemies":"Looter","floor":8.0,"turns":3.0},{"damage":6.0,"enemies":"3 Sentries","floor":10.0,"turns":5.0},{"damage":12.0,"enemies":"Lots of Slimes","floor":12.0,"turns":3.0},{"damage":11.0,"enemies":"Large Slime","floor":14.0,"turns":4.0},{"damage":38.0,"enemies":"Hexaghost","floor":16.0,"turns":8.0},{"damage":9.0,"enemies":"Shell Parasite","floor":18.0,"turns":8.0},{"damage":0.0,"enemies":"3 Byrds","floor":21.0,"turns":2.0},{"damage":5.0,"enemies":"Gremlin Leader","floor":23.0,"turns":6.0},{"damage":8.0,"enemies":"Sentry and Sphere","floor":25.0,"turns":15.0},{"damage":17.0,"enemies":"Slavers","floor":27.0,"turns":6.0},{"damage":0,"enemies":"Cultist and Chosen","floor":28,"turns":6},{"damage":0,"enemies":"Snecko","floor":31,"turns":5},{"damage":0,"enemies":"Champ","floor":33,"turns":13},{"damage":0,"enemies":"Orb Walker","floor":35,"turns":3},{"damage":0,"enemies":"3 Shapes","floor":36,"turns":6},{"damage":0,"enemies":"Spire Growth","floor":39,"turns":6},{"damage":0,"enemies":"Reptomancer","floor":40,"turns":9},{"damage":0,"enemies":"Giant Head","floor":42,"turns":9},{"damage":0,"enemies":"Reptomancer","floor":47,"turns":6},{"damage":0,"enemies":"Writhing Mass","floor":48,"turns":9},{"damage":7,"enemies":"Time Eater","floor":50,"turns":8},{"damage":0,"enemies":"Awakened One","floor":51,"turns":9},{"damage":13,"enemies":"Shield and Spear","floor":55,"turns":18},{"damage":10,"enemies":"The Heart","floor":56,"turns":9}],"seed_played":"-7817526158290065816","potions_obtained":[{"floor":1.0,"key":"SteroidPotion"},{"floor":8.0,"key":"Strength Potion"},{"floor":12.0,"key":"Fire Potion"},{"floor":14.0,"key":"DuplicationPotion"},{"floor":23.0,"key":"ColorlessPotion"},{"floor":25.0,"key":"AttackPotion"},{"floor":28,"key":"Energy Potion"},{"floor":42,"key":"Dexterity Potion"},{"floor":48,"key":"DistilledChaos"}],"is_trial":false,"path_per_floor":["M","?","M","M","?","R","E","M","T","E","R","M","R","M","R","B",null,"M","?","$","M","?","E","R","M","T","E","M","R","?","M","R","B",null,"M","M","?","?","M","E","R","E","T","?","?","?","E","M","R","B","B",null,"R","$","E","B",null],"character_chosen":"IRONCLAD","items_purchased":["Happy Flower","Barricade","Frozen Eye","Pen Nib","SpeedPotion","Toy Ornithopter"],"campfire_rested":0,"item_purchase_floors":[20,20,54,54,54,54],"current_hp_per_floor":[60,60,62,58,58,58,54,56,56,56,56,50,50,45,45,13,54,51,51,51,57,34,34,34,32,32,34,34,34,34,34,34,34,34,34,34,34,24,34,34,34,34,34,32,32,32,32,32,32,32,32,32,32,32,32,32],"gold":275,"neow_bonus":"REMOVE_TWO","is_daily":false,"chose_seed":false,"campfire_upgraded":10,"win_rate":0.0,"timestamp":1611596234,"path_taken":["M","?","M","M","?","R","E","M","T","E","R","M","R","M","R","BOSS","M","?","$","M","?","E","R","M","T","E","M","R","?","?","R","BOSS","M","M","?","?","M","E","R","E","T","?","?","?","E","M","R","BOSS","BOSS","R","$","E","BOSS"],"items_purchased_type":["Relic","Card","Relic","Relic","Potion","Relic"],"build_version":"2020-12-22","purchased_purges":1,"victory":true,"max_hp_per_floor":[75,68,68,68,68,68,68,68,68,68,68,68,68,68,68,68,68,68,68,68,68,34,34,34,34,34,34,34,34,34,34,34,34,34,34,34,34,34,34,34,34,34,34,32,32,32,32,32,32,32,32,32,32,32,32,32],"relic_stats":{"Darkstone Periapt":0,"Happy Flower":[48],"Gremlin Horn":[0,0],"counters":[28,191],"Astrolabe":["Burning Pact","Shockwave","Shockwave"],"Pen Nib":[1],"Bag of Preparation":[28],"Juzu Bracelet":0,"Burning Blood":72,"Busted Crown":22,"Mummified Hand":[118],"Art of War":[84],"obtain_stats":[{"Darkstone Periapt":9,"Potion Belt":42,"Happy Flower":20,"Gremlin Horn":55,"Golden Idol":2,"Astrolabe":17,"Pen Nib":54,"Bag of Preparation":27,"Juzu Bracelet":40,"Burning Blood":0,"Frozen Eye":54,"Busted Crown":34,"Mummified Hand":7,"MutagenicStrength":19,"Art of War":10,"StrikeDummy":47,"FossilizedHelix":23,"InkBottle":26,"Toy Ornithopter":54,"Paper Frog":43},{"Darkstone Periapt":5,"Potion Belt":22,"Happy Flower":10,"Gremlin Horn":27,"Golden Idol":1,"Astrolabe":9,"Pen Nib":26,"Bag of Preparation":14,"Juzu Bracelet":21,"Burning Blood":0,"Frozen Eye":26,"Busted Crown":17,"Mummified Hand":4,"MutagenicStrength":10,"Art of War":6,"StrikeDummy":23,"FossilizedHelix":12,"InkBottle":13,"Toy Ornithopter":26,"Paper Frog":22},{"Darkstone Periapt":18,"Potion Belt":132,"Happy Flower":46,"Gremlin Horn":182,"Golden Idol":4,"Astrolabe":38,"Pen Nib":164,"Bag of Preparation":75,"Juzu Bracelet":123,"Burning Blood":0,"Frozen Eye":164,"Busted Crown":99,"Mummified Hand":15,"MutagenicStrength":46,"Art of War":23,"StrikeDummy":138,"FossilizedHelix":54,"InkBottle":69,"Toy Ornithopter":164,"Paper Frog":132}],"InkBottle":[47],"Toy Ornithopter":7},"card_choices":[{"not_picked":["Shrug It Off","Dark Embrace"],"picked":"Combust","floor":1.0},{"not_picked":["Sword Boomerang","Twin Strike"],"picked":"Flame Barrier","floor":3.0},{"not_picked":["Thunderclap","Sword Boomerang"],"picked":"Whirlwind","floor":4.0},{"not_picked":["Warcry","Ghostly Armor"],"picked":"Armaments","floor":7.0},{"not_picked":["Whirlwind","Rampage"],"picked":"Inflame","floor":8.0},{"not_picked":["Searing Blow","Sentinel"],"picked":"Inflame","floor":10.0},{"not_picked":["Fire Breathing","Perfected Strike","Iron Wave"],"picked":"SKIP","floor":12.0},{"not_picked":["Burning Pact","Demon Form","Dark Embrace"],"picked":"SKIP","floor":14.0},{"not_picked":["Demon Form","Dark Embrace"],"picked":"Burning Pact","floor":14.0},{"not_picked":["Limit Break","Feed"],"picked":"Reaper","floor":16.0},{"not_picked":["Clothesline","Hemokinesis","Thunderclap"],"picked":"SKIP","floor":18.0},{"not_picked":["Uppercut","Twin Strike"],"picked":"Dropkick","floor":21.0},{"not_picked":["Headbutt","Cleave"],"picked":"Entrench","floor":23.0},{"not_picked":["Clash","Havoc"],"picked":"Body Slam","floor":25.0},{"not_picked":["Uppercut","True Grit"],"picked":"Evolve","floor":27.0},{"not_picked":["Pommel Strike","Dropkick"],"picked":"Metallicize","floor":28},{"not_picked":["Anger","Sentinel"],"picked":"Power Through","floor":31},{"not_picked":["Reaper","Barricade"],"picked":"Exhume","floor":33},{"not_picked":["Clash"],"picked":"SKIP","floor":35},{"not_picked":[],"picked":"Battle Trance","floor":36},{"not_picked":[],"picked":"Headbutt","floor":39},{"not_picked":["Cleave"],"picked":"SKIP","floor":40},{"not_picked":["Feed"],"picked":"SKIP","floor":42},{"not_picked":["Pummel"],"picked":"SKIP","floor":47},{"not_picked":["Clash"],"picked":"SKIP","floor":48},{"not_picked":["Pummel+1"],"picked":"SKIP","floor":55}],"player_experience":21560827,"relics_obtained":[{"floor":7.0,"key":"Mummified Hand"},{"floor":9.0,"key":"Darkstone Periapt"},{"floor":10.0,"key":"Art of War"},{"floor":23.0,"key":"FossilizedHelix"},{"floor":26.0,"key":"InkBottle"},{"floor":27.0,"key":"Bag of Preparation"},{"floor":40,"key":"Juzu Bracelet"},{"floor":42,"key":"Potion Belt"},{"floor":43,"key":"Paper Frog"},{"floor":47,"key":"StrikeDummy"},{"floor":55,"key":"Gremlin Horn"}],"event_choices":[{"damage_healed":0.0,"max_hp_gain":0.0,"max_hp_loss":7.0,"gold_gain":0.0,"event_name":"Golden Idol","player_choice":"Lose Max HP","floor":2.0,"gold_loss":0.0,"damage_taken":0.0,"relics_obtained":["Golden Idol"]},{"cards_removed":["Strike_R"],"damage_healed":0.0,"max_hp_gain":0.0,"max_hp_loss":0.0,"gold_gain":0.0,"event_name":"Bonfire Elementals","player_choice":"Offered Basic","floor":5.0,"gold_loss":0.0,"damage_taken":0.0},{"damage_healed":0.0,"max_hp_gain":0.0,"max_hp_loss":0.0,"gold_gain":0.0,"event_name":"Drug Dealer","player_choice":"Inject Mutagens","floor":19.0,"gold_loss":0.0,"damage_taken":0.0,"relics_obtained":["MutagenicStrength"]},{"damage_healed":0.0,"max_hp_gain":0.0,"max_hp_loss":34.0,"gold_gain":0.0,"event_name":"Ghosts","player_choice":"Became a Ghost","floor":22.0,"gold_loss":0.0,"damage_taken":0.0,"cards_obtained":["Ghostly","Ghostly","Ghostly"]},{"damage_healed":0,"gold_gain":50,"player_choice":"Pray","damage_taken":0,"max_hp_gain":0,"max_hp_loss":0,"event_name":"Golden Shrine","floor":30,"gold_loss":0},{"damage_healed":0,"gold_gain":0,"player_choice":"Ignored","damage_taken":0,"max_hp_gain":0,"max_hp_loss":0,"event_name":"Tomb of Lord Red Mask","floor":37,"gold_loss":0},{"damage_healed":0,"gold_gain":0,"player_choice":"Memory 3","damage_taken":10,"max_hp_gain":0,"max_hp_loss":0,"event_name":"SensoryStone","floor":38,"gold_loss":0},{"damage_healed":0,"gold_gain":0,"player_choice":"Max HP","damage_taken":0,"max_hp_gain":0,"max_hp_loss":2,"event_name":"Winding Halls","floor":44,"gold_loss":0},{"damage_healed":0,"gold_gain":333,"player_choice":"Gave Idol","damage_taken":0,"max_hp_gain":0,"max_hp_loss":0,"event_name":"The Moai Head","floor":45,"relics_lost":["Golden Idol"],"gold_loss":0},{"cards_removed":["Dropkick"],"damage_healed":0,"gold_gain":0,"player_choice":"Removed Attack","damage_taken":0,"max_hp_gain":0,"max_hp_loss":0,"event_name":"Falling","floor":46,"gold_loss":0}],"is_beta":false,"boss_relics":[{"not_picked":["Velvet Choker","Runic Dome"],"picked":"Astrolabe"},{"not_picked":["Tiny House","Black Star"],"picked":"Busted Crown"}],"items_purged_floors":[54],"is_endless":false,"potions_floor_spawned":[1,8,12,14,21,23,25,28,33,35,36,42,48],"ascension_level":20}}