{"host":"awrw1gk2acwismlg","time":1611534984,"event":{"mods":["100% Spire Juice","ATMod(°¢èªMod)","Arknights The Spire","BaseMod","Bestiary","Challenge The Spire","Downfall","Hermit","Hero for Fun","Jedi Mod","KinomotoSakuraMod(Ä¾Ö®±¾Ó£)","Marisa£¨ìFÓê¡¡Ä§ÀíÉ³£©","Minty Spire (QoL Compilation)","Nova Terra(ÅµÍÞ¡¤Ì©À­)","Remilia_Scarlet Moed£¨ÀÙÃ×ÀòÑÇ¡¤Ë¹¿¨À×ÌØ£©3.3.5","Remilia£¨ÀÙÃ×ÀòÑÇ£©","Robot Space Explorer","Shop Mod","Small Relic Pack","Spicy Shops","StSLib","Warlord Emblem","Wide Potions","Yakumo Yukari mod","Youmu£¨»êÆÇÑýÃÎ£©","¡¾ÒÅÎï¿¨ÅÆ¡¿REMEMod","óô»ðÖ¸ÄÏ"],"gold_per_floor":[99,113,123,141,153,153,153,153,153,153,153,153,169,200,215,295,295,295],"floor_reached":16,"language":"ZHS","playtime":1058,"items_purged":[],"score":104,"play_id":"439bf447-76b0-486c-af12-c1d6f09cc818","local_time":"20210125083624","is_ascension_mode":false,"campfire_choices":[{"data":"AT_FamilyPortrait","floor":1.0,"key":"SMITH"},{"floor":6.0,"key":"RECALL"},{"data":"Slimebound:RainOfGoop","floor":9.0,"key":"SMITH"},{"data":"Slimebound:Schlurp","floor":12.0,"key":"SMITH"}],"circlet_count":0,"master_deck":["Slimebound:Strike_Slimebound","Slimebound:Strike_Slimebound","Slimebound:Strike_Slimebound","Slimebound:Tackle","Slimebound:Defend_Slimebound","Slimebound:Defend_Slimebound","Slimebound:Defend_Slimebound","Slimebound:Defend_Slimebound","Slimebound:Split","Slimebound:CorrosiveSpit","AT_FamilyPortrait+1","Madness","Slimebound:SplitMire","Slimebound:RainOfGoop+1","Slimebound:Schlurp+1","Slimebound:LevelUp","Slimebound:Schlurp","Slimebound:ViciousTackle"],"relics":["Slimebound:AbsorbEndCombat","AT_ATBox","REME_ComplimentaryCards","Mummified Hand"],"acts_visited":["Exordium"],"potions_floor_usage":[15],"damage_taken":[{"damage":6.0,"enemies":"Cultist","floor":2.0,"turns":3.0},{"damage":11.0,"enemies":"Small Slimes","floor":3.0,"turns":3.0},{"damage":9.0,"enemies":"Jaw Worm","floor":4.0,"turns":2.0},{"damage":9.0,"enemies":"2 Fungi Beasts","floor":5.0,"turns":3.0},{"damage":10.0,"enemies":"Large Slime","floor":8.0,"turns":2.0},{"damage":0.0,"enemies":"downfall:FleeingMerchant","floor":11.0,"turns":1.0},{"damage":0.0,"enemies":"Exordium Wildlife","floor":13.0,"turns":2.0},{"damage":22.0,"enemies":"Gremlin Nob","floor":14.0,"turns":3.0},{"damage":2,"enemies":"Blue Slaver","floor":15,"turns":2},{"damage":27,"enemies":"WA_ARCHETYPE_RETAIN","floor":16,"turns":4}],"seed_played":"7590157872696256210","potions_obtained":[{"floor":3.0,"key":"Fire Potion"},{"floor":13.0,"key":"Explosive Potion"},{"floor":14.0,"key":"Fire Potion"},{"floor":15,"key":"Explosive Potion"}],"is_trial":false,"path_per_floor":["R","M","M","M","M","R","T","M","R","?","$","R","M","E","M","B"],"character_chosen":"SLIMEBOUND","items_purchased":[],"campfire_rested":0,"item_purchase_floors":[],"current_hp_per_floor":[71,71,62,55,48,48,48,38,38,38,38,38,42,24,24,0,0,0],"gold":295,"neow_bonus":"TEN_PERCENT_HP_BONUS","is_daily":false,"chose_seed":false,"campfire_upgraded":3,"win_rate":0.0,"timestamp":1611534984,"path_taken":["R","M","M","M","M","R","T","?","R","?","$","M","M","E","M","BOSS"],"items_purchased_type":[],"build_version":"2020-12-22","purchased_purges":0,"victory":false,"max_hp_per_floor":[71,71,71,71,71,71,71,71,71,71,71,71,71,71,71,71,71,71],"card_choices":[{"not_picked":["Slimebound:ComboTackle","Slimebound:SplitLeeching"],"picked":"Slimebound:SplitMire","floor":2.0},{"not_picked":["Slimebound:LivingWall","Slimebound:GoopSpray"],"picked":"Slimebound:RainOfGoop","floor":3.0},{"not_picked":["Slimebound:LeadByExample","Slimebound:HauntingLick","Slimebound:BestDefense"],"picked":"SKIP","floor":4.0},{"not_picked":["Slimebound:GoopTackle","Slimebound:GoopSpray"],"picked":"Slimebound:Schlurp","floor":5.0},{"not_picked":["Slimebound:SplitMire","Slimebound:SelfFormingGoo"],"picked":"Slimebound:LevelUp","floor":13.0},{"not_picked":["Slimebound:SplitBruiser","Slimebound:Gluttony"],"picked":"Slimebound:Schlurp","floor":14.0},{"not_picked":["Slimebound:SplitBruiser","Slimebound:ItLooksTasty"],"picked":"Slimebound:ViciousTackle","floor":15}],"player_experience":42891,"relics_obtained":[{"floor":14.0,"key":"Mummified Hand"}],"event_choices":[],"is_beta":false,"boss_relics":[],"items_purged_floors":[],"is_endless":false,"potions_floor_spawned":[3,13,14,15],"killed_by":"WA_ARCHETYPE_RETAIN","ascension_level":0}}