{"host":"0z6l31g9ps0v9zzp","time":1611581552,"event":{"mods":["Act Like it!","BaseMod","CapriCore","Minty Spire (QoL Compilation)","MostiFishMod","StSLib","The Bug Knight","[IsaacMod]ÒÔÈö¼âËþ"],"gold_per_floor":[114,127,77,88,88,122,132,160,160,174,202,225,237,274,286,423,435,462,474,511,523,556,607,87,107,107,125,141,167,167,10,10,129,129,144,144,160,179,261,261,302,321,345,345,365,365,434,455,455,455,455,455,107,140,140],"floor_reached":56,"language":"ZHS","playtime":3000,"items_purged":["Injury","HollowMod:NailStrikeStart","HollowMod:DesolateDive+1"],"score":1473,"play_id":"5eabd417-0695-4833-a182-8752a686ac84","local_time":"20210125213232","daily_mods":["Heirloom"],"is_ascension_mode":false,"campfire_choices":[{"data":"HollowMod:HuntersJournal","floor":15.0,"key":"SMITH"},{"data":"HollowMod:SlysStrikes","floor":30.0,"key":"SMITH"},{"data":"HollowMod:HuntersJournal","floor":32.0,"key":"SMITH"},{"data":"HollowMod:CloakDash","floor":40.0,"key":"SMITH"},{"data":"HollowMod:CornifersMapStart","floor":44.0,"key":"SMITH"},{"data":"HollowMod:HowlingWraiths","floor":46.0,"key":"SMITH"},{"floor":49,"key":"RECALL"},{"floor":52,"key":"DIG"}],"circlet_count":0,"master_deck":["HollowMod:NailStrikeStart","HollowMod:NailStrikeStart","HollowMod:QuickDashStart","HollowMod:QuickDashStart","HollowMod:QuickDashStart","HollowMod:QuickDashStart+1","HollowMod:FocusHealStart","HollowMod:PogoStrike","HollowMod:RecoilStrike+1","HollowMod:HowlingWraiths+1","HollowMod:HuntersJournal+1","HollowMod:PerfectDash+1","HollowMod:CornifersMapStart+1","HollowMod:DashSlash+1","HollowMod:HuntersJournal+1","HollowMod:VengefulSpirit+1","HollowMod:SlysStrikes+1","HollowMod:PureNailStrike+1","HollowMod:CloakDash+1","HollowMod:HuntersJournal+1","HollowMod:SoulStrike+1","HollowMod:DashSlash+1","HollowMod:DreamGate+1","HollowMod:RecoilStrike+1","HollowMod:BaldurShell+1"],"relics":["HollowMod:VesselMask","DaveBox","HushsDoor","Damocles","SentryEyes","Pocketwatch","SynthV:TestCard","Toy Ornithopter","HollowMod:MantisClawRelic","Prayer Wheel","Vajra","Pen Nib","Ginger","Molten Egg 2","Art of War","Sundial","MawBank","TungstenRod","ImprovedEquipment","Golden Idol","Bag of Preparation","HollowMod:KingsBrand","HollowMod:DelicateFlower","Oddly Smooth Stone","Potion Belt","TheBean","Civilization","War Paint","HollowMod:MillibellesNoteRelic","HowToJump","Orichalcum","GuppysHead","MealTicket","BFFS","PatriotShield","Bronze Scales","Toxic Egg 2","Nunchaku","BookofShadows","TuHaoJin","Ornamental Fan","Lantern","DaCapo","Shovel","BookOfRevelations","Omamori","Bottled Flame","Kunai","Bottled Lightning","InkBottle"],"acts_visited":["Exordium","TheCity","TheBeyond","TheEnding"],"potions_floor_usage":[55,55],"damage_taken":[{"damage":0.0,"enemies":"Small Slimes","floor":1.0,"turns":2.0},{"damage":0.0,"enemies":"2 Louse","floor":2.0,"turns":2.0},{"damage":0.0,"enemies":"Cultist","floor":4.0,"turns":2.0},{"damage":0.0,"enemies":"Lagavulin","floor":6.0,"turns":3.0},{"damage":0.0,"enemies":"Exordium Thugs","floor":7.0,"turns":2.0},{"damage":0.0,"enemies":"3 Sentries","floor":8.0,"turns":2.0},{"damage":0.0,"enemies":"Large Slime","floor":10.0,"turns":1.0},{"damage":0.0,"enemies":"Lagavulin","floor":11.0,"turns":4.0},{"damage":0.0,"enemies":"Looter","floor":12.0,"turns":2.0},{"damage":0.0,"enemies":"Blue Slaver","floor":14.0,"turns":1.0},{"damage":0.0,"enemies":"Hexaghost","floor":16.0,"turns":6.0},{"damage":0.0,"enemies":"2 Thieves","floor":18.0,"turns":2.0},{"damage":0.0,"enemies":"3 Byrds","floor":20.0,"turns":2.0},{"damage":0.0,"enemies":"Shelled Parasite and Fungi","floor":22.0,"turns":2.0},{"damage":0.0,"enemies":"Slavers","floor":23.0,"turns":2.0},{"damage":0.0,"enemies":"Snecko","floor":25.0,"turns":3.0},{"damage":3.0,"enemies":"Centurion and Healer","floor":27.0,"turns":3.0},{"damage":0.0,"enemies":"3 Cultists","floor":28.0,"turns":2.0},{"damage":0.0,"enemies":"HollowMod:NKGrimm","floor":33.0,"turns":3.0},{"damage":0.0,"enemies":"3 Shapes","floor":35.0,"turns":1.0},{"damage":0.0,"enemies":"Orb Walker","floor":37.0,"turns":1.0},{"damage":0.0,"enemies":"Sphere and 2 Shapes","floor":38.0,"turns":1.0},{"damage":0.0,"enemies":"Reptomancer","floor":41.0,"turns":1.0},{"damage":0.0,"enemies":"Transient","floor":42.0,"turns":5.0},{"damage":0.0,"enemies":"Jaw Worm Horde","floor":45.0,"turns":2.0},{"damage":0,"enemies":"2 Orb Walkers","floor":47,"turns":1},{"damage":0,"enemies":"HollowMod:SlobberingHusk","floor":48,"turns":2},{"damage":0,"enemies":"Time Eater","floor":50,"turns":2},{"damage":0,"enemies":"Shield and Spear","floor":54,"turns":1},{"damage":0,"enemies":"Delirium","floor":55,"turns":29}],"seed_played":"6449802263861969319","potions_obtained":[{"floor":2.0,"key":"AttackPotion"},{"floor":6.0,"key":"Strength Potion"},{"floor":7.0,"key":"SpeedPotion"},{"floor":11.0,"key":"Explosive Potion"},{"floor":14.0,"key":"Block Potion"},{"floor":16.0,"key":"EssenceOfSteel"},{"floor":35.0,"key":"LiquidMemories"},{"floor":42.0,"key":"Dexterity Potion"},{"floor":45.0,"key":"FearPotion"},{"floor":47,"key":"PowerPotion"}],"is_trial":true,"path_per_floor":["M","M","?","M","?","E","M","E","T","M","E","M","?","M","R","B",null,"M","?","M","$","M","E","$","M","T","M","M","T","R","$","R","B",null,"M","?","M","M","T","R","E","M","T","R","M","R","?","M","R","B",null,"R","$","E","B",null],"character_chosen":"THE_BUGKNIGHT","items_purchased":["Civilization","War Paint","HollowMod:MillibellesNoteRelic","BFFS","Kunai"],"campfire_rested":0,"item_purchase_floors":[24,24,24,31,53],"current_hp_per_floor":[75,75,75,75,75,75,75,75,75,75,75,75,75,75,75,75,75,75,75,75,75,75,75,75,76,76,76,84,84,84,84,84,89,84,89,89,94,99,99,99,104,109,109,109,114,114,119,124,124,129,129,129,129,134,139],"gold":140,"neow_bonus":"","is_daily":false,"chose_seed":false,"campfire_upgraded":6,"win_rate":0.0,"timestamp":1611581552,"path_taken":["M","M","?","M","?","E","M","E","T","M","E","?","?","M","R","BOSS","M","?","M","$","M","E","$","M","T","?","M","?","R","$","R","BOSS","M","?","M","M","?","R","E","?","T","R","M","R","?","M","R","BOSS","R","$","E","BOSS"],"items_purchased_type":["Relic","Relic","Relic","Relic","Relic"],"build_version":"2020-12-22","purchased_purges":3,"victory":true,"max_hp_per_floor":[75,75,75,75,75,75,75,75,75,75,75,75,75,75,75,75,75,75,75,75,75,75,75,75,76,76,79,84,84,84,84,84,89,84,89,89,94,99,99,99,104,109,109,109,114,114,119,124,124,129,129,129,129,134,139],"card_choices":[{"not_picked":["HollowMod:TaintedHusks","HollowMod:ChannelNail"],"picked":"Bomb","floor":1.0},{"not_picked":["HollowMod:DashSlash","HollowMod:AbyssShriek","HollowMod:LifebloodCocoon","HollowMod:NewGlowingWomb"],"picked":"HollowMod:RecoilStrike","floor":2.0},{"not_picked":["HollowMod:GoodIntentions","HollowMod:ChannelNail","HollowMod:LuriensSpire","HollowMod:CornifersMapStart","HollowMod:DoubleDash"],"picked":"SKIP","floor":4.0},{"not_picked":["HollowMod:BlackTendrils","HollowMod:NewInfectedGuardian","HollowMod:SoulSplash","HollowMod:VengefulVoid"],"picked":"HollowMod:HowlingWraiths","floor":6.0},{"not_picked":["HollowMod:RadiancesLament","HollowMod:CornifersMapStart","HollowMod:CoiledNail","HollowMod:GrimmsGift"],"picked":"HollowMod:HuntersJournal","floor":7.0},{"not_picked":["HollowMod:Grubsong","HollowMod:InfectedCysts","HollowMod:MonomonsArchive","Bomb"],"picked":"HollowMod:PerfectDash","floor":7.0},{"not_picked":["HollowMod:SharpenedShadows","HollowMod:DungDefenderAura","HollowMod:SiblingsShadow","HollowMod:PerfectDash"],"picked":"Bomb","floor":8.0},{"not_picked":["HollowMod:WraithStrike+1","HollowMod:PureVessel","HollowMod:HeavyBlow+1","HollowMod:MawleksShell"],"picked":"HollowMod:CornifersMapStart","floor":10.0},{"not_picked":["HollowMod:MonomonsArchive","HollowMod:NewGlowingWomb","HollowMod:BaldurShell","HollowMod:DescendingDark+1","HollowMod:DreamGate"],"picked":"SKIP","floor":10.0},{"not_picked":["HollowMod:QuirrelsAssistance+1","HollowMod:DreamGate","HollowMod:DescendingDark+1","HollowMod:NewJinnsSoul","HollowMod:CornifersMapStart"],"picked":"SKIP","floor":11.0},{"not_picked":["HollowMod:InfectedAttack+1","HollowMod:LifebloodCocoon","HollowMod:CloakDash","HollowMod:ShadowDash"],"picked":"HollowMod:DashSlash+1","floor":12.0},{"not_picked":["HollowMod:MothsMistake","HollowMod:CycloneSlash+1","HollowMod:FastStrike+1","HollowMod:ShadowDash"],"picked":"HollowMod:HuntersJournal","floor":12.0},{"not_picked":["HollowMod:GoodIntentions","HollowMod:WraithStrike+1","HollowMod:ChannelNail","HollowMod:DoubleDash"],"picked":"HollowMod:VengefulSpirit+1","floor":14.0},{"not_picked":["HollowMod:RadiancesLament","HollowMod:InfectedAttack+1","HollowMod:InfectionAssault+1","HollowMod:SiblingsSouls","HollowMod:MonomonsArchive"],"picked":"SKIP","floor":14.0},{"not_picked":["HollowMod:LifebloodCore","HollowMod:theNailsmith","HollowMod:MidwifesHunger+1","HollowMod:ZotesMagnificence+1"],"picked":"HollowMod:SlysStrikes","floor":16.0},{"not_picked":["HollowMod:NewLittleFool+1","HollowMod:InfectedCysts+1","HollowMod:SiblingsSouls+1","HollowMod:BrokenVessel","HollowMod:VengefulVoid+1"],"picked":"SKIP","floor":18.0},{"not_picked":["HollowMod:TaintedHusks","HollowMod:ShapeofUnn+1","HollowMod:GreatSlash+1","HollowMod:DreamGate","HollowMod:SoulSplash+1"],"picked":"SKIP","floor":18.0},{"not_picked":["HollowMod:HowlingWraiths+1","HollowMod:CornifersMapStart+1","HollowMod:LuriensSpire+1","HollowMod:WraithStrike+1","HollowMod:TaintedHusks+1"],"picked":"SKIP","floor":20.0},{"not_picked":["HollowMod:InfectedAttack+1","HollowMod:DoubleDash+1","HollowMod:VengefulVoid+1","HollowMod:ChannelNail","HollowMod:QuirrelsAssistance+1"],"picked":"SKIP","floor":20.0},{"not_picked":["HollowMod:MawleksShell","HollowMod:MonomonsArchive+1","HollowMod:SiblingsSouls","HollowMod:SoulEater","HollowMod:GreatSlash+1"],"picked":"SKIP","floor":22.0},{"not_picked":["HollowMod:SoulStrike+1","HollowMod:HornetsHelp+1","HollowMod:DungDefenderAura","HollowMod:LifebloodCocoon+1","HollowMod:VengefulVoid+1"],"picked":"SKIP","floor":22.0},{"not_picked":["HollowMod:HowlingWraiths+1","HollowMod:DreamGate","HollowMod:Hiveblood","HollowMod:SoulSplash+1","HollowMod:HeavyBlow+1"],"picked":"SKIP","floor":23.0},{"not_picked":["HollowMod:TaintedHusks","HollowMod:GoodIntentions+1","HollowMod:DungDefenderAura","HollowMod:NewLittleFool+1"],"picked":"HollowMod:PureNailStrike+1","floor":25.0},{"not_picked":["HollowMod:DescendingDark+1","HollowMod:CornifersMapStart+1","HollowMod:NewJinnsSoul+1","HollowMod:PureVessel","HollowMod:MothsMistake"],"picked":"SKIP","floor":25.0},{"not_picked":["HollowMod:Grubsong+1","HollowMod:DesolateDive+1","HollowMod:ChannelNail","HollowMod:GreatSlash+1"],"picked":"HollowMod:CloakDash","floor":27.0},{"not_picked":["HollowMod:NewLittleFool+1","HollowMod:CycloneSlash+1","HollowMod:SoulStrike+1","HollowMod:HowlingWraiths+1","HollowMod:GoodIntentions+1"],"picked":"SKIP","floor":27.0},{"not_picked":["HollowMod:InfectedAttack+1","HollowMod:SoulEater","HollowMod:BrokenVessel","HollowMod:ShadowDash+1"],"picked":"HollowMod:HuntersJournal+1","floor":28.0},{"not_picked":["HollowMod:DreamGate","HollowMod:NewJinnsSoul","HollowMod:NewLittleFool+1","HollowMod:LuriensSpire"],"picked":"HollowMod:SoulStrike+1","floor":28.0},{"not_picked":["HollowMod:Grubsong+1","HollowMod:HuntersJournal","HollowMod:SharpenedNail+1","HollowMod:ChannelNail","HollowMod:InfectedAttack+1"],"picked":"SKIP","floor":35.0},{"not_picked":["HollowMod:MothsMistake","HollowMod:WraithStrike+1","HollowMod:InfectedCysts+1","HollowMod:LifebloodCocoon+1","HollowMod:InfectionAssault+1"],"picked":"SKIP","floor":35.0},{"not_picked":["HollowMod:InfectedCysts+1","HollowMod:TaintedHusks+1","HollowMod:AbyssShriek+1","HollowMod:GrimmsGift+1"],"picked":"HollowMod:DashSlash+1","floor":37.0},{"not_picked":["HollowMod:TaintedHusks+1","HollowMod:ChannelNail+1","HollowMod:SoulEater+1","HollowMod:SharpenedShadows","HollowMod:ShadowDash+1"],"picked":"SKIP","floor":37.0},{"not_picked":["HollowMod:NewJinnsSoul+1","HollowMod:HeavyBlow+1","HollowMod:SoulSplash+1","HollowMod:SiblingsShadow+1","HollowMod:CornifersMapStart+1"],"picked":"SKIP","floor":38.0},{"not_picked":["HollowMod:TaintedHusks+1","HollowMod:PureNailStrike+1","HollowMod:GreatSlash+1","HollowMod:SoulStrike+1","HollowMod:LuriensSpire+1"],"picked":"SKIP","floor":38.0},{"not_picked":["HollowMod:WraithStrike+1","HollowMod:SharpenedNail+1","HollowMod:DashSlash+1","HollowMod:SoulEater"],"picked":"HollowMod:DesolateDive+1","floor":41.0},{"not_picked":["HollowMod:MonarchWings+1","HollowMod:NewLittleFool+1","HollowMod:VengefulSpirit+1","HollowMod:SoulEater"],"picked":"HollowMod:DreamGate+1","floor":42.0},{"not_picked":["HollowMod:NewGlowingWomb","HollowMod:CycloneSlash+1","HollowMod:RecoilStrike+1","HollowMod:VengefulVoid+1","HollowMod:HerrahsAnger+1"],"picked":"SKIP","floor":42.0},{"not_picked":["HollowMod:ShadowDash+1","HollowMod:CornifersMapStart+1","HollowMod:SoulStrike+1","HollowMod:DashSlash+1"],"picked":"HollowMod:RecoilStrike+1","floor":45.0},{"not_picked":["HollowMod:SharpenedShadows","HollowMod:CycloneSlash+1","HollowMod:MawleksShell+1","HollowMod:InfectedAttack+1","HollowMod:PerfectDash+1"],"picked":"SKIP","floor":45.0},{"not_picked":["HollowMod:ChannelNail+1","HollowMod:CoiledNail+1","HollowMod:GreatSlash+1","HollowMod:BrokenVessel+1","HollowMod:Grubsong"],"picked":"SKIP","floor":48},{"not_picked":["HollowMod:GoodIntentions+1","HollowMod:FastStrike+1","HollowMod:HowlingWraiths+1","HollowMod:GreatSlash+1","HollowMod:LifebloodCocoon+1"],"picked":"SKIP","floor":48},{"not_picked":["HollowMod:DreamGate+1","HollowMod:SharpenedNail+1","HollowMod:ChannelNail+1","HollowMod:WraithStrike+1"],"picked":"HollowMod:BaldurShell+1","floor":54}],"player_experience":319131,"relics_obtained":[{"floor":1.0,"key":"SynthV:TestCard"},{"floor":2.0,"key":"Toy Ornithopter"},{"floor":4.0,"key":"HollowMod:MantisClawRelic"},{"floor":6.0,"key":"Prayer Wheel"},{"floor":6.0,"key":"Vajra"},{"floor":7.0,"key":"Pen Nib"},{"floor":8.0,"key":"Ginger"},{"floor":8.0,"key":"Molten Egg 2"},{"floor":9.0,"key":"Art of War"},{"floor":10.0,"key":"Sundial"},{"floor":11.0,"key":"MawBank"},{"floor":11.0,"key":"TungstenRod"},{"floor":12.0,"key":"ImprovedEquipment"},{"floor":14.0,"key":"Bag of Preparation"},{"floor":18.0,"key":"HollowMod:KingsBrand"},{"floor":20.0,"key":"HollowMod:DelicateFlower"},{"floor":22.0,"key":"Oddly Smooth Stone"},{"floor":23.0,"key":"Potion Belt"},{"floor":23.0,"key":"TheBean"},{"floor":25.0,"key":"HowToJump"},{"floor":27.0,"key":"Orichalcum"},{"floor":28.0,"key":"GuppysHead"},{"floor":29.0,"key":"MealTicket"},{"floor":35.0,"key":"Bronze Scales"},{"floor":37.0,"key":"Toxic Egg 2"},{"floor":38.0,"key":"Nunchaku"},{"floor":39.0,"key":"BookofShadows"},{"floor":41.0,"key":"TuHaoJin"},{"floor":42.0,"key":"Ornamental Fan"},{"floor":43.0,"key":"Lantern"},{"floor":45.0,"key":"DaCapo"},{"floor":47,"key":"Shovel"},{"floor":47,"key":"BookOfRevelations"},{"floor":48,"key":"Omamori"},{"floor":52,"key":"Bottled Flame"},{"floor":54,"key":"Bottled Lightning"},{"floor":54,"key":"InkBottle"}],"event_choices":[{"cards_removed":["HollowMod:NailStrikeStart"],"damage_healed":0.0,"max_hp_gain":0.0,"max_hp_loss":0.0,"gold_gain":0.0,"event_name":"The Cleric","player_choice":"Card Removal","floor":3.0,"gold_loss":50.0,"damage_taken":0.0},{"damage_healed":0.0,"max_hp_gain":0.0,"max_hp_loss":0.0,"gold_gain":0.0,"event_name":"Upgrade Shrine","player_choice":"Upgraded","floor":5.0,"gold_loss":0.0,"damage_taken":0.0,"cards_upgraded":["HollowMod:RecoilStrike"]},{"damage_healed":0.0,"max_hp_gain":0.0,"max_hp_loss":0.0,"gold_gain":0.0,"event_name":"Golden Idol","player_choice":"Take Wound","floor":13.0,"gold_loss":0.0,"damage_taken":0.0,"relics_obtained":["Golden Idol"],"cards_obtained":["Injury"]},{"damage_healed":0.0,"max_hp_gain":0.0,"max_hp_loss":0.0,"gold_gain":0.0,"event_name":"Tomb of Lord Red Mask","player_choice":"Ignored","floor":36.0,"gold_loss":0.0,"damage_taken":0.0},{"damage_healed":0,"gold_gain":0,"player_choice":"Fight","damage_taken":0,"max_hp_gain":0,"max_hp_loss":0,"event_name":"Mysterious Sphere","floor":47,"gold_loss":0}],"is_beta":false,"boss_relics":[{"not_picked":["Runic Dome","TakeMeEscape","Runic Pyramid"]},{"not_picked":["EE1DDrone","TimeKeys"],"picked":"PatriotShield"},{"not_picked":[]}],"items_purged_floors":[24,34,53],"is_endless":false,"potions_floor_spawned":[2,6,7,11,14,16,18,20,35,42,45,47],"ascension_level":0}}