{"host":"6he3f0ic6yesrium","time":1611590878,"event":{"mods":["BaseMod","Better Altar","Better Match","Better Note","Better Sensory Stone","Better Skull","Better Third Choice","Colored Map","Conspire","Duelist Mod","Hermit","Hubris","Marisa????????","Mimic Mod","Minty Spire (QoL Compilation)","Replay The Spire","Shade Mod","Somnambulant","Spire Arcade","Spire Birthday Party","StSLib","The Alterego","The Disciple","The Forsaken","The Hierophant","The Mystic","The Necromancer","The Runesmith","The Servant 0.9.4","The Valiant","TheVacant"],"gold_per_floor":[145,156,170,185,38,52,52,107,107,7,7,7,39,54,54,176,176,212,224,224,139,139,139,204,204,204,235,271,45,91,11,11,145,145,157,9,19,19,31,63,63,90,161,161,161,261,261,276,276,276],"floor_reached":51,"language":"ENG","playtime":2880,"items_purged":["theDuelist:GauntletWarrior","theDuelist:Sparks"],"score":972,"play_id":"8c345805-7b66-4182-962d-323184f9193c","local_time":"20210125110758","is_ascension_mode":true,"campfire_choices":[{"data":"theDuelist:Yami","floor":7,"key":"SMITH"},{"floor":11,"key":"REST"},{"data":"theDuelist:IrisEarthMother","floor":15,"key":"SMITH"},{"data":"theDuelist:WitchBlackRose","floor":23,"key":"SMITH"},{"data":"theDuelist:GiantTrunade","floor":25,"key":"SMITH"},{"floor":32,"key":"REST"},{"floor":41,"key":"REST"},{"data":"theDuelist:Wildfire","floor":44,"key":"SMITH"},{"data":"theDuelist:Nameless:Power:ForbiddenLance","floor":47,"key":"SMITH"},{"data":"theDuelist:Nameless:Power:ForbiddenLance+1","floor":49,"key":"SMITH"}],"circlet_count":0,"master_deck":["theDuelist:NeoMagic","theDuelist:RainbowKuriboh+1","theDuelist:WitchBlackRose+1","theDuelist:DarkPaladin","theDuelist:MysticalElf+1","theDuelist:DarkMagician","theDuelist:CastleWalls","theDuelist:IrisEarthMother+1","theDuelist:LegendaryFlameLord","Pot Of Greed","theDuelist:RainbowOverdragon","theDuelist:DarkMagician","theDuelist:NeoMagic","theDuelist:InfernoFireBlast","theDuelist:Sparks","theDuelist:MysticalElf","theDuelist:TimeWizard","theDuelist:GiantTrunade+1","theDuelist:RainbowMagician","theDuelist:CastleWalls","theDuelist:Sparks","theDuelist:RainbowMagician","theDuelist:WitchBlackRose","Pot Of Greed","theDuelist:Yami+1","theDuelist:ThousandEyesRestrict","Pot Of Greed","theDuelist:Wildfire+1","theDuelist:Nameless:Power:ForbiddenLance+2"],"relics":["theDuelist:MillenniumPuzzle","theDuelist:CardPoolRelic","theDuelist:CardPoolBasicRelic","theDuelist:BoosterPackPoolRelic","theDuelist:CardPoolAddRelic","theDuelist:CardPoolMinusRelic","theDuelist:CardPoolSaveRelic","theDuelist:CardPoolOptionsRelic","Paper Crane","theDuelist:KaibaToken","theDuelist:SpellMaxHPRelic","Lantern","conspire:SeveredTorchhead","hubris:Towel","Mango","Boot","Paper Turtyl","Grinning Jar","theDuelist:CardRewardRelicH","Replay:Wax Seal","theDuelist:GamblerChip","theDuelist:ZoneToken","ReplayTheSpireMod:Ninjato","theDuelist:ElectricBurst","hubris:Metronome"],"acts_visited":["Exordium","TheCity","TheBeyond"],"potions_floor_usage":[4,6,14,16,18,24,27,28,30,39,40,42],"damage_taken":[{"damage":0,"enemies":"conspire:RoseBush","floor":1,"turns":3},{"damage":1,"enemies":"Jaw Worm","floor":2,"turns":4},{"damage":0,"enemies":"Small Slimes","floor":3,"turns":3},{"damage":1,"enemies":"conspire:2 RoseBushes","floor":4,"turns":4},{"damage":11,"enemies":"Looter","floor":6,"turns":4},{"damage":16,"enemies":"Lagavulin","floor":13,"turns":3},{"damage":0,"enemies":"Large Slime","floor":14,"turns":4},{"damage":32,"enemies":"Slime Boss","floor":16,"turns":13},{"damage":0,"enemies":"3 Byrds","floor":18,"turns":6},{"damage":3,"enemies":"Chosen","floor":19,"turns":4},{"damage":0,"enemies":"theDuelist:KaibaA2","floor":24,"turns":3},{"damage":25,"enemies":"Book of Stabbing","floor":27,"turns":4},{"damage":16,"enemies":"Snake Plant","floor":28,"turns":4},{"damage":14,"enemies":"Shelled Parasite and Fungi","floor":30,"turns":4},{"damage":25,"enemies":"hubris:MusketHawk","floor":33,"turns":7},{"damage":0,"enemies":"Orb Walker","floor":35,"turns":3},{"damage":0,"enemies":"3 Shapes","floor":37,"turns":5},{"damage":8,"enemies":"Sphere and 2 Shapes","floor":39,"turns":5},{"damage":33,"enemies":"Nemesis","floor":40,"turns":7},{"damage":0,"enemies":"R_Hoarder","floor":42,"turns":5},{"damage":0,"enemies":"Maw","floor":48,"turns":5},{"damage":13,"enemies":"Donu and Deca","floor":50,"turns":5}],"seed_played":"1195974224429229338","potions_obtained":[{"floor":1,"key":"Swift Potion"},{"floor":2,"key":"Strength Potion"},{"floor":3,"key":"theDuelist:SealedPackE"},{"floor":6,"key":"theDuelist:StunPotion"},{"floor":14,"key":"theDuelist:OrbBottle"},{"floor":19,"key":"theDuelist:CoolBottle"},{"floor":24,"key":"theDuelist:ExtraOrbsBottle"},{"floor":27,"key":"theDuelist:ElectricBrew"},{"floor":28,"key":"theDuelist:FireBottle"},{"floor":35,"key":"Block Potion"},{"floor":39,"key":"theDuelist:FusionPotion"},{"floor":40,"key":"Venom Potion"}],"is_trial":false,"path_per_floor":["M","M","M","M","$","M","R","?","T","$","R","?","E","M","R","B",null,"M","M","?","?","?","R","E","R","T","E","M","$","M","$","R","B",null,"M","$","M","?","M","E","R","E","T","R","?","?","R","M","R","B",null],"character_chosen":"THE_DUELIST","items_purchased":["theDuelist:WitchBlackRose","theDuelist:CardRewardRelicH","Replay:Wax Seal","theDuelist:ZoneToken"],"campfire_rested":3,"item_purchase_floors":[5,29,31,36],"current_hp_per_floor":[80,79,79,78,78,67,67,47,47,47,71,65,61,62,62,30,81,81,78,78,92,92,92,92,92,92,67,53,53,39,39,68,43,97,97,97,97,97,90,57,86,86,86,86,87,87,87,87,87,74],"gold":276,"neow_bonus":"UPGRADE_CARD","is_daily":false,"chose_seed":false,"campfire_upgraded":7,"win_rate":0.0,"timestamp":1611590878,"path_taken":["M","M","M","M","$","M","R","?","T","$","R","?","E","M","R","BOSS","M","M","?","?","?","R","E","R","T","E","M","$","M","$","R","BOSS","M","$","M","?","M","E","R","E","T","R","?","?","R","?","R","BOSS"],"items_purchased_type":["Card","Relic","Relic","Relic"],"build_version":"2020-12-22","purchased_purges":2,"victory":true,"max_hp_per_floor":[80,80,80,80,80,80,80,80,80,80,80,80,80,81,81,81,81,81,81,81,95,95,95,95,95,95,95,97,97,97,97,97,97,97,97,97,97,97,98,98,98,98,98,98,99,99,99,99,99,99],"card_choices":[{"not_picked":["theDuelist:GaiaMidNightSun","theDuelist:GraniteLoyalist","theDuelist:Mudora","theDuelist:DestroyerGolem"],"picked":"theDuelist:GauntletWarrior","floor":1},{"not_picked":["theDuelist:SpellShatteringArrow","theDuelist:PowerKaishin","theDuelist:DiffusionWaveMotion","theDuelist:WonderWand"],"picked":"theDuelist:InfernoFireBlast","floor":2},{"not_picked":["theDuelist:BadReaction","theDuelist:InariFire","theDuelist:MagiciansRobe","theDuelist:SwordsBurning"],"picked":"theDuelist:Yami","floor":3},{"not_picked":["theDuelist:BlueDragonSummoner","theDuelist:BlizzardWarrior","theDuelist:ExodiaLL","theDuelist:GiantTrunade"],"picked":"theDuelist:DarkMagician","floor":4},{"not_picked":["theDuelist:BlizzardPrincess","theDuelist:SangaWater","theDuelist:FrontierWiseman","theDuelist:RainbowMagician"],"picked":"theDuelist:WitchBlackRose","floor":6},{"not_picked":["theDuelist:SkilledDarkMagician","theDuelist:CharcoalInpachi","theDuelist:GuardianAngel","theDuelist:SwordsBurning"],"picked":"theDuelist:IrisEarthMother","floor":8},{"not_picked":["theDuelist:BlizzardWarrior","theDuelist:Illusionist","theDuelist:SangaThunder","theDuelist:SpiritHarp"],"picked":"theDuelist:LegendaryFlameLord","floor":8},{"not_picked":["theDuelist:InjectionFairy","theDuelist:SangaThunder","theDuelist:DarkMagicianGirl","theDuelist:CallAtlanteans","theDuelist:VoidExpansion"],"picked":"SKIP","floor":13},{"not_picked":["theDuelist:MagicalBlast","theDuelist:SpellShatteringArrow","theDuelist:ContractExodia","theDuelist:CircleFireKings"],"picked":"theDuelist:GiantTrunade","floor":14},{"not_picked":["theDuelist:RainbowMagician","theDuelist:IrisEarthMother","theDuelist:RainbowDarkDragon","theDuelist:RainbowKuriboh"],"picked":"theDuelist:RainbowOverdragon","floor":16},{"not_picked":["theDuelist:BlueBloodedOni","theDuelist:GreenGraveOni","theDuelist:GreyGreedOni","theDuelist:RainbowOverdragon"],"picked":"theDuelist:RainbowKuriboh+1","floor":18},{"not_picked":["theDuelist:MysticalElf+1","theDuelist:WhiteMagicalHat","theDuelist:CharcoalInpachi","theDuelist:ExodiaLL","theDuelist:FrontierWiseman+1"],"picked":"SKIP","floor":19},{"not_picked":["theDuelist:IrisEarthMother","theDuelist:RainbowDarkDragon","theDuelist:RainbowKuriboh","theDuelist:RainbowOverdragon+1"],"picked":"theDuelist:RainbowMagician","floor":24},{"not_picked":["theDuelist:NeoMagic","theDuelist:ExodiaLL","theDuelist:BlueDragonSummoner","theDuelist:SpellShatteringArrow","theDuelist:DarkMagician"],"picked":"SKIP","floor":27},{"not_picked":["theDuelist:WonderWand","theDuelist:GoblinSecret","theDuelist:MagiciansRod+1"],"picked":"theDuelist:TimeWizard","floor":28},{"not_picked":["theDuelist:SilentDoom","theDuelist:BlizzardPrincess+1","theDuelist:LegendaryFlameLord","theDuelist:MagicalBlast"],"picked":"theDuelist:RainbowMagician","floor":30},{"not_picked":["theDuelist:VoidVanishment","theDuelist:QueenDragunDjinn","theDuelist:RainbowDarkDragon","theDuelist:ExodiaNecross"],"picked":"theDuelist:ThousandEyesRestrict","floor":33},{"not_picked":["theDuelist:SpellShatteringArrow+1","theDuelist:AncientElf","theDuelist:InariFire","theDuelist:MagiciansRobe","theDuelist:BadReaction"],"picked":"SKIP","floor":35},{"not_picked":["theDuelist:DarkMagician+1","theDuelist:PowerKaishin+1","theDuelist:BlueDragonSummoner+1","theDuelist:SpellShatteringArrow","theDuelist:ExodiaLL+1"],"picked":"SKIP","floor":37},{"not_picked":["theDuelist:InfernoFireBlast","theDuelist:GateGuardian+1"],"picked":"theDuelist:Wildfire","floor":39},{"not_picked":["theDuelist:CosmicHorrorGangiel+1","theDuelist:CharcoalInpachi","theDuelist:BlueDragonSummoner","theDuelist:Graverobber+1","theDuelist:LegendaryExodia"],"picked":"SKIP","floor":40},{"not_picked":["theDuelist:FrontierWiseman+1","theDuelist:BlackPendant+1","theDuelist:PotDichotomy+1","theDuelist:PreventRat+1","theDuelist:GilfordLegend+1"],"picked":"SKIP","floor":42},{"not_picked":["theDuelist:MagicalBlast+1","theDuelist:SpellShatteringArrow+1","theDuelist:CallAtlanteans+1","theDuelist:ContractExodia+1","theDuelist:DiffusionWaveMotion"],"picked":"SKIP","floor":48}],"player_experience":366865,"relics_obtained":[{"floor":8,"key":"Paper Crane"},{"floor":9,"key":"theDuelist:KaibaToken"},{"floor":13,"key":"Lantern"},{"floor":24,"key":"Boot"},{"floor":26,"key":"Paper Turtyl"},{"floor":27,"key":"Grinning Jar"},{"floor":40,"key":"ReplayTheSpireMod:Ninjato"},{"floor":42,"key":"theDuelist:ElectricBurst"},{"floor":43,"key":"hubris:Metronome"}],"event_choices":[{"damage_healed":0,"gold_gain":0,"player_choice":"Dig - random Duelist relic","duelist":true,"damage_taken":0,"max_hp_gain":0,"max_hp_loss":0,"event_name":"Aknamkanon\u0027s Tomb","floor":12,"gold_loss":0},{"damage_healed":0,"gold_gain":0,"player_choice":"Obtained Relic","damage_taken":0,"relics_obtained":["Mango"],"max_hp_gain":0,"max_hp_loss":0,"event_name":"Addict","floor":21,"gold_loss":85},{"damage_healed":0,"gold_gain":0,"player_choice":"Ignored","damage_taken":0,"max_hp_gain":0,"max_hp_loss":0,"event_name":"Ghosts","floor":22,"gold_loss":0},{"damage_healed":0,"gold_gain":0,"player_choice":"Leave","duelist":true,"damage_taken":0,"max_hp_gain":0,"max_hp_loss":0,"event_name":"Tomb of the Nameless","floor":38,"gold_loss":0},{"power_reward":4,"total_magic_score":83,"gold_gain":0,"duelist":true,"damage_taken":0,"relics_obtained":[],"points":12,"max_hp_gain":0,"max_hp_loss":0,"spent_points":{"magic":4,"greed":0,"war":0,"power":4,"hunger":4},"event_name":"Nameless Tomb","floor":45,"gold_loss":0,"cards_obtained":["theDuelist:Nameless:Power:ForbiddenLance"]},{"power_reward":4,"total_magic_score":83,"gold_gain":0,"duelist":true,"damage_taken":0,"relics_obtained":[],"points":12,"max_hp_gain":0,"max_hp_loss":0,"spent_points":{"magic":4,"greed":0,"war":0,"power":4,"hunger":4},"event_name":"Nameless Tomb","floor":45,"gold_loss":0,"cards_obtained":["theDuelist:Nameless:Power:ForbiddenLance"]},{"damage_healed":0,"gold_gain":100,"player_choice":"Pray","damage_taken":0,"max_hp_gain":0,"max_hp_loss":0,"event_name":"Golden Shrine","floor":46,"gold_loss":0}],"is_beta":false,"boss_relics":[{"not_picked":["conspire:SlowCooker","hubris:CrackedHourglass"],"picked":"conspire:SeveredTorchhead"},{"not_picked":["Replay:Drink Me","ChewingGum"],"picked":"theDuelist:GamblerChip"}],"items_purged_floors":[5,10],"is_endless":false,"potions_floor_spawned":[1,2,3,6,14,19,24,27,28,35,39,40],"ascension_level":2}}