{"host":"yck2t2q3ro7hf56e","time":1611593995,"event":{"mods":["2.2 Compatiblity","AchievementEnabler","Act Like it!","Aspiration","BaseMod","Better Altar","Better Match","Better Note","Better Sensory Stone","Better Skull","Better Third Choice","Better Vampires","BetterRewards","Block Reminder","CCEM","Challenge The Spire","Colored Powertips","Conspire","Curses Come First","DNKmod","Energized Spire","Friendly Minions","GifTheSpireLib","Glutton Mod","Halation","Hubris","Infinite Spire","Marked Mod","Minty Spire (QoL Compilation)","Permanent Neow","Practice Mode","Quick Restart","Rare Cards Sparkle","RatMod","Relic Sorter","Relic Stats","Reliquary","Replay The Spire","Shade Mod","Shop Mod","Spicy Shops","Spikes Relics","StSLib","Stuff the Spire","Synergy Search","The Blue Laboratory","The Construct","Thieving Mod","Unceasing Turn Reminder","Unknown Chances","everything is the same but u backflip on backflip","??????REMEMod"],"gold_per_floor":[6013,6023,6076,6087,6107,6142,6153,5656,5683,5683,5683,5697,5711,5763,5763,5867,5867,5877,5056,5066,5083,5393,5393,5393,5393,5465,5465,5465,5375,5375,5388,5388,5489,5489,5505,5505,5523,5124,5138,5138,5150,5150,5174,5224,4588,4687,4687,4687,4687,4687,4687,4687,3853,3885,3885],"floor_reached":56,"language":"ENG","playtime":7563,"items_purged":["Strike_P","Strike_P","Strike_P","Decay"],"score":1197,"play_id":"45ecf903-7e49-44f9-bf1e-cc881c4edf42","local_time":"20210125165955","is_ascension_mode":false,"campfire_choices":[{"floor":11,"key":"RECALL"},{"data":"MarkedMod:OneThousandNeedles","floor":15,"key":"SMITH"},{"data":"MarkedMod:FirstStrike","floor":23,"key":"SMITH"},{"data":"PathToVictory","floor":25,"key":"SMITH"},{"data":"hubris:DuctTapeCard","floor":27,"key":"SMITH"},{"data":"Fasting2","floor":40,"key":"SMITH"},{"data":"MarkedMod:PinPointDefense","floor":42,"key":"SMITH"},{"data":"Entrench","floor":47,"key":"SMITH"},{"floor":49,"key":"REST"},{"data":"MarkedMod:GracefulMovements","floor":52,"key":"SMITH"}],"circlet_count":0,"master_deck":["Strike_P","Defend_P+1","Defend_P+1","Defend_P","Defend_P","Vigilance+1","Hyperbeam","EmptyBody","MarkedMod:PinPointDefense+1","Evaluate","MarkedMod:FirstStrike+1","MarkedMod:GentlePulse","MarkedMod:OneThousandNeedles+1","Devotion","MarkedMod:GracefulMovements+1","MarkedMod:GentlePulse+1","WreathOfFlame","Sanctity","Fasting2+1","LikeWater+1","MarkedMod:Acupuncture","hubris:DuctTapeCard+2","Replay:ManipulateFuture+1","Entrench+1","Apotheosis","REME_FirmDetermination","AbeCurse"],"relics":["PureWater","REME_ComplimentaryCards","reliquary:Knoch","hubris:EmptyBottle","MarkedMod:AcupunctureKit","rat:KircheisShard","Pen Nib","energizedSpire:BlackCloud","halation:Jellyphish","Pondfish Scales","Bag of Marbles","hubris:DuctTape","WarpedTongs","Snack Pack","StuffTheSpire:Kangaroo","hubris:Towel","BargainBundle","StuffTheSpire:Mouthbags","hubris:GlazedTorus","CaptainsWheel","CCEMRelics:GrapeVine","Medical Kit","hubris:Zylophone","reliquary:TuningFork","infinitespire:WardingShard","StuffTheSpire:HistoryBook","Replay:Purple Gloves","Damaru"],"acts_visited":["Exordium","TheCity","TheBeyond","TheEnding"],"potions_floor_usage":[16,16,16,33,33,33,41,44,50,50,50,50],"damage_taken":[{"damage":0,"enemies":"2 Louse","floor":1,"turns":1},{"damage":0,"enemies":"Jaw Worm","floor":2,"turns":2},{"damage":0,"enemies":"Cultist","floor":4,"turns":2},{"damage":0,"enemies":"Exordium Thugs","floor":5,"turns":3},{"damage":27,"enemies":"Gremlin Nob","floor":6,"turns":5},{"damage":0,"enemies":"2 Fungi Beasts","floor":7,"turns":2},{"damage":0,"enemies":"3 Louse","floor":12,"turns":2},{"damage":0,"enemies":"Large Slime","floor":13,"turns":5},{"damage":11,"enemies":"Slime Boss","floor":16,"turns":12},{"damage":6,"enemies":"3 Byrds","floor":18,"turns":5},{"damage":1,"enemies":"2 Thieves","floor":20,"turns":3},{"damage":4,"enemies":"conspire:HollyBat","floor":21,"turns":6},{"damage":0,"enemies":"Centurion and Healer","floor":22,"turns":2},{"damage":1,"enemies":"3 Cultists","floor":31,"turns":4},{"damage":3,"enemies":"Champ","floor":33,"turns":8},{"damage":0,"enemies":"3 Shapes","floor":35,"turns":1},{"damage":1,"enemies":"3 Darklings","floor":37,"turns":4},{"damage":7,"enemies":"Maw","floor":39,"turns":7},{"damage":6,"enemies":"Writhing Mass","floor":41,"turns":4},{"damage":0,"enemies":"Mind Bloom Boss Battle","floor":44,"turns":3},{"damage":38,"enemies":"infinitespire:MassOfShapes","floor":50,"turns":12},{"damage":4,"enemies":"Shield and Spear","floor":54,"turns":6},{"damage":60,"enemies":"The Heart","floor":55,"turns":8}],"seed_played":"434576417305036480","potions_obtained":[{"floor":2,"key":"Energy Potion"},{"floor":6,"key":"blueLaboratory:BubblePotion"},{"floor":10,"key":"Reflective Coating"},{"floor":10,"key":"blueLaboratory:CorrosionFlask"},{"floor":31,"key":"AttackPotion"},{"floor":37,"key":"AttackPotion"}],"is_trial":false,"path_per_floor":["M","M","?","M","M","E","M","$","T","?","R","M","M","T","R","B",null,"M","$","M","M","M","R","?","R","T","R","?","?","T","M","R","B",null,"M","?","M","$","M","R","M","R","T","?","$","?","R","M","R","B",null,"R","$","E","B",null],"character_chosen":"WATCHER","items_purchased":["hubris:EmptyBottle","MarkedMod:AcupunctureKit","rat:KircheisShard","Swift Potion","blueLaboratory:EpiphanyPotion","MarkedMod:GracefulMovements","halation:Jellyphish","Pondfish Scales","Bag of Marbles","MarkedMod:GentlePulse","WreathOfFlame","LikeWater+1","BargainBundle","MarkedMod:Acupuncture","CaptainsWheel","CCEMRelics:GrapeVine","Medical Kit","reliquary:TuningFork","infinitespire:WardingShard","StuffTheSpire:HistoryBook","Replay:Purple Gloves","Apotheosis","REME_FirmDetermination"],"campfire_rested":1,"item_purchase_floors":[8,8,8,8,8,19,19,19,19,19,19,38,38,38,45,45,45,53,53,53,53,53,53],"current_hp_per_floor":[100,100,100,100,100,73,73,73,73,73,73,73,73,73,73,62,100,94,94,93,89,89,89,89,89,89,89,89,89,89,88,100,99,100,100,100,99,99,92,92,92,92,92,92,92,92,92,92,100,64,100,100,100,96,36],"gold":3885,"neow_bonus":"REMOVE_CARD","is_daily":false,"chose_seed":false,"campfire_upgraded":8,"win_rate":0.0,"timestamp":1611593995,"path_taken":["M","M","?","M","M","E","M","$","T","?","R","?","M","?","R","BOSS","M","$","M","M","M","R","?","R","T","R","?","?","?","M","R","BOSS","M","?","M","$","M","R","M","R","T","?","$","?","R","M","R","BOSS","R","$","E","BOSS"],"items_purchased_type":["Relic","Relic","Relic","Potion","Potion","Card","Relic","Relic","Relic","Card","Card","Card","Relic","Card","Relic","Relic","Relic","Relic","Relic","Relic","Relic","Card","Card"],"build_version":"2020-12-22","purchased_purges":4,"victory":true,"max_hp_per_floor":[100,100,100,100,100,100,100,100,100,100,100,100,100,100,100,100,100,100,100,100,100,100,100,100,100,100,100,100,100,100,100,100,100,100,100,100,100,100,100,100,100,100,100,100,100,100,100,100,100,100,100,100,100,100,100],"relic_stats":{"counters":[23,107],"Pen Nib":[6],"Medical Kit":[9],"obtain_stats":[{"construct:BoolHorns":33,"reliquary:Firecrackers":50,"Replay:Purple Gloves":53,"hubris:EmptyBottle":8,"MarkedMod:AcupunctureKit":8,"Old Coin":22,"energizedSpire:BlackCloud":17,"CCEMRelics:GrapeVine":45,"hubris:GlazedTorus":44,"hubris:MobiusCoin":37,"BargainBundle":38,"hubris:DuctTape":26,"Counterbalance":20,"Damaru":54,"conspire:RunicOctahedron":44,"Pen Nib":14,"Ring of Chaos":39,"hubris:Towel":36,"MawBank":31,"Medical Kit":45,"aspiration:IroncladSkillbook":41,"WarpedTongs":28,"hubris:Zylophone":48,"Du-Vu Doll":55,"Pondfish Scales":19,"CaptainsWheel":45,"StuffTheSpire:HistoryBook":53,"StuffTheSpire:Mouthbags":43,"infinitespire:WardingShard":53,"rat:KircheisShard":8,"halation:Jellyphish":19,"Simple Rune":35,"Bag of Marbles":19,"Art of War":21,"Snack Pack":30,"StuffTheSpire:Kangaroo":34,"reliquary:TuningFork":53,"reliquary:Knoch":6,"PureWater":0,"Abe\u0027s Treasure":54,"REME_ComplimentaryCards":0},{"construct:BoolHorns":14,"reliquary:Firecrackers":20,"Replay:Purple Gloves":21,"hubris:EmptyBottle":6,"MarkedMod:AcupunctureKit":6,"Old Coin":12,"energizedSpire:BlackCloud":9,"CCEMRelics:GrapeVine":20,"hubris:GlazedTorus":20,"hubris:MobiusCoin":16,"BargainBundle":17,"hubris:DuctTape":13,"Counterbalance":10,"Damaru":22,"conspire:RunicOctahedron":19,"Pen Nib":8,"Ring of Chaos":17,"hubris:Towel":16,"MawBank":13,"Medical Kit":20,"aspiration:IroncladSkillbook":18,"WarpedTongs":13,"hubris:Zylophone":20,"Du-Vu Doll":22,"Pondfish Scales":10,"CaptainsWheel":20,"StuffTheSpire:HistoryBook":21,"StuffTheSpire:Mouthbags":19,"infinitespire:WardingShard":21,"rat:KircheisShard":6,"halation:Jellyphish":10,"Simple Rune":15,"Bag of Marbles":10,"Art of War":11,"Snack Pack":13,"StuffTheSpire:Kangaroo":15,"reliquary:TuningFork":21,"reliquary:Knoch":5,"PureWater":0,"Abe\u0027s Treasure":21,"REME_ComplimentaryCards":0},{"construct:BoolHorns":54,"reliquary:Firecrackers":81,"Replay:Purple Gloves":93,"hubris:EmptyBottle":15,"MarkedMod:AcupunctureKit":15,"Old Coin":48,"energizedSpire:BlackCloud":34,"CCEMRelics:GrapeVine":81,"hubris:GlazedTorus":81,"hubris:MobiusCoin":63,"BargainBundle":67,"hubris:DuctTape":50,"Counterbalance":39,"Damaru":99,"conspire:RunicOctahedron":78,"Pen Nib":22,"Ring of Chaos":67,"hubris:Towel":63,"MawBank":50,"Medical Kit":81,"aspiration:IroncladSkillbook":74,"WarpedTongs":50,"hubris:Zylophone":81,"Du-Vu Doll":99,"Pondfish Scales":39,"CaptainsWheel":81,"StuffTheSpire:HistoryBook":93,"StuffTheSpire:Mouthbags":78,"infinitespire:WardingShard":93,"rat:KircheisShard":15,"halation:Jellyphish":39,"Simple Rune":62,"Bag of Marbles":39,"Art of War":42,"Snack Pack":50,"StuffTheSpire:Kangaroo":62,"reliquary:TuningFork":93,"reliquary:Knoch":13,"PureWater":0,"Abe\u0027s Treasure":93,"REME_ComplimentaryCards":0}],"WarpedTongs":[52]},"card_choices":[{"not_picked":["TalkToTheHand","FollowUp"],"picked":"EmptyBody","floor":1},{"not_picked":["Crescendo","BowlingBash"],"picked":"MarkedMod:PinPointDefense","floor":2},{"not_picked":["WindmillStrike","Evaluate","Prostrate"],"picked":"SKIP","floor":4},{"not_picked":["MarkedMod:GentlePulse","FlurryOfBlows"],"picked":"Evaluate","floor":5},{"not_picked":["ThirdEye","SashWhip"],"picked":"MarkedMod:FirstStrike","floor":6},{"not_picked":["Replay:ManipulateFuture","ReachHeaven"],"picked":"MarkedMod:GentlePulse","floor":7},{"not_picked":["WreathOfFlame","Replay:BluntJabs","CutThroughFate"],"picked":"SKIP","floor":12},{"not_picked":["EmptyBody","EmptyMind"],"picked":"MarkedMod:OneThousandNeedles","floor":13},{"not_picked":["REME_WorshipGod","DeusExMachina"],"picked":"Devotion","floor":16},{"not_picked":["BowlingBash","Study+1"],"picked":"PathToVictory","floor":18},{"not_picked":["EmptyBody","CarveReality"],"picked":"Sanctity","floor":20},{"not_picked":["CrushJoints+1","BowlingBash","Collect+1"],"picked":"SKIP","floor":21},{"not_picked":["Replay:Hum","BowlingBash"],"picked":"PathToVictory","floor":22},{"not_picked":["FlyingSleeves","Consecrate+1"],"picked":"Fasting2","floor":31},{"not_picked":["ReachHeaven","Prostrate","FollowUp"],"picked":"SKIP","floor":35},{"not_picked":["ReachHeaven","Prostrate","FollowUp"],"picked":"SKIP","floor":35},{"not_picked":["WindmillStrike+1","CrushJoints+1","FearNoEvil"],"picked":"SKIP","floor":37},{"not_picked":["DeusExMachina","SashWhip","EmptyBody"],"picked":"SKIP","floor":39},{"not_picked":["MarkedMod:Acupuncture","infinitespire:OneForAll","Iron Wave"],"picked":"SKIP","floor":41},{"not_picked":["ReplayTheSpireMod:Corrosion Curse+1","Demonic Infusion"],"picked":"Replay:ManipulateFuture+1","floor":46},{"not_picked":["StuffTheSpire:Slingshot","StuffTheSpire:Resist"],"picked":"Entrench","floor":46},{"not_picked":["ClearTheMind","Devotion","SashWhip+1"],"picked":"SKIP","floor":54}],"player_experience":156257,"relics_obtained":[{"floor":6,"key":"reliquary:Knoch"},{"floor":14,"key":"Pen Nib"},{"floor":26,"key":"hubris:DuctTape"},{"floor":30,"key":"Snack Pack"},{"floor":43,"key":"StuffTheSpire:Mouthbags"},{"floor":44,"key":"hubris:GlazedTorus"},{"floor":54,"key":"Damaru"}],"event_choices":[{"damage_healed":0,"gold_gain":53,"player_choice":"Gained Gold","damage_taken":0,"max_hp_gain":0,"max_hp_loss":0,"event_name":"Golden Wing","floor":3,"gold_loss":0},{"damage_healed":0,"gold_gain":0,"player_choice":"Got Potions","damage_taken":0,"max_hp_gain":0,"max_hp_loss":0,"event_name":"Lab","floor":10,"gold_loss":0},{"damage_healed":0,"gold_gain":0,"player_choice":"Ignored","damage_taken":0,"max_hp_gain":0,"max_hp_loss":0,"event_name":"Transmorgrifier","floor":24,"gold_loss":0},{"damage_healed":0,"gold_gain":0,"player_choice":"Rummage","damage_taken":0,"relics_obtained":["WarpedTongs"],"max_hp_gain":0,"max_hp_loss":0,"event_name":"Accursed Blacksmith","floor":28,"gold_loss":0,"cards_obtained":["Pain"]},{"cards_removed":["Pain"],"damage_healed":0,"gold_gain":0,"player_choice":"Upgrade and Remove","damage_taken":0,"max_hp_gain":0,"max_hp_loss":0,"event_name":"Designer","floor":29,"gold_loss":90,"cards_upgraded":["Vigilance"]},{"damage_healed":0,"gold_gain":0,"player_choice":"Fight","damage_taken":0,"max_hp_gain":0,"max_hp_loss":0,"event_name":"MindBloom","floor":44,"gold_loss":0}],"is_beta":false,"boss_relics":[{"not_picked":["halation:Risk","SacredBark"],"picked":"energizedSpire:BlackCloud"},{"not_picked":["Runic Pyramid","REME_ChargedStone"],"picked":"StuffTheSpire:Kangaroo"}],"items_purged_floors":[19,38,38,45],"is_endless":false,"potions_floor_spawned":[2,4,6,13,18,31,37],"ascension_level":0}}