{"host":"q8ewzd1tf4mqkgtb","time":1611563279,"event":{"mods":["BaseMod","Hermit","Marisa????????","Minty Spire (QoL Compilation)","Relic Stats","StSLib","The Cursed","The Servant 0.9.4"],"gold_per_floor":[117,136,136,152,227,227,261,226,303,303,331,331,331,358,358,432,432,445,445,462,330,330,330,358,358,358,385,404,404,404],"floor_reached":29,"language":"ENG","playtime":2509,"items_purged":["Pain"],"score":596,"play_id":"e96b60d7-41e0-4cec-afc5-453b0c814d75","local_time":"20210125022759","is_ascension_mode":true,"campfire_choices":[{"data":"Bash","floor":6,"key":"SMITH"},{"data":"Fire Breathing","floor":10,"key":"SMITH"},{"floor":15,"key":"REST"},{"data":"Disarm","floor":23,"key":"SMITH"},{"floor":25,"key":"REST"}],"circlet_count":0,"master_deck":["AscendersBane","Strike_R","Strike_R","Strike_R","Strike_R","Defend_R+1","Defend_R","Defend_R+1","Defend_R","Bash+1","Anger","Wild Strike","Fire Breathing+1","Thunderclap","Evolve","Feed+1","True Grit+1","Battle Trance","Disarm+1","Fire Breathing","Reckless Charge","Immolate"],"relics":["Cursed Key","Happy Flower","Ancient Tea Set","The Courier","Shuriken","Odd Mushroom","Runic Pyramid","Art of War"],"acts_visited":["Exordium","TheCity"],"potions_floor_usage":[14,20,24],"damage_taken":[{"damage":4,"enemies":"Jaw Worm","floor":1,"turns":3},{"damage":2,"enemies":"Small Slimes","floor":2,"turns":4},{"damage":0,"enemies":"2 Louse","floor":4,"turns":3},{"damage":18,"enemies":"Gremlin Nob","floor":7,"turns":4},{"damage":12,"enemies":"3 Sentries","floor":11,"turns":4},{"damage":8,"enemies":"The Mushroom Lair","floor":14,"turns":4},{"damage":4,"enemies":"Slime Boss","floor":16,"turns":6},{"damage":8,"enemies":"Chosen","floor":18,"turns":3},{"damage":13,"enemies":"Shell Parasite","floor":20,"turns":4},{"damage":40,"enemies":"Gremlin Leader","floor":24,"turns":7},{"damage":19,"enemies":"Book of Stabbing","floor":27,"turns":4},{"damage":10,"enemies":"Snecko","floor":28,"turns":5},{"damage":23,"enemies":"Gremlin Leader","floor":29,"turns":2}],"seed_played":"-3517101979586932964","potions_obtained":[{"floor":1,"key":"ElixirPotion"},{"floor":7,"key":"HeartOfIron"},{"floor":16,"key":"ColorlessPotion"},{"floor":18,"key":"FearPotion"},{"floor":20,"key":"Swift Potion"}],"is_trial":false,"path_per_floor":["M","M","?","M","?","R","E","?","T","R","E","?","?","?","R","B",null,"M","?","M","$","?","R","E","R","T","E","M","E"],"character_chosen":"IRONCLAD","items_purchased":["Disarm"],"campfire_rested":2,"item_purchase_floors":[21],"current_hp_per_floor":[64,62,51,51,40,40,22,40,40,40,28,5,10,2,26,22,66,61,61,52,52,52,52,16,43,43,28,22,0,0],"gold":404,"neow_bonus":"BOSS_RELIC","is_daily":false,"chose_seed":false,"campfire_upgraded":3,"win_rate":0.0,"timestamp":1611563279,"path_taken":["M","M","?","M","?","R","E","?","T","R","E","?","?","?","R","BOSS","M","?","?","$","?","R","E","R","T","E","M","E"],"items_purchased_type":["Card"],"build_version":"2020-12-22","purchased_purges":1,"victory":false,"max_hp_per_floor":[75,75,75,75,75,75,75,75,75,75,75,75,80,80,80,80,80,83,83,87,87,87,87,91,91,91,95,99,99,99],"relic_stats":{"Happy Flower":[15],"counters":[13,53],"Shuriken":[20],"Art of War":[1],"Cursed Key":1,"obtain_stats":[{"Happy Flower":3,"Shuriken":11,"The Courier":9,"Art of War":27,"Odd Mushroom":14,"Cursed Key":0,"Ancient Tea Set":7,"Burning Blood":0,"Runic Pyramid":17},{"Happy Flower":2,"Shuriken":5,"The Courier":4,"Art of War":11,"Odd Mushroom":6,"Cursed Key":0,"Ancient Tea Set":4,"Burning Blood":0,"Runic Pyramid":7},{"Happy Flower":7,"Shuriken":18,"The Courier":14,"Art of War":46,"Odd Mushroom":22,"Cursed Key":0,"Ancient Tea Set":14,"Burning Blood":0,"Runic Pyramid":28}]},"card_choices":[{"not_picked":["Seeing Red","Iron Wave","Flex"],"picked":"SKIP","floor":1},{"not_picked":["Entrench","Body Slam"],"picked":"Anger","floor":2},{"not_picked":["Heavy Blade","Clash"],"picked":"Wild Strike","floor":4},{"not_picked":["Sword Boomerang","Shrug It Off"],"picked":"Fire Breathing","floor":7},{"not_picked":["Anger","Spot Weakness"],"picked":"Thunderclap","floor":11},{"not_picked":["True Grit","Thunderclap"],"picked":"Evolve","floor":14},{"not_picked":["Barricade","Juggernaut"],"picked":"Feed","floor":16},{"not_picked":["Spot Weakness","Second Wind"],"picked":"True Grit+1","floor":18},{"not_picked":["Twin Strike","Iron Wave"],"picked":"Battle Trance","floor":20},{"not_picked":["Headbutt","Perfected Strike"],"picked":"Reckless Charge","floor":24},{"not_picked":["Iron Wave","Sword Boomerang","Bloodletting"],"picked":"SKIP","floor":27},{"not_picked":["Spot Weakness","Intimidate"],"picked":"Immolate","floor":28}],"player_experience":468770,"relics_obtained":[{"floor":7,"key":"Ancient Tea Set"},{"floor":9,"key":"The Courier"},{"floor":11,"key":"Shuriken"},{"floor":14,"key":"Odd Mushroom"},{"floor":27,"key":"Art of War"}],"event_choices":[{"damage_healed":0,"gold_gain":0,"player_choice":"Success","damage_taken":11,"relics_obtained":["Happy Flower"],"max_hp_gain":0,"max_hp_loss":0,"event_name":"Scrap Ooze","floor":3,"gold_loss":0},{"damage_healed":0,"gold_gain":75,"player_choice":"Gather Gold","damage_taken":11,"max_hp_gain":0,"max_hp_loss":0,"event_name":"World of Goop","floor":5,"gold_loss":0},{"damage_healed":18,"gold_gain":0,"player_choice":"Healed","damage_taken":0,"max_hp_gain":0,"max_hp_loss":0,"event_name":"The Cleric","floor":8,"gold_loss":35},{"damage_healed":0,"gold_gain":0,"player_choice":"Entered Light","damage_taken":23,"max_hp_gain":0,"max_hp_loss":0,"event_name":"Shining Light","floor":12,"gold_loss":0,"cards_upgraded":["Defend_R","Defend_R"]},{"damage_healed":0,"gold_gain":0,"player_choice":"Donut","damage_taken":0,"max_hp_gain":5,"max_hp_loss":0,"event_name":"Big Fish","floor":13,"gold_loss":0},{"damage_healed":0,"gold_gain":0,"player_choice":"Fought Mushrooms","damage_taken":0,"max_hp_gain":0,"max_hp_loss":0,"event_name":"Mushrooms","floor":14,"gold_loss":0},{"damage_healed":0,"gold_gain":0,"player_choice":"Upgraded","damage_taken":0,"max_hp_gain":0,"max_hp_loss":0,"event_name":"Upgrade Shrine","floor":19,"gold_loss":0,"cards_upgraded":["Feed"]},{"damage_healed":0,"gold_gain":0,"cards_transformed":["Strike_R"],"player_choice":"Transformed","damage_taken":0,"max_hp_gain":0,"max_hp_loss":0,"event_name":"Transmorgrifier","floor":22,"gold_loss":0,"cards_obtained":["Fire Breathing"]}],"is_beta":false,"boss_relics":[{"not_picked":["Empty Cage","Runic Dome"],"picked":"Runic Pyramid"}],"items_purged_floors":[21],"is_endless":false,"potions_floor_spawned":[1,7,16,18,20],"killed_by":"Gremlin Leader","ascension_level":16}}