{"host":"yzlg3mitc00v31o1","time":1611576245,"event":{"mods":["AchievementEnabler","BaseMod","BetterRewards","DeckTracker","Gold Saver","KOR Keyword Fix","Minty Spire (QoL Compilation)","Remove Card Discount Mod","Spicy Shops","StSLib","SuperFastMode"],"gold_per_floor":[396,462,462,42,59,88,88,88,88,116,116,137,212,227,227,358,358,374,374,393,414,432,432,432,466,490,510,524,34,55,75,75,206,206,227,248,248,264,284,325,325,340,340,340,356,394,417,417,417,417],"floor_reached":51,"language":"KOR","playtime":1821,"items_purged":["Strike_R","Strike_R","Defend_R","Defend_R+1"],"score":1093,"play_id":"31a32f2d-314c-4cbf-b94d-772d8cbebfa9","local_time":"20210125210405","is_ascension_mode":false,"campfire_choices":[{"data":"Searing Blow+1","floor":8,"key":"SMITH"},{"data":"Searing Blow+2","floor":15,"key":"SMITH"},{"data":"Searing Blow+3","floor":24,"key":"SMITH"},{"data":"Searing Blow+4","floor":32,"key":"SMITH"},{"data":"1","floor":41,"key":"LIFT"},{"data":"2","floor":49,"key":"LIFT"}],"circlet_count":0,"master_deck":["Strike_R+1","Strike_R+1","Strike_R+1","Defend_R+1","Defend_R+1","Bash+1","Searing Blow+6","Dramatic Entrance+1","Heavy Blade+1","Flex+1","Heavy Blade+1","Metallicize+1","Double Tap+1","Inflame+1","Brutality+1","Shrug It Off+1","Battle Trance+1","Limit Break+1","Heavy Blade+1","Flex+1","Enlightenment+1","Rampage+1","Heavy Blade+1","Warcry+1","Seeing Red+1"],"relics":["Black Blood","Orichalcum","Sling","Bag of Marbles","HornCleat","Anchor","Meat on the Bone","Pen Nib","Golden Idol","Happy Flower","Omamori","Bronze Scales","FossilizedHelix","PreservedInsect","Black Star","Girya","Ancient Tea Set","Molten Egg 2","Charon\u0027s Ashes","Vajra","Mark of the Bloom"],"acts_visited":["Exordium","TheCity","TheBeyond"],"potions_floor_usage":[33,36,44,45,50,50,50],"damage_taken":[{"damage":5,"enemies":"Jaw Worm","floor":1,"turns":2},{"damage":0,"enemies":"Small Slimes","floor":5,"turns":1},{"damage":0,"enemies":"Gremlin Nob","floor":6,"turns":2},{"damage":0,"enemies":"Lagavulin","floor":10,"turns":2},{"damage":0,"enemies":"Cultist","floor":12,"turns":1},{"damage":0,"enemies":"2 Fungi Beasts","floor":14,"turns":2},{"damage":38,"enemies":"The Guardian","floor":16,"turns":12},{"damage":4,"enemies":"3 Byrds","floor":18,"turns":5},{"damage":0,"enemies":"Chosen","floor":20,"turns":1},{"damage":23,"enemies":"Sentry and Sphere","floor":21,"turns":6},{"damage":21,"enemies":"Cultist and Chosen","floor":22,"turns":5},{"damage":0,"enemies":"Gremlin Leader","floor":25,"turns":3},{"damage":0,"enemies":"Snake Plant","floor":27,"turns":2},{"damage":2,"enemies":"3 Cultists","floor":28,"turns":4},{"damage":6,"enemies":"Cultist and Chosen","floor":30,"turns":5},{"damage":7,"enemies":"Snake Plant","floor":31,"turns":2},{"damage":48,"enemies":"Automaton","floor":33,"turns":8},{"damage":0,"enemies":"Orb Walker","floor":35,"turns":3},{"damage":9,"enemies":"3 Shapes","floor":36,"turns":1},{"damage":5,"enemies":"3 Darklings","floor":38,"turns":7},{"damage":0,"enemies":"Sphere and 2 Shapes","floor":39,"turns":3},{"damage":27,"enemies":"Giant Head","floor":40,"turns":6},{"damage":8,"enemies":"Writhing Mass","floor":42,"turns":3},{"damage":10,"enemies":"Maw","floor":45,"turns":5},{"damage":0,"enemies":"Reptomancer","floor":46,"turns":3},{"damage":0,"enemies":"Sphere and 2 Shapes","floor":47,"turns":2},{"damage":66,"enemies":"Time Eater","floor":50,"turns":7}],"seed_played":"-9210873676748744141","potions_obtained":[{"floor":5,"key":"Explosive Potion"},{"floor":6,"key":"Explosive Potion"},{"floor":16,"key":"FearPotion"},{"floor":20,"key":"AttackPotion"},{"floor":25,"key":"Block Potion"},{"floor":28,"key":"Energy Potion"},{"floor":33,"key":"SpeedPotion"},{"floor":38,"key":"EssenceOfSteel"},{"floor":44,"key":"Fruit Juice"},{"floor":44,"key":"ColorlessPotion"},{"floor":44,"key":"FearPotion"},{"floor":46,"key":"Regen Potion"},{"floor":47,"key":"AttackPotion"}],"is_trial":false,"path_per_floor":["M","?","?","$","M","E","?","R","T","E","?","M","?","M","R","B",null,"M","?","M","M","M","?","R","E","T","M","M","$","M","M","R","B",null,"M","M","?","M","M","E","R","M","T","?","M","E","M","?","R","B",null],"character_chosen":"IRONCLAD","items_purchased":["Searing Blow","Orichalcum","Dramatic Entrance","Sling","Bag of Marbles","HornCleat","FossilizedHelix","PreservedInsect","Shrug It Off"],"campfire_rested":0,"item_purchase_floors":[0,0,0,4,4,4,29,29,29],"current_hp_per_floor":[70,70,70,70,76,80,80,80,80,80,60,66,55,61,61,41,80,80,80,80,69,60,60,60,72,72,80,80,80,80,80,80,56,80,80,80,80,80,80,65,65,69,69,74,76,85,85,85,85,19],"gold":417,"neow_bonus":"","is_daily":false,"chose_seed":false,"campfire_upgraded":4,"win_rate":0.0,"timestamp":1611576245,"path_taken":["M","?","?","$","M","E","?","R","T","E","?","?","?","M","R","BOSS","M","?","M","M","M","?","R","E","T","?","M","$","M","M","R","BOSS","M","M","?","M","?","E","R","M","T","?","?","E","M","?","R","BOSS"],"items_purchased_type":["Card","Relic","Card","Relic","Relic","Relic","Relic","Relic","Card"],"build_version":"2020-12-22","purchased_purges":4,"victory":true,"max_hp_per_floor":[80,80,80,80,80,80,80,80,80,80,80,80,80,80,80,80,80,80,80,80,80,80,80,80,80,80,80,80,80,80,80,80,80,80,80,80,80,80,80,80,80,80,80,85,85,85,85,85,85,85],"card_choices":[{"not_picked":["Infernal Blade","Iron Wave"],"picked":"Heavy Blade","floor":1},{"not_picked":["Iron Wave","Pommel Strike"],"picked":"Flex","floor":5},{"not_picked":["Anger","Evolve","Clothesline"],"picked":"SKIP","floor":6},{"not_picked":["Thunderclap","Sever Soul"],"picked":"Heavy Blade","floor":10},{"not_picked":["Thunderclap","Carnage","Pummel"],"picked":"SKIP","floor":12},{"not_picked":["Thunderclap","Whirlwind"],"picked":"Metallicize","floor":14},{"not_picked":["Corruption","Limit Break"],"picked":"Double Tap","floor":16},{"not_picked":["Headbutt+1","Disarm"],"picked":"Inflame","floor":18},{"not_picked":["Clothesline","Sword Boomerang","Twin Strike"],"picked":"SKIP","floor":20},{"not_picked":["Rupture+1","Havoc+1","Warcry"],"picked":"SKIP","floor":21},{"not_picked":["Cleave+1","Clash+1","Sentinel"],"picked":"SKIP","floor":22},{"not_picked":["Infernal Blade+1","Armaments"],"picked":"Brutality","floor":25},{"not_picked":["Armaments","Infernal Blade","Second Wind"],"picked":"SKIP","floor":27},{"not_picked":["True Grit+1","Havoc","Headbutt"],"picked":"SKIP","floor":28},{"not_picked":["Shockwave","True Grit+1","Perfected Strike"],"picked":"SKIP","floor":30},{"not_picked":["True Grit","Thunderclap+1"],"picked":"Battle Trance","floor":31},{"not_picked":["Corruption","Juggernaut"],"picked":"Limit Break","floor":33},{"not_picked":["Body Slam+1","Fire Breathing"],"picked":"Heavy Blade+1","floor":35},{"not_picked":["Flame Barrier","Second Wind+1"],"picked":"Flex","floor":36},{"not_picked":["Searing Blow","Body Slam+1","Shockwave"],"picked":"SKIP","floor":38},{"not_picked":["Burning Pact+1","Twin Strike+1"],"picked":"Rampage+1","floor":39},{"not_picked":["Whirlwind","Disarm","Flex"],"picked":"SKIP","floor":40},{"not_picked":["Rampage","Disarm"],"picked":"Heavy Blade+1","floor":42},{"not_picked":["Feel No Pain+1","Sword Boomerang+1","Perfected Strike+1"],"picked":"SKIP","floor":45},{"not_picked":["Clash+1","Headbutt+1"],"picked":"Warcry+1","floor":46},{"not_picked":["Heavy Blade+1","Flame Barrier"],"picked":"Seeing Red+1","floor":47}],"player_experience":75253,"relics_obtained":[{"floor":6,"key":"Anchor"},{"floor":9,"key":"Meat on the Bone"},{"floor":10,"key":"Pen Nib"},{"floor":25,"key":"Omamori"},{"floor":26,"key":"Bronze Scales"},{"floor":40,"key":"Girya"},{"floor":40,"key":"Ancient Tea Set"},{"floor":43,"key":"Molten Egg 2"},{"floor":46,"key":"Charon\u0027s Ashes"},{"floor":46,"key":"Vajra"}],"event_choices":[{"damage_healed":0,"gold_gain":66,"player_choice":"Gained Gold","damage_taken":0,"max_hp_gain":0,"max_hp_loss":0,"event_name":"Golden Wing","floor":2,"gold_loss":0},{"damage_healed":0,"gold_gain":0,"player_choice":"Grow","damage_taken":0,"max_hp_gain":0,"max_hp_loss":0,"event_name":"Living Wall","floor":3,"gold_loss":0,"cards_upgraded":["Searing Blow"]},{"damage_healed":0,"gold_gain":0,"player_choice":"Leave","damage_taken":0,"max_hp_gain":0,"max_hp_loss":0,"event_name":"The Cleric","floor":7,"gold_loss":0},{"damage_healed":0,"gold_gain":0,"player_choice":"Take Damage","damage_taken":20,"relics_obtained":["Golden Idol"],"max_hp_gain":0,"max_hp_loss":0,"event_name":"Golden Idol","floor":11,"gold_loss":0},{"damage_healed":0,"gold_gain":75,"player_choice":"Gather Gold","damage_taken":11,"max_hp_gain":0,"max_hp_loss":0,"event_name":"World of Goop","floor":13,"gold_loss":0},{"damage_healed":0,"gold_gain":0,"player_choice":"Simplicity","damage_taken":0,"max_hp_gain":0,"max_hp_loss":0,"event_name":"Back to Basics","floor":19,"gold_loss":0,"cards_upgraded":["Strike_R","Strike_R","Strike_R","Defend_R","Defend_R","Defend_R"]},{"damage_healed":0,"gold_gain":0,"player_choice":"Gave Potion","damage_taken":0,"relics_obtained":["Happy Flower"],"max_hp_gain":0,"max_hp_loss":0,"event_name":"WeMeetAgain","floor":23,"gold_loss":0},{"damage_healed":0,"gold_gain":0,"player_choice":"1 cards matched","damage_taken":0,"max_hp_gain":0,"max_hp_loss":0,"event_name":"Match and Keep!","floor":37,"gold_loss":0,"cards_obtained":["Enlightenment"]},{"damage_healed":0,"gold_gain":0,"player_choice":"Got Potions","damage_taken":0,"max_hp_gain":0,"max_hp_loss":0,"event_name":"Lab","floor":44,"gold_loss":0},{"damage_healed":0,"gold_gain":0,"player_choice":"Upgrade","damage_taken":0,"relics_obtained":["Mark of the Bloom"],"max_hp_gain":0,"max_hp_loss":0,"event_name":"MindBloom","floor":48,"gold_loss":0,"cards_upgraded":["Bash","Searing Blow","Dramatic Entrance","Heavy Blade","Flex","Heavy Blade","Metallicize","Double Tap","Inflame","Brutality","Shrug It Off","Battle Trance","Limit Break","Flex","Enlightenment"]}],"is_beta":false,"boss_relics":[{"not_picked":["Runic Dome","Sozu"],"picked":"Black Blood"},{"not_picked":["Astrolabe","Velvet Choker"],"picked":"Black Star"}],"items_purged_floors":[0,0,0,29],"is_endless":false,"potions_floor_spawned":[5,6,16,20,25,28,33,38,39,46,47],"ascension_level":0}}