{"host":"Koishi","time":1611533862,"event":{"mods":["2.2 Compatiblity","AchievementEnabler","Act Like it!","BaseMod","Better Match","Better Note","Better Sensory Stone","Better Third Choice","Colored Powertips","Gensokyo","Hermit","Koishi","Lobotomy","LobotomyExtend","MarisaÅiñ∂âJÅ@ñÇóùçπÅj","Minty Spire (QoL Compilation)","Quick Restart","Rare Cards Sparkle","ReimuÅiîé??öÎÅj","Relic Filter Mod","Relic Stats","Spicy Shops","StSLib","The Construct","Åy?ï®?îvÅzREMEMod"],"gold_per_floor":[112,112,124,49,49,49,76,87,87,97,130,130,165,183,183,284,284,302,312,637,887,899,899,899],"floor_reached":23,"language":"ENG","playtime":1324,"items_purged":[],"score":220,"play_id":"7769ca05-096b-4037-b4d8-fd7ff0f17466","local_time":"20210124191742","is_ascension_mode":true,"campfire_choices":[{"data":"hermit:Snipe","floor":6,"key":"SMITH"},{"data":"Panacea","floor":15,"key":"SMITH"}],"circlet_count":0,"master_deck":["hermit:Strike_Hermit","hermit:Strike_Hermit","hermit:Strike_Hermit","hermit:Strike_Hermit","hermit:Defend_Hermit","hermit:Defend_Hermit","hermit:Defend_Hermit","hermit:Defend_Hermit","hermit:Snapshot","hermit:Covet","Panacea+1","hermit:Roulette","WallGazer","Bandage Up","hermit:Snipe+1","MHz","hermit:Adapt+1","Panacea+1","hermit:GoldenBullet","FieryBird","hermit:Vantage+1","Porccubus","hermit:Feint+1","hermit:FlashPowder+1","Mercenary","hermit:Horror+1","hermit:FromBeyond+1","Variant"],"relics":["hermit:Momento","REME_ComplimentaryCards","CogitoBucket","LetterFromLob","Peace Pipe","Blood Vial","Ancient Tea Set","TreeSap","Busted Crown"],"acts_visited":["Gensokyo:Gensokyo","Gensokyo:Gensokyoer"],"potions_floor_usage":[11,16,22],"damage_taken":[{"damage":2,"enemies":"Gensokyo:Gryphon","floor":1,"turns":3},{"damage":7,"enemies":"Gensokyo:Python","floor":3,"turns":3},{"damage":18,"enemies":"Gensokyo:Aya","floor":7,"turns":6},{"damage":7,"enemies":"Gensokyo:3_Fairies","floor":8,"turns":5},{"damage":35,"enemies":"Gensokyo:Gryphon_and_Rabbit","floor":10,"turns":8},{"damage":44,"enemies":"Gensokyo:Cirno","floor":11,"turns":6},{"damage":22,"enemies":"Gensokyo:Mamizou","floor":13,"turns":6},{"damage":7,"enemies":"Gensokyo:VengefulSpirit","floor":14,"turns":7},{"damage":54,"enemies":"Gensokyo:Yukari","floor":16,"turns":11},{"damage":31,"enemies":"Gensokyo:AngelMirror","floor":18,"turns":4},{"damage":14,"enemies":"Gensokyo:Chomper","floor":19,"turns":4},{"damage":22,"enemies":"Gensokyo:Wraith","floor":22,"turns":3},{"damage":25,"enemies":"Gensokyo:Tenshi","floor":23,"turns":1}],"seed_played":"-2888457594854123993","potions_obtained":[{"floor":1,"key":"LiquidMemories"},{"floor":7,"key":"Ancient Potion"},{"floor":11,"key":"hermit:Tonic"},{"floor":13,"key":"hermit:Tonic"},{"floor":18,"key":"Swift Potion"},{"floor":22,"key":"Fire Potion"}],"is_trial":false,"path_per_floor":["M","?","M","?","?","R","E","M","T","M","E","?","E","M","R","B",null,"M","M","?","?","M","E"],"character_chosen":"HERMIT","items_purchased":[],"campfire_rested":0,"item_purchase_floors":[],"current_hp_per_floor":[73,73,70,70,74,74,64,65,65,38,15,38,22,23,23,20,75,44,32,32,32,12,0,0],"gold":899,"neow_bonus":"","is_daily":false,"chose_seed":false,"campfire_upgraded":2,"win_rate":0.0,"timestamp":1611533862,"path_taken":["M","?","?","?","?","R","E","M","T","M","E","?","E","M","R","BOSS","M","?","?","?","M","E"],"items_purchased_type":[],"build_version":"2020-12-18","purchased_purges":0,"victory":false,"max_hp_per_floor":[75,75,75,75,75,75,75,75,75,75,75,75,75,75,75,75,75,75,75,75,71,71,71,71],"relic_stats":{"Peace Pipe":0,"Blood Vial":14,"Busted Crown":16,"counters":[14,68],"obtain_stats":[{"Peace Pipe":7,"Blood Vial":11,"CogitoBucket":0,"Busted Crown":17,"TreeSap":14,"LetterFromLob":1,"Toxic Egg 2":9,"Ancient Tea Set":13,"hermit:Momento":0,"REME_ComplimentaryCards":0},{"Peace Pipe":3,"Blood Vial":6,"CogitoBucket":0,"Busted Crown":10,"TreeSap":9,"LetterFromLob":1,"Toxic Egg 2":4,"Ancient Tea Set":7,"hermit:Momento":0,"REME_ComplimentaryCards":0},{"Peace Pipe":12,"Blood Vial":31,"CogitoBucket":0,"Busted Crown":56,"TreeSap":45,"LetterFromLob":3,"Toxic Egg 2":17,"Ancient Tea Set":37,"hermit:Momento":0,"REME_ComplimentaryCards":0}]},"card_choices":[{"not_picked":["hermit:Coalescence","hermit:Enervate"],"picked":"hermit:Roulette","floor":1},{"not_picked":["Scarecrow","Bloodbath"],"picked":"WallGazer","floor":1},{"not_picked":["Deep Breath","Forethought"],"picked":"Bandage Up","floor":2},{"not_picked":["hermit:TrackingShot","hermit:ItchyTrigger"],"picked":"hermit:Snipe","floor":3},{"not_picked":["FairyFestival","Wellcheers","OSAHOGD"],"picked":"Singing Bowl","floor":3},{"not_picked":["BeautyBeast","MeatLantern"],"picked":"MHz","floor":3},{"not_picked":["hermit:HeroicBravado+1","hermit:Dissolve+1"],"picked":"hermit:Adapt+1","floor":4},{"not_picked":["Jack Of All Trades+1","Bandage Up+1"],"picked":"Panacea+1","floor":4},{"not_picked":["hermit:Headshot","hermit:BodyArmor"],"picked":"hermit:GoldenBullet","floor":7},{"not_picked":["Scorched","Woodsman","Bloodbath"],"picked":"Singing Bowl","floor":7},{"not_picked":["UniverseFragment","MeatLantern"],"picked":"FieryBird","floor":8},{"not_picked":["hermit:WideOpen","hermit:HoleUp","hermit:TrackingShot"],"picked":"SKIP","floor":8},{"not_picked":["hermit:LoneWolf+1","hermit:PistolWhip"],"picked":"hermit:Vantage+1","floor":10},{"not_picked":["Scarecrow","Bloodbath"],"picked":"Porccubus","floor":10},{"not_picked":["hermit:Roughhouse","hermit:Enervate"],"picked":"hermit:Feint+1","floor":11},{"not_picked":["DreamingCurrent","Funeral","SpiderBud"],"picked":"Singing Bowl","floor":11},{"not_picked":["hermit:Showdown","hermit:Glare+1"],"picked":"hermit:FlashPowder+1","floor":13},{"not_picked":["Scarecrow","CherryBlossoms","PunishingBird"],"picked":"Singing Bowl","floor":13},{"not_picked":["VoidDream","HeroicMonk"],"picked":"Mercenary","floor":14},{"not_picked":["hermit:LoneWolf+1","hermit:LowProfile+1"],"picked":"hermit:Horror+1","floor":14},{"not_picked":["hermit:HighNoon","hermit:Gambit+1"],"picked":"hermit:FromBeyond+1","floor":16},{"not_picked":["CherryBlossoms","BeautyBeast","Murderer"],"picked":"Singing Bowl","floor":16},{"not_picked":["Wellcheers","Bloodbath","Laetitia"],"picked":"Singing Bowl","floor":18},{"not_picked":["hermit:Roulette"],"picked":"SKIP","floor":18},{"not_picked":["OSAHOGD","DreamingCurrent"],"picked":"Variant","floor":19},{"not_picked":["hermit:Glare+1"],"picked":"SKIP","floor":19},{"not_picked":["CrumblingArmor","BigBadWolf","ShyLook"],"picked":"Singing Bowl","floor":22},{"not_picked":["hermit:Shortfuse+1"],"picked":"SKIP","floor":22}],"player_experience":202537,"relics_obtained":[{"floor":1,"key":"LetterFromLob"},{"floor":7,"key":"Peace Pipe"},{"floor":9,"key":"Toxic Egg 2"},{"floor":11,"key":"Blood Vial"},{"floor":13,"key":"Ancient Tea Set"}],"event_choices":[{"damage_healed":0,"gold_gain":1,"player_choice":"1","damage_taken":0,"max_hp_gain":0,"max_hp_loss":0,"event_name":"betterStone:BetterStone","floor":2,"gold_loss":0},{"damage_healed":0,"gold_gain":0,"player_choice":"2","damage_taken":0,"max_hp_gain":0,"max_hp_loss":0,"event_name":"betterMatch:BetterMatch","floor":4,"gold_loss":0,"cards_obtained":["betterMatch:ColorlessUncommonCard","betterMatch:RareCard"]}],"is_beta":true,"boss_relics":[{"not_picked":["Sozu","hermit:DentedPlate"],"picked":"Busted Crown"}],"items_purged_floors":[],"is_endless":false,"potions_floor_spawned":[1,7,11,13,14,18,22],"killed_by":"Gensokyo:Tenshi","ascension_level":1}}