{"host":"y1ofzq2uwmwk6jkg","time":1611578553,"event":{"mods":["AchievementEnabler","Act Like it!","BaseMod","Colored Powertips","Downfall","Gensokyo","Hallownest","Marisa£®ÏF”Í°°ƒß¿Ì…≥£©","Minty Spire (QoL Compilation)","Pale of the Ancients","Remilia£®¿Ÿ√◊¿Ú—«£©","Replay The Spire","StSLib","The Bug Knight","The Cursed","The Poker Player","The Servant 0.9.4","Youmu£®ªÍ∆«—˝√Œ£©"],"gold_per_floor":[111,145,22,22,48,48,73,73,73,127,152,164,203,244,256,268,268],"floor_reached":16,"language":"ZHS","playtime":653,"items_purged":[],"score":107,"play_id":"ef8c5228-cdb2-464c-b38c-1ab4b2533935","local_time":"20210125204233","is_ascension_mode":true,"campfire_choices":[{"floor":6,"key":"REST"},{"floor":15,"key":"DIG"}],"circlet_count":0,"master_deck":["Strike_MRS+1","Strike_MRS+1","Strike_MRS+1","Strike_MRS+1","Defend_MRS","Defend_MRS","Defend_MRS","Defend_MRS","MasterSpark+1","UpSweep","ManaConvection","WitchOfGreed","Gensokyo:MarisaTwilightSpark+1","GrandCross","FairyDestructionRay","OortCloud","PowerUp"],"relics":["MiniHakkero","Du-Vu Doll","Oddly Smooth Stone","MawBank","FossilizedHelix","WingedGreaves","HollowMod:LifeEnderRelic"],"acts_visited":["Exordium"],"potions_floor_usage":[11,13],"damage_taken":[{"damage":6,"enemies":"Gensokyo:Gryphon","floor":1,"turns":4},{"damage":11,"enemies":"Gensokyo:2_Kodama","floor":5,"turns":5},{"damage":10,"enemies":"Gensokyo:3_Fairies","floor":7,"turns":4},{"damage":15,"enemies":"Gensokyo:Mamizou","floor":10,"turns":8},{"damage":0,"enemies":"Gensokyo:CorruptedTreant","floor":11,"turns":2},{"damage":0,"enemies":"Gensokyo:Gryphon_and_Rabbit","floor":13,"turns":5},{"damage":0,"enemies":"Gensokyo:5_Fairies","floor":14,"turns":4},{"damage":0,"enemies":"Gensokyo:Reimu","floor":16,"turns":4}],"seed_played":"-7313595766054943447","potions_obtained":[{"floor":5,"key":"Strength Potion"},{"floor":7,"key":"LiquidBronze"},{"floor":10,"key":"DistilledChaos"},{"floor":11,"key":"SpeedPotion"},{"floor":13,"key":"FearPotion"},{"floor":14,"key":"Fire Potion"}],"is_trial":false,"path_per_floor":["M","?","COS","?","M","R","M","?","T","E","M","?","M","M","R","B"],"character_chosen":"MARISA","items_purchased":[],"campfire_rested":1,"item_purchase_floors":[],"current_hp_per_floor":[69,39,39,39,28,50,40,18,18,3,3,3,3,3,3,3,3],"gold":268,"neow_bonus":"THREE_CARDS","is_daily":false,"chose_seed":false,"campfire_upgraded":0,"win_rate":0.0,"timestamp":1611578553,"path_taken":["M","?","COS","?","?","R","M","?","T","E","M","?","?","M","R","BOSS"],"items_purchased_type":[],"build_version":"2020-12-22","purchased_purges":0,"victory":false,"max_hp_per_floor":[75,75,75,75,75,75,75,75,75,75,75,75,75,75,75,75,75],"card_choices":[{"not_picked":["GravityBeat","IllusionStar"],"picked":"ManaConvection","floor":0},{"not_picked":["NonDirectionalLaser","PropBag","6A"],"picked":"SKIP","floor":1},{"not_picked":["6A","MachineGunSpark"],"picked":"WitchOfGreed","floor":2},{"not_picked":["DoubleSpark","UnstableBomb"],"picked":"GrandCross","floor":5},{"not_picked":["StarBarrage","AsteroidBelt","MeteoricShower"],"picked":"SKIP","floor":7},{"not_picked":["LuminesStrike","SatelliteIllusion"],"picked":"FairyDestructionRay","floor":10},{"not_picked":["DC","WitchLeyline"],"picked":"OortCloud","floor":11},{"not_picked":["WitchLeyline","AsteroidBelt","IllusionStar"],"picked":"SKIP","floor":13},{"not_picked":["LuminesStrike","SatelliteIllusion"],"picked":"PowerUp","floor":14}],"player_experience":679615,"relics_obtained":[{"floor":2,"key":"Du-Vu Doll"},{"floor":9,"key":"MawBank"},{"floor":10,"key":"FossilizedHelix"},{"floor":15,"key":"HollowMod:LifeEnderRelic"}],"event_choices":[],"is_beta":false,"boss_relics":[],"items_purged_floors":[],"is_endless":false,"potions_floor_spawned":[10,11,14],"killed_by":"Gensokyo:Reimu","ascension_level":1}}