{"host":"kg61lsvem4dxoat8","time":1611579322,"event":{"mods":["BaseMod","Colored Powertips","Minty Spire (QoL Compilation)","Quick Restart","Rare Cards Sparkle","Relic Stats","slay the spire mod where everything is the same but ironclad has a cowboy hat"],"gold_per_floor":[117,137,148,148,298,330,340,353,353,353,25,39,58,74,74,74,74],"floor_reached":16,"language":"ENG","playtime":546,"items_purged":["Doubt"],"score":196,"play_id":"36ec25f0-017e-4267-8c01-7038af1caae5","local_time":"20210125205522","is_ascension_mode":true,"campfire_choices":[{"floor":10,"key":"REST"},{"data":"Storm of Steel","floor":15,"key":"SMITH"}],"circlet_count":0,"master_deck":["AscendersBane","Strike_G","Strike_G","Strike_G","Strike_G","Strike_G","Defend_G","Defend_G","Defend_G","Defend_G","Defend_G","Survivor","Neutralize","Masterful Stab","Storm of Steel+1","Poisoned Stab","Finesse","Blade Dance"],"relics":["Ring of the Snake","NeowsBlessing","Thread and Needle","Matryoshka","PreservedInsect","Ornamental Fan","Oddly Smooth Stone"],"acts_visited":["Exordium"],"potions_floor_usage":[6,6,8],"damage_taken":[{"damage":0,"enemies":"Cultist","floor":1,"turns":1},{"damage":0,"enemies":"Small Slimes","floor":2,"turns":1},{"damage":0,"enemies":"2 Louse","floor":3,"turns":1},{"damage":29,"enemies":"Lagavulin","floor":6,"turns":10},{"damage":10,"enemies":"Large Slime","floor":7,"turns":5},{"damage":0,"enemies":"Gremlin Gang","floor":8,"turns":5},{"damage":0,"enemies":"Lots of Slimes","floor":12,"turns":5},{"damage":4,"enemies":"3 Louse","floor":13,"turns":3},{"damage":0,"enemies":"Looter","floor":14,"turns":3},{"damage":20,"enemies":"Hexaghost","floor":16,"turns":9}],"seed_played":"1332062203481473271","potions_obtained":[{"floor":1,"key":"CunningPotion"},{"floor":2,"key":"Dexterity Potion"},{"floor":7,"key":"Dexterity Potion"},{"floor":12,"key":"SneckoOil"}],"is_trial":false,"path_per_floor":["M","M","M","?","?","E","M","M","T","R","$","M","M","M","R","B"],"character_chosen":"THE_SILENT","items_purchased":["Oddly Smooth Stone","Finesse"],"campfire_rested":1,"item_purchase_floors":[11,11],"current_hp_per_floor":[59,59,59,41,41,12,2,2,2,21,21,21,17,17,17,0,0],"gold":74,"neow_bonus":"THREE_ENEMY_KILL","is_daily":false,"chose_seed":false,"campfire_upgraded":1,"win_rate":0.0,"timestamp":1611579322,"path_taken":["M","M","?","?","?","E","M","M","T","R","$","M","M","M","R","BOSS"],"items_purchased_type":["Relic","Card"],"build_version":"2020-12-22","purchased_purges":1,"victory":false,"max_hp_per_floor":[66,66,66,66,66,66,66,66,66,66,66,66,66,66,66,66,66],"relic_stats":{"counters":[10,43],"Ornamental Fan":[56],"PreservedInsect":0,"obtain_stats":[{"Matryoshka":6,"NeowsBlessing":0,"Ornamental Fan":9,"Oddly Smooth Stone":11,"Thread and Needle":4,"PreservedInsect":9,"Ring of the Snake":0},{"Matryoshka":4,"NeowsBlessing":0,"Ornamental Fan":6,"Oddly Smooth Stone":6,"Thread and Needle":3,"PreservedInsect":6,"Ring of the Snake":0},{"Matryoshka":13,"NeowsBlessing":0,"Ornamental Fan":23,"Oddly Smooth Stone":23,"Thread and Needle":3,"PreservedInsect":23,"Ring of the Snake":0}],"Ring of the Snake":[20]},"card_choices":[{"not_picked":["Riddle With Holes","Flying Knee","Underhanded Strike"],"picked":"SKIP","floor":1},{"not_picked":["Caltrops","Deadly Poison"],"picked":"Masterful Stab","floor":2},{"not_picked":["Bouncing Flask","Flying Knee"],"picked":"Storm of Steel","floor":3},{"not_picked":["Dagger Throw","Bane"],"picked":"Poisoned Stab","floor":6},{"not_picked":["Outmaneuver","Bane","Sucker Punch"],"picked":"SKIP","floor":7},{"not_picked":["All Out Attack","Bane","Outmaneuver"],"picked":"SKIP","floor":8},{"not_picked":["Masterful Stab","Finisher","Deflect"],"picked":"SKIP","floor":12},{"not_picked":["Dagger Throw","Quick Slash","Poisoned Stab"],"picked":"SKIP","floor":13},{"not_picked":["Caltrops","Tactician"],"picked":"Blade Dance","floor":14}],"player_experience":1395052,"relics_obtained":[{"floor":6,"key":"Matryoshka"},{"floor":9,"key":"PreservedInsect"},{"floor":9,"key":"Ornamental Fan"}],"event_choices":[{"damage_healed":0,"gold_gain":0,"player_choice":"Success","damage_taken":18,"relics_obtained":["Thread and Needle"],"max_hp_gain":0,"max_hp_loss":0,"event_name":"Scrap Ooze","floor":4,"gold_loss":0},{"damage_healed":0,"gold_gain":150,"player_choice":"AGREE","damage_taken":0,"max_hp_gain":0,"max_hp_loss":0,"event_name":"Liars Game","floor":5,"gold_loss":0,"cards_obtained":["Doubt"]}],"is_beta":false,"boss_relics":[],"items_purged_floors":[11],"is_endless":false,"potions_floor_spawned":[1,2,7,12],"killed_by":"Hexaghost","ascension_level":17}}