{"host":"tq99ucv8ezzqzioe","time":1611594101,"event":{"mods":["BaseMod","Colored Map","Downfall","Highlight Path","Minty Spire (QoL Compilation)","StSLib"],"gold_per_floor":[114,130,130,140,151,185,196,224,224,234,234,234],"floor_reached":11,"language":"ENG","playtime":772,"items_purged":[],"score":117,"play_id":"15fa22b5-be37-4ea4-a7e4-569439cc8044","local_time":"20210125120141","is_ascension_mode":true,"campfire_choices":[],"circlet_count":0,"master_deck":["Strike_B","Strike_B","Strike_B","Strike_B","Defend_B","Defend_B","Defend_B","Defend_B","Zap+1","Dualcast","Core Surge","FTL","Rip and Tear","Defragment","Multi-Cast","Ball Lightning","Defragment","Reinforced Body"],"relics":["Cracked Core","Turnip","Bag of Marbles"],"acts_visited":["Exordium"],"potions_floor_usage":[6,6,8,8,8,8,10],"damage_taken":[{"damage":0,"enemies":"2 Louse","floor":1,"turns":3},{"damage":1,"enemies":"Cultist","floor":2,"turns":3},{"damage":2,"enemies":"Jaw Worm","floor":4,"turns":2},{"damage":11,"enemies":"Blue Slaver","floor":5,"turns":3},{"damage":20,"enemies":"Lagavulin","floor":6,"turns":4},{"damage":0,"enemies":"2 Fungi Beasts","floor":7,"turns":2},{"damage":25,"enemies":"3 Sentries","floor":8,"turns":6},{"damage":3,"enemies":"Looter","floor":10,"turns":2},{"damage":15,"enemies":"Lagavulin","floor":11,"turns":3}],"seed_played":"-7438009241314638113","potions_obtained":[{"floor":1,"key":"AttackPotion"},{"floor":2,"key":"PotionOfCapacity"},{"floor":5,"key":"Guardian:BlockOnCardUsePotion"},{"floor":7,"key":"EntropicBrew"}],"is_trial":false,"path_per_floor":["M","M","?","M","M","E","M","E","T","M","E"],"character_chosen":"DEFECT","items_purchased":[],"campfire_rested":0,"item_purchase_floors":[],"current_hp_per_floor":[68,67,67,65,54,34,34,9,9,6,0,0],"gold":234,"neow_bonus":"ONE_RANDOM_RARE_CARD","is_daily":false,"chose_seed":false,"campfire_upgraded":0,"win_rate":0.0,"timestamp":1611594101,"path_taken":["M","M","?","M","M","E","M","E","T","?","E"],"items_purchased_type":[],"build_version":"2020-12-22","purchased_purges":0,"victory":false,"max_hp_per_floor":[75,75,75,75,75,75,75,75,75,75,75,75],"card_choices":[{"not_picked":["Auto Shields","Reprogram"],"picked":"FTL","floor":1},{"not_picked":["Turbo","Reprogram"],"picked":"Rip and Tear","floor":2},{"not_picked":["Lockon","Force Field"],"picked":"Defragment","floor":4},{"not_picked":["Scrape","Redo","Hologram"],"picked":"SKIP","floor":5},{"not_picked":["Redo","Coolheaded"],"picked":"Multi-Cast","floor":6},{"not_picked":["Hologram","Melter"],"picked":"Ball Lightning","floor":7},{"not_picked":["Gash","Double Energy"],"picked":"Defragment","floor":8},{"not_picked":["Gash","Compile Driver"],"picked":"Reinforced Body","floor":10}],"player_experience":742277,"relics_obtained":[{"floor":6,"key":"Turnip"},{"floor":8,"key":"Bag of Marbles"}],"event_choices":[{"damage_healed":0,"gold_gain":0,"player_choice":"Forge","damage_taken":0,"max_hp_gain":0,"max_hp_loss":0,"event_name":"Accursed Blacksmith","floor":3,"gold_loss":0,"cards_upgraded":["Zap"]}],"is_beta":false,"boss_relics":[],"items_purged_floors":[],"is_endless":false,"potions_floor_spawned":[1,2,5,7],"killed_by":"Lagavulin","ascension_level":7}}