{"host":"cfnmff32z0ky6ioz","time":1611590305,"event":{"mods":["BaseMod","Bestiary","Curses Come First","Dota2Spire","Filter the Spire","Minty Spire (QoL Compilation)","Quick Restart","RNG Fix","Relic Stats","Replay The Spire","Say the Spire","Spicy Shops","StSLib","The Alterego","The Marked","¡i?ª«¥dµP¡jREMEMod"],"gold_per_floor":[115,2,2,2,2,29,29,56,83,127,145,192,192,263,263,367,367,409,452,452,67,112,140,156,198,222,271,271,271,66,80,80,212,212,223,303,392,25,25,25,45,45,93,93,171,186,229,17,17,42,42,72],"floor_reached":53,"language":"ZHS","playtime":3627,"items_purged":["Strike_G","Decay"],"score":794,"play_id":"b37f617b-d665-4277-bac2-4d76987dee40","local_time":"20210125235825","is_ascension_mode":false,"campfire_choices":[{"data":"Burst","floor":7,"key":"SMITH"},{"data":"ReplayTheSpireMod:Necrosis","floor":28,"key":"SMITH"},{"data":"Corpse Explosion","floor":32,"key":"SMITH"},{"data":"REME_GreenPollution","floor":42,"key":"SMITH"},{"floor":51,"key":"REST"}],"circlet_count":0,"master_deck":["Strike_G+1","Strike_G+1","Strike_G+1","Defend_G+1","Defend_G+1","Defend_G+1","Defend_G+1","Defend_G+1","Neutralize","theMarked:MagusForm","Deadly Poison","Deadly Poison","Quick Slash+1","m_Survivalism","Burst+1","Terror","Grand Finale","Dodge and Roll","Dodge and Roll","Catalyst+1","Night Terror","AbeCurse","Dagger Throw+1","Backflip+1","Corpse Explosion+1","Acrobatics","ReplayTheSpireMod:Necrosis+1","Deadly Poison+1","Deadly Poison","Corpse Explosion","Toxin Wave+1","Phantasmal Killer","PiercingWail+1","Toxin Wave+1","REME_GreenPollution+1","Outmaneuver+1","PiercingWail+1","Replay:Poison Smokescreen","Toxin Wave","Draining Mist+1","Catalyst+1","ReplayTheSpireMod:Restless Dread","PiercingWail+1"],"relics":["Ring of the Snake","REME_ComplimentaryCards","FossilizedHelix","Blood Vial","Dota2Spire:HandOfMidas","White Beast Statue","Abe\u0027s Treasure","Dota2Spire:DrumOfEndurance","Omamori","Regal Pillow","DollysMirror","Snecko Eye","Art of War","Strange Spoon","Dota2Spire:BlackKingBar","REME_CardOfGreed","Sling","ReplayTheSpireMod:CursedCoin","Whetstone"],"acts_visited":["Exordium","TheCity","TheBeyond"],"potions_floor_usage":[14,16,19,19,23,25,27,35,36,36,43,46,47,50,52,52,52],"damage_taken":[{"damage":4,"enemies":"Cultist","floor":1,"turns":6},{"damage":10,"enemies":"Gremlin Nob","floor":6,"turns":4},{"damage":2,"enemies":"Lagavulin","floor":8,"turns":6},{"damage":0,"enemies":"Jaw Worm","floor":10,"turns":4},{"damage":0,"enemies":"Small Slimes","floor":11,"turns":3},{"damage":0,"enemies":"Red Slaver","floor":12,"turns":3},{"damage":7,"enemies":"Gremlin Gang","floor":14,"turns":11},{"damage":11,"enemies":"Fading Forest","floor":16,"turns":11},{"damage":0,"enemies":"Spheric Guardian","floor":18,"turns":3},{"damage":18,"enemies":"3 Byrds","floor":19,"turns":6},{"damage":19,"enemies":"Slavers","floor":23,"turns":3},{"damage":0,"enemies":"Snake Plant","floor":24,"turns":1},{"damage":0,"enemies":"3 Cultists","floor":25,"turns":2},{"damage":0,"enemies":"Shelled Parasite and Fungi","floor":27,"turns":5},{"damage":0,"enemies":"Snake Plant","floor":31,"turns":4},{"damage":41,"enemies":"Automaton","floor":33,"turns":5},{"damage":0,"enemies":"Orb Walker","floor":35,"turns":3},{"damage":0,"enemies":"3 Darklings","floor":36,"turns":2},{"damage":0,"enemies":"Spire Growth","floor":41,"turns":2},{"damage":22,"enemies":"Writhing Mass","floor":43,"turns":5},{"damage":8,"enemies":"Jaw Worm Horde","floor":46,"turns":4},{"damage":0,"enemies":"3 Darklings","floor":47,"turns":2},{"damage":0,"enemies":"Reptomancer","floor":50,"turns":2},{"damage":7,"enemies":"Donu and Deca","floor":52,"turns":3}],"seed_played":"2662346402058529633","potions_obtained":[{"floor":8,"key":"REME_GoldPotion"},{"floor":14,"key":"DuplicationPotion"},{"floor":15,"key":"Cursed Concoction"},{"floor":15,"key":"Cursed Concoction"},{"floor":16,"key":"Dexterity Potion"},{"floor":19,"key":"Flashbang"},{"floor":23,"key":"Ancient Potion"},{"floor":24,"key":"Fire Potion"},{"floor":25,"key":"Block Potion"},{"floor":27,"key":"PowerPotion"},{"floor":31,"key":"LiquidMemories"},{"floor":33,"key":"ColorlessPotion"},{"floor":35,"key":"REME_GoldPotion"},{"floor":36,"key":"Fruit Juice"},{"floor":43,"key":"AttackPotion"},{"floor":46,"key":"Dota2Spire:Clarity"},{"floor":47,"key":"Dexterity Potion"},{"floor":50,"key":"Weak Potion"}],"is_trial":false,"path_per_floor":["M","$","?","?","$","E","R","E","T","M","M","M","T","M","R","B",null,"M","M","?","$","T","E","M","M","T","M","R","?","$","M","R","B",null,"M","M","?","$","PTL","PTL","M","R","M","?","T","M","M","$","$","E","R","B",null],"character_chosen":"THE_SILENT","items_purchased":["Deadly Poison","Quick Slash","Corpse Explosion","Deadly Poison","DollysMirror","Art of War","Replay:Poison Smokescreen","Strange Spoon","Poison Potion","REME_CardOfGreed","Sling","ReplayTheSpireMod:CursedCoin","SkillPotion"],"campfire_rested":1,"item_purchase_floors":[2,2,21,30,30,38,38,38,38,48,48,49,49],"current_hp_per_floor":[73,73,73,73,73,63,63,61,61,63,65,67,67,62,62,71,77,77,59,59,59,59,42,44,46,46,48,48,48,48,50,50,11,77,77,77,77,77,77,77,77,77,60,60,60,54,56,56,56,58,82,75],"gold":72,"neow_bonus":"TEN_PERCENT_HP_BONUS","is_daily":false,"chose_seed":false,"campfire_upgraded":4,"win_rate":0.0,"timestamp":1611590305,"path_taken":["M","$","?","?","$","E","R","E","T","M","M","M","?","M","R","BOSS","M","?","?","?","?","E","M","?","T","M","R","?","$","M","R","BOSS","M","M","?","$","PTL","PTL","M","R","M","?","T","M","M","?","$","E","R","BOSS"],"items_purchased_type":["Card","Card","Card","Card","Relic","Relic","Card","Relic","Potion","Relic","Relic","Relic","Potion"],"build_version":"2020-12-22","purchased_purges":2,"victory":true,"max_hp_per_floor":[77,77,77,77,77,77,77,77,77,77,77,77,77,77,77,77,77,77,77,77,77,77,77,77,77,77,77,77,77,77,77,77,77,77,77,77,77,77,77,77,77,77,82,82,82,82,82,82,82,82,82,82],"relic_stats":{"Blood Vial":28,"Strange Spoon":[12],"Regal Pillow":0,"counters":[24,100],"Snecko Eye":[47,41,51,53],"Art of War":[7],"Whetstone":["Quick Slash","Dagger Throw"],"obtain_stats":[{"Dota2Spire:HandOfMidas":9,"Regal Pillow":26,"Dota2Spire:BlackKingBar":45,"ReplayTheSpireMod:CursedCoin":49,"Dota2Spire:DrumOfEndurance":22,"Omamori":23,"Whetstone":50,"Sling":48,"White Beast Statue":13,"Blood Vial":8,"Strange Spoon":38,"DollysMirror":30,"Snecko Eye":34,"Art of War":38,"REME_CardOfGreed":48,"FossilizedHelix":6,"Abe\u0027s Treasure":17,"Ring of the Snake":0,"REME_ComplimentaryCards":0},{"Dota2Spire:HandOfMidas":3,"Regal Pillow":13,"Dota2Spire:BlackKingBar":20,"ReplayTheSpireMod:CursedCoin":22,"Dota2Spire:DrumOfEndurance":10,"Omamori":11,"Whetstone":23,"Sling":22,"White Beast Statue":6,"Blood Vial":3,"Strange Spoon":18,"DollysMirror":14,"Snecko Eye":16,"Art of War":18,"REME_CardOfGreed":22,"FossilizedHelix":2,"Abe\u0027s Treasure":8,"Ring of the Snake":0,"REME_ComplimentaryCards":0},{"Dota2Spire:HandOfMidas":16,"Regal Pillow":63,"Dota2Spire:BlackKingBar":89,"ReplayTheSpireMod:CursedCoin":95,"Dota2Spire:DrumOfEndurance":57,"Omamori":60,"Whetstone":97,"Sling":95,"White Beast Statue":26,"Blood Vial":16,"Strange Spoon":82,"DollysMirror":68,"Snecko Eye":77,"Art of War":82,"REME_CardOfGreed":95,"FossilizedHelix":10,"Abe\u0027s Treasure":48,"Ring of the Snake":0,"REME_ComplimentaryCards":0}],"Ring of the Snake":[48]},"card_choices":[{"not_picked":["Backflip","Prepared"],"picked":"Deadly Poison","floor":1},{"not_picked":["REME_ShadowStrike","Acrobatics"],"picked":"Terror","floor":6},{"not_picked":["Dagger Throw","Slice"],"picked":"Grand Finale","floor":8},{"not_picked":["Cloak And Dagger","Prepared"],"picked":"Dodge and Roll","floor":10},{"not_picked":["Hidden Blade","Cloak And Dagger"],"picked":"Dodge and Roll","floor":11},{"not_picked":["Poisoned Stab","ReplayTheSpireMod:Speed Training"],"picked":"Catalyst","floor":12},{"not_picked":["Tactician","PiercingWail"],"picked":"Bane","floor":14},{"not_picked":["ReplayTheSpireMod:From All Sides","Glass Knife"],"picked":"Night Terror","floor":16},{"not_picked":["Flying Knee","Blade Dance+1"],"picked":"Dagger Throw","floor":18},{"not_picked":["Cloak And Dagger","Blade Dance+1"],"picked":"Backflip+1","floor":19},{"not_picked":["ReplayTheSpireMod:Shiv Toss","Night Terror","Underhanded Strike+1"],"picked":"SKIP","floor":23},{"not_picked":["Skewer+1","Dagger Spray"],"picked":"Acrobatics","floor":24},{"not_picked":["Terror","Bane"],"picked":"ReplayTheSpireMod:Necrosis","floor":25},{"not_picked":["Outmaneuver","Dagger Throw+1"],"picked":"Deadly Poison+1","floor":27},{"not_picked":["Deadly Poison","Poisoned Stab"],"picked":"Toxin Wave+1","floor":31},{"not_picked":["ReplayTheSpireMod:From All Sides","REME_ShadowForm"],"picked":"Phantasmal Killer","floor":33},{"not_picked":["Cloak And Dagger","Dagger Throw"],"picked":"PiercingWail+1","floor":35},{"not_picked":["Leg Sweep+1","Terror"],"picked":"Toxin Wave+1","floor":36},{"not_picked":["Choke+1","Caltrops+1"],"picked":"REME_GreenPollution","floor":37},{"not_picked":["Dodge and Roll","Bane+1"],"picked":"Outmaneuver+1","floor":37},{"not_picked":["Deadly Poison+1","Fluid Movement"],"picked":"PiercingWail+1","floor":37},{"not_picked":["Sucker Punch+1","Dodge and Roll"],"picked":"Toxin Wave","floor":41},{"not_picked":["Blade Dance+1","Backflip"],"picked":"Draining Mist+1","floor":43},{"not_picked":["Poisoned Stab+1","Bane+1"],"picked":"Catalyst+1","floor":46},{"not_picked":["ReplayTheSpireMod:From All Sides","Cloak And Dagger","Bane"],"picked":"SKIP","floor":47},{"not_picked":["Dodge and Roll","Bane"],"picked":"PiercingWail+1","floor":50}],"player_experience":355541,"relics_obtained":[{"floor":6,"key":"FossilizedHelix"},{"floor":8,"key":"Blood Vial"},{"floor":9,"key":"Dota2Spire:HandOfMidas"},{"floor":13,"key":"White Beast Statue"},{"floor":22,"key":"Dota2Spire:DrumOfEndurance"},{"floor":23,"key":"Omamori"},{"floor":26,"key":"Regal Pillow"},{"floor":45,"key":"Dota2Spire:BlackKingBar"},{"floor":50,"key":"Whetstone"}],"event_choices":[{"damage_healed":0,"gold_gain":0,"cards_transformed":["Strike_G"],"player_choice":"Transformed","damage_taken":0,"max_hp_gain":0,"max_hp_loss":0,"event_name":"Transmorgrifier","floor":4,"gold_loss":0,"cards_obtained":["Burst"]},{"damage_healed":0,"gold_gain":0,"player_choice":"Forge","damage_taken":0,"max_hp_gain":0,"max_hp_loss":0,"event_name":"Accursed Blacksmith","floor":20,"gold_loss":0,"cards_upgraded":["Catalyst"]},{"damage_healed":0,"gold_gain":0,"player_choice":"Simplicity","damage_taken":0,"max_hp_gain":0,"max_hp_loss":0,"event_name":"Back to Basics","floor":29,"gold_loss":0,"cards_upgraded":["Strike_G","Strike_G","Strike_G","Defend_G","Defend_G","Defend_G","Defend_G","Defend_G"]},{"cards_removed":["Bane"],"damage_healed":0,"gold_gain":0,"player_choice":"Removed Attack","damage_taken":0,"max_hp_gain":0,"max_hp_loss":0,"event_name":"Falling","floor":44,"gold_loss":0}],"is_beta":false,"boss_relics":[{"not_picked":["Ectoplasm","Calling Bell"],"picked":"Abe\u0027s Treasure"},{"not_picked":["REME_DuelDisc","REME_DemonsWealth"],"picked":"Snecko Eye"}],"items_purged_floors":[21,49],"is_endless":false,"potions_floor_spawned":[8,14,16,18,19,23,24,25,27,31,33,35,36,41,43,46,47,50],"ascension_level":0}}