{"host":"8efry9zhj4tjp5kw","time":1611602953,"event":{"mods":["Act Like it!","Aspiration","Bard","BaseMod","Beaked The Cultist","Colored Map","Colored Powertips","Conspire","Downfall","Glutton Mod","Halation","Hallownest","Hermit","Highlight Path","Hubris","Infinite Spire","Jedi Mod","Jorbs\u0027s Wanderer Trilogy","Koishi","Mad Scientist","Marisa????????","Mimic Mod","Minty Spire (QoL Compilation)","Reworked Bosses","Shop Mod","StSLib","The Administrix","The Construct","The Disciple","The Jungle","The Mystic","The Necromancer","The Servant 0.9.4","Unceasing Turn Reminder"],"gold_per_floor":[99,115,134,234,250,250,273,304,56,56,88,88,88,101,111,111,111,111],"floor_reached":16,"language":"ENG","playtime":809,"items_purged":["bronze:Strike"],"score":138,"play_id":"311f5092-2f3d-4bd4-ab26-7efe32d357a4","local_time":"20210125202913","is_ascension_mode":true,"campfire_choices":[{"floor":1.0,"key":"RECALL"},{"data":"bronze:Terminator","floor":6.0,"key":"SMITH"},{"floor":10.0,"key":"REST"},{"data":"bronze:Branch","floor":13.0,"key":"SMITH"}],"circlet_count":0,"master_deck":["bronze:Strike","bronze:Strike","bronze:Strike","bronze:Defend","bronze:Defend","bronze:Defend","bronze:Defend","bronze:Replicate","bronze:Goto+1","bronze:Separator","bronze:OilSpill","bronze:Terminator+1","bronze:Branch+1","bronze:Constructor","bronze:BronzeArmor","bronze:Shield","bronze:ItsAFeature"],"relics":["bronze:BronzeCore","bronze:ProtectiveGoggles","Pantograph","Membership Card","hubris:FunFungus","GremlinMask"],"acts_visited":["Exordium"],"potions_floor_usage":[16,16],"damage_taken":[{"damage":7.0,"enemies":"Small Slimes","floor":2.0,"turns":3.0},{"damage":0.0,"enemies":"Cultist","floor":3.0,"turns":2.0},{"damage":7.0,"enemies":"Jaw Worm","floor":5.0,"turns":2.0},{"damage":32.0,"enemies":"Gremlin Nob","floor":8.0,"turns":4.0},{"damage":0.0,"enemies":"downfall:FleeingMerchant","floor":9.0,"turns":4.0},{"damage":8.0,"enemies":"3 Sentries","floor":11.0,"turns":10.0},{"damage":26.0,"enemies":"Exordium Thugs","floor":14.0,"turns":4.0},{"damage":0.0,"enemies":"Red Slaver","floor":15.0,"turns":4.0},{"damage":57,"enemies":"WA_ARCHETYPE_RETAIN","floor":16,"turns":10}],"seed_played":"-5607928846569867375","potions_obtained":[{"floor":8.0,"key":"champ:CounterPotion"},{"floor":11.0,"key":"LiquidMemories"}],"is_trial":false,"path_per_floor":["R","M","M","?","M","R","T","E","$","R","E","?","R","M","M","B"],"character_chosen":"THE_AUTOMATON","items_purchased":["Membership Card","bronze:BronzeArmor"],"campfire_rested":1,"item_purchase_floors":[9,9],"current_hp_per_floor":[70,63,63,63,56,56,56,24,24,45,37,37,37,11,11,0,0,0],"gold":111,"neow_bonus":"UPGRADE_CARD","is_daily":false,"chose_seed":false,"campfire_upgraded":2,"win_rate":0.0,"timestamp":1611602953,"path_taken":["R","M","M","?","M","R","T","E","$","R","E","?","R","M","M","BOSS"],"items_purchased_type":["Relic","Card"],"build_version":"2020-12-22","purchased_purges":1,"victory":false,"max_hp_per_floor":[70,70,70,70,70,70,70,70,70,70,70,70,70,70,70,70,70,70],"card_choices":[{"not_picked":["bronze:ForceShield","bronze:Shield"],"picked":"bronze:Separator","floor":2.0},{"not_picked":["bronze:Overload","bronze:Deprecate"],"picked":"bronze:OilSpill","floor":3.0},{"not_picked":["bronze:CutThrough","bronze:Branch"],"picked":"bronze:Terminator","floor":5.0},{"not_picked":["bronze:OilSpill","bronze:DigitalCarnage"],"picked":"bronze:Branch","floor":8.0},{"not_picked":["bronze:Virus","bronze:Turbo"],"picked":"bronze:Constructor","floor":9.0},{"not_picked":["bronze:OilSpill","bronze:CutThrough"],"picked":"bronze:Shield","floor":11.0},{"not_picked":["bronze:Overload","bronze:Repulsor"],"picked":"bronze:ItsAFeature","floor":14.0},{"not_picked":["bronze:BitShift","bronze:WhirlingStrike","bronze:ForLoop"],"picked":"SKIP","floor":15.0}],"player_experience":1118626,"relics_obtained":[{"floor":7.0,"key":"bronze:ProtectiveGoggles"},{"floor":8.0,"key":"Pantograph"},{"floor":11.0,"key":"hubris:FunFungus"}],"event_choices":[{"damage_healed":0.0,"max_hp_gain":0.0,"max_hp_loss":0.0,"gold_gain":0.0,"event_name":"FaceTrader","player_choice":"Trade","floor":12.0,"gold_loss":0.0,"damage_taken":0.0,"relics_obtained":["GremlinMask"]}],"is_beta":false,"boss_relics":[],"items_purged_floors":[9],"is_endless":false,"potions_floor_spawned":[8,11],"killed_by":"WA_ARCHETYPE_RETAIN","ascension_level":5}}