{"host":"rl3s470f8onwqc1s","time":1611574692,"event":{"mods":["BaseMod","Gold Saver","Minty Spire (QoL Compilation)","MostiFishMod","Shop Mod","Spicy Shops","StSLib"],"gold_per_floor":[1972,1982,321,339,264,283,283,298,351,351,384,401,435,435,435,526,526,542,542,565,580,593,637,655,695,746,781,781,781,126,151,151,230,230,241,254,269,269,269,298,313,326,398,425,450,450,476,495,495,495,495,495,495,51,78,78],"floor_reached":57,"language":"ZHS","playtime":3752,"items_purged":["Decay","Defend_P","Defend_P"],"score":3464,"play_id":"4d20fc09-bd15-4268-be8d-ea9a4c06d729","local_time":"20210125193812","is_ascension_mode":true,"campfire_choices":[{"data":"Tantrum","floor":7.0,"key":"SMITH"},{"data":"Omniscience","floor":10.0,"key":"SMITH"},{"data":"MostiFishMod:Dust","floor":15.0,"key":"SMITH"},{"data":"Collect","floor":28.0,"key":"SMITH"},{"floor":32,"key":"RECALL"},{"data":"MostiFishMod:ButterFly","floor":46,"key":"SMITH"},{"data":"Vault","floor":49,"key":"SMITH"},{"data":"Eruption","floor":53,"key":"SMITH"}],"circlet_count":0,"master_deck":["AscendersBane","Strike_P","Strike_P","Strike_P","Defend_P","Eruption+1","Vigilance","Omniscience+1","Tantrum+1","Adaptation","FlurryOfBlows","MostiFishMod:Dust+1","Collect+1","LikeWater","Vault+1","TalkToTheHand+1","DevaForm","MostiFishMod:ButterFly+1","Establishment+1","Madness","Madness","Parasite","Indignation+1"],"relics":["PureWater","DaveBox","BloodWine","SynthV:TestCard","TeardropLocket","Pen Nib","Lee\u0027s Waffle","BirthdayGift-Icosahedron","Tiny Chest","Pantograph","MealTicket","Bloody Idol","Busted Crown","Boot","Yang","Bag of Marbles","Blood Vial","ImprovedEquipment","BrkXgEgg","Bottled Lightning","CombinedTypeHook","Runic Dome","Darkstone Periapt","Kunai","Vajra","Happy Flower","Toy Ornithopter","Medical Kit","TheAbacus","TungstenRod","SynthV:C4"],"acts_visited":["Exordium","TheCity","TheBeyond","TheEnding"],"potions_floor_usage":[50,56],"damage_taken":[{"damage":20.0,"enemies":"Small Slimes","floor":1.0,"turns":5.0},{"damage":0.0,"enemies":"2 Louse","floor":2.0,"turns":2.0},{"damage":0.0,"enemies":"Jaw Worm","floor":4.0,"turns":1.0},{"damage":0.0,"enemies":"Large Slime","floor":6.0,"turns":1.0},{"damage":0.0,"enemies":"2 Fungi Beasts","floor":8.0,"turns":1.0},{"damage":0.0,"enemies":"3 Sentries","floor":11.0,"turns":2.0},{"damage":0.0,"enemies":"Exordium Thugs","floor":12.0,"turns":1.0},{"damage":0.0,"enemies":"Gremlin Nob","floor":13.0,"turns":2.0},{"damage":28.0,"enemies":"Hexaghost","floor":16.0,"turns":3.0},{"damage":0.0,"enemies":"Shell Parasite","floor":18.0,"turns":2.0},{"damage":0.0,"enemies":"3 Byrds","floor":21.0,"turns":1.0},{"damage":8.0,"enemies":"Snake Plant","floor":22.0,"turns":2.0},{"damage":0.0,"enemies":"Gremlin Leader","floor":23.0,"turns":2.0},{"damage":0.0,"enemies":"Shelled Parasite and Fungi","floor":24.0,"turns":2.0},{"damage":0.0,"enemies":"Slavers","floor":25.0,"turns":2.0},{"damage":0.0,"enemies":"Book of Stabbing","floor":27.0,"turns":2.0},{"damage":0,"enemies":"Slavers","floor":31,"turns":1},{"damage":0,"enemies":"Champ","floor":33,"turns":3},{"damage":0,"enemies":"3 Shapes","floor":35,"turns":1},{"damage":0,"enemies":"3 Darklings","floor":36,"turns":1},{"damage":0,"enemies":"Jaw Worm Horde","floor":37,"turns":1},{"damage":0,"enemies":"Giant Head","floor":40,"turns":2},{"damage":0,"enemies":"Maw","floor":41,"turns":2},{"damage":0,"enemies":"Transient","floor":42,"turns":4},{"damage":0,"enemies":"Reptomancer","floor":45,"turns":2},{"damage":0,"enemies":"Giant Head","floor":47,"turns":3},{"damage":0,"enemies":"Jaw Worm Horde","floor":48,"turns":1},{"damage":26,"enemies":"Awakened One","floor":50,"turns":5},{"damage":12,"enemies":"Donu and Deca","floor":51,"turns":4},{"damage":0,"enemies":"Shield and Spear","floor":55,"turns":2},{"damage":34,"enemies":"The Heart","floor":56,"turns":6}],"seed_played":"-8841774264760053510","potions_obtained":[{"floor":2.0,"key":"SteroidPotion"},{"floor":6.0,"key":"Dexterity Potion"},{"floor":8.0,"key":"BottledMiracle"},{"floor":12.0,"key":"LiquidMemories"},{"floor":16.0,"key":"Ambrosia"},{"floor":24.0,"key":"DistilledChaos"}],"is_trial":false,"path_per_floor":["M","M","$","M","?","M","R","M","T","R","E","M","E","?","R","B",null,"M","?","T","M","M","E","M","E","T","E","R","?","$","E","R","B",null,"M","M","M","?","?","E","M","M","T","T","E","R","E","M","R","B","B",null,"R","$","E","B",null],"character_chosen":"WATCHER","items_purchased":["TeardropLocket","Pen Nib","Lee\u0027s Waffle","BirthdayGift-Icosahedron","Tiny Chest","BrkXgEgg","MostiFishMod:ButterFly","Bottled Lightning","Medical Kit","TheAbacus","TungstenRod"],"campfire_rested":0,"item_purchase_floors":[3,3,3,3,3,30,30,30,54,54,54],"current_hp_per_floor":[60,60,75,75,75,75,75,75,75,75,75,75,75,49,49,48,68,69,69,69,70,63,64,65,66,66,69,69,69,75,75,75,75,75,75,75,75,75,61,75,75,75,75,75,75,75,75,75,75,50,64,72,72,81,81,53],"gold":78,"neow_bonus":"THREE_RARE_CARDS","is_daily":false,"chose_seed":false,"campfire_upgraded":7,"win_rate":0.0,"timestamp":1611574692,"path_taken":["M","M","$","M","?","M","R","M","T","R","E","M","E","?","R","BOSS","M","?","?","M","M","E","M","E","T","E","R","?","$","E","R","BOSS","M","M","M","?","?","E","M","M","T","?","E","R","E","M","R","BOSS","BOSS","R","$","E","BOSS"],"items_purchased_type":["Relic","Relic","Relic","Relic","Relic","Relic","Card","Relic","Relic","Relic","Relic"],"build_version":"2020-12-22","purchased_purges":3,"victory":true,"max_hp_per_floor":[68,68,75,75,75,75,75,75,75,75,75,75,75,75,75,75,75,75,75,75,75,75,75,75,75,75,75,75,75,75,75,75,75,75,75,75,75,75,75,75,75,75,75,75,75,75,75,75,75,75,75,75,75,81,81,81],"card_choices":[{"not_picked":["MostiFishMod:CyberBuddha","MasterReality"],"picked":"Omniscience","floor":0.0},{"not_picked":["ReachHeaven","Evaluate"],"picked":"Tantrum","floor":1.0},{"not_picked":["ThirdEye","Perseverance","BowlingBash","Fasting2"],"picked":"Adaptation","floor":2.0},{"not_picked":["ClearTheMind","Consecrate","CutThroughFate","JustLucky"],"picked":"FlurryOfBlows","floor":4.0},{"not_picked":["Evaluate","Sanctity","MostiFishMod:LegendTransform","Indignation"],"picked":"MostiFishMod:Dust","floor":6.0},{"not_picked":["FlyingSleeves","JustLucky","FlurryOfBlows","LikeWater","Collect"],"picked":"SKIP","floor":8.0},{"not_picked":["FlyingSleeves","JustLucky","FlurryOfBlows","LikeWater"],"picked":"Collect","floor":8.0},{"not_picked":["CrushJoints","CarveReality","CutThroughFate","ThirdEye"],"picked":"LikeWater","floor":11.0},{"not_picked":["Worship","CrushJoints","EmptyFist","Pray","FlyingSleeves"],"picked":"SKIP","floor":12.0},{"not_picked":["EmptyFist","CutThroughFate","BowlingBash","ReachHeaven","Consecrate"],"picked":"SKIP","floor":13.0},{"not_picked":["MostiFishMod:KamiSmash","MostiFishMod:Minus","SpiritShield","Ragnarok"],"picked":"Vault","floor":16.0},{"not_picked":["CrushJoints","EmptyFist","Conclude"],"picked":"SKIP","floor":18.0},{"not_picked":["Perseverance","ClearTheMind","Crescendo"],"picked":"SKIP","floor":21.0},{"not_picked":["FollowUp","SashWhip","CrushJoints+1"],"picked":"SKIP","floor":22.0},{"not_picked":["MostiFishMod:PathToVictory","Fasting2","MostiFishMod:FlowState"],"picked":"SKIP","floor":23.0},{"not_picked":["MostiFishMod:Clarity","PathToVictory"],"picked":"TalkToTheHand+1","floor":24.0},{"not_picked":["Protect","ThirdEye","CrushJoints"],"picked":"SKIP","floor":25.0},{"not_picked":["EmptyFist","ThirdEye"],"picked":"DevaForm","floor":27.0},{"not_picked":["DeceiveReality","FlurryOfBlows","CrushJoints"],"picked":"SKIP","floor":31},{"not_picked":["MostiFishMod:DustFall+1","Judgement+1"],"picked":"Establishment+1","floor":33},{"not_picked":["SignatureMove+1","MostiFishMod:LegendTransform+1","JustLucky"],"picked":"SKIP","floor":35},{"not_picked":["WaveOfTheHand","EmptyBody","JustLucky+1"],"picked":"SKIP","floor":36},{"not_picked":["FollowUp","EmptyMind","Consecrate"],"picked":"SKIP","floor":37},{"not_picked":["EmptyBody+1","ClearTheMind","ThirdEye+1"],"picked":"SKIP","floor":40},{"not_picked":["FlyingSleeves","ThirdEye","InnerPeace+1"],"picked":"SKIP","floor":41},{"not_picked":["FlyingSleeves","DeceiveReality","LessonLearned+1"],"picked":"SKIP","floor":42},{"not_picked":["CrushJoints","EmptyFist+1","Conclude"],"picked":"SKIP","floor":45},{"not_picked":["BattleHymn","Halt","Crescendo"],"picked":"SKIP","floor":47},{"not_picked":["Protect","PathToVictory+1","ClearTheMind"],"picked":"SKIP","floor":48},{"not_picked":["WindmillStrike+1","MostiFishMod:PathToVictory"],"picked":"Indignation+1","floor":55}],"player_experience":1326380,"relics_obtained":[{"floor":1.0,"key":"SynthV:TestCard"},{"floor":11.0,"key":"Pantograph"},{"floor":13.0,"key":"MealTicket"},{"floor":20.0,"key":"Boot"},{"floor":23.0,"key":"Yang"},{"floor":25.0,"key":"Bag of Marbles"},{"floor":26.0,"key":"Blood Vial"},{"floor":27.0,"key":"ImprovedEquipment"},{"floor":31,"key":"CombinedTypeHook"},{"floor":40,"key":"Darkstone Periapt"},{"floor":43,"key":"Kunai"},{"floor":44,"key":"Vajra"},{"floor":45,"key":"Happy Flower"},{"floor":47,"key":"Toy Ornithopter"},{"floor":55,"key":"SynthV:C4"}],"event_choices":[{"cards_removed":["Defend_P"],"damage_healed":0.0,"max_hp_gain":0.0,"max_hp_loss":0.0,"gold_gain":0.0,"event_name":"The Cleric","player_choice":"Card Removal","floor":5.0,"gold_loss":75.0,"damage_taken":0.0},{"damage_healed":0.0,"max_hp_gain":0.0,"max_hp_loss":0.0,"gold_gain":0.0,"event_name":"Golden Idol","player_choice":"Take Damage","floor":14.0,"gold_loss":0.0,"damage_taken":26.0,"relics_obtained":["Golden Idol"]},{"cards_removed":["Strike_P"],"damage_healed":0.0,"max_hp_gain":0.0,"max_hp_loss":0.0,"gold_gain":0.0,"event_name":"Back to Basics","player_choice":"Elegance","floor":19.0,"gold_loss":0.0,"damage_taken":0.0},{"damage_healed":0.0,"max_hp_gain":0.0,"max_hp_loss":0.0,"gold_gain":0.0,"event_name":"Forgotten Altar","player_choice":"Gave Idol","floor":29.0,"relics_lost":["Golden Idol"],"gold_loss":0.0,"damage_taken":0.0,"relics_obtained":["Bloody Idol"]},{"damage_healed":0,"gold_gain":0,"player_choice":"Ignored","damage_taken":0,"max_hp_gain":0,"max_hp_loss":0,"event_name":"Tomb of Lord Red Mask","floor":38,"gold_loss":0},{"damage_healed":0,"gold_gain":0,"player_choice":"Embrace Madness","damage_taken":14,"max_hp_gain":0,"max_hp_loss":0,"event_name":"Winding Halls","floor":39,"gold_loss":0,"cards_obtained":["Madness","Madness"]}],"is_beta":false,"boss_relics":[{"not_picked":["Sozu","Cursed Key"],"picked":"Busted Crown"},{"not_picked":["Transparent","RhineFirstAidKit"],"picked":"Runic Dome"}],"items_purged_floors":[3,3,30],"is_endless":false,"potions_floor_spawned":[2,6,8,12,16,24,25,27,33,35,41,42,47,48],"ascension_level":20}}