{"host":"zk71suw73lg2r165","time":1611595282,"event":{"mods":["BaseMod","Colored Map","Minty Spire (QoL Compilation)","Permanent Neow","Relic Stats","StSLib"],"gold_per_floor":[110,123,136,136,156,194,194,194,194],"floor_reached":8,"language":"ENG","playtime":279,"items_purged":[],"score":116,"play_id":"2f5d0015-4fa1-43d9-9ded-d9ad0df49055","local_time":"20210125122122","is_ascension_mode":true,"campfire_choices":[{"floor":7,"key":"REST"}],"circlet_count":0,"master_deck":["AscendersBane","Strike_G","Strike_G","Strike_G","Strike_G","Strike_G","Defend_G","Defend_G","Defend_G","Defend_G","Defend_G","Survivor","Neutralize","After Image","Heel Hook","Sucker Punch","Poisoned Stab","Caltrops","Night Terror"],"relics":["Ring of the Snake","Golden Idol","Toy Ornithopter"],"acts_visited":["Exordium"],"potions_floor_usage":[6,6],"damage_taken":[{"damage":9,"enemies":"Cultist","floor":1,"turns":5},{"damage":2,"enemies":"Small Slimes","floor":2,"turns":5},{"damage":7,"enemies":"2 Louse","floor":3,"turns":3},{"damage":10,"enemies":"2 Fungi Beasts","floor":5,"turns":5},{"damage":20,"enemies":"Lagavulin","floor":6,"turns":7},{"damage":0,"enemies":"Gremlin Nob","floor":8,"turns":1}],"seed_played":"-2647303755559384171","potions_obtained":[{"floor":3,"key":"Energy Potion"},{"floor":5,"key":"Fire Potion"}],"is_trial":false,"path_per_floor":["M","M","M","?","M","E","R","E"],"character_chosen":"THE_SILENT","items_purchased":[],"campfire_rested":1,"item_purchase_floors":[],"current_hp_per_floor":[50,48,41,41,31,11,29,29,29],"gold":194,"neow_bonus":"ONE_RANDOM_RARE_CARD","is_daily":false,"chose_seed":false,"campfire_upgraded":0,"win_rate":0.0,"timestamp":1611595282,"path_taken":["M","?","M","?","M","E","R","E"],"items_purchased_type":[],"build_version":"2020-12-22","purchased_purges":0,"victory":false,"max_hp_per_floor":[66,66,66,60,60,60,60,60,60],"relic_stats":{"counters":[6,26],"Golden Idol":12,"obtain_stats":[{"Golden Idol":4,"Toy Ornithopter":6,"Ring of the Snake":0},{"Golden Idol":3,"Toy Ornithopter":5,"Ring of the Snake":0},{"Golden Idol":13,"Toy Ornithopter":25,"Ring of the Snake":0}],"Toy Ornithopter":0,"Ring of the Snake":[12]},"card_choices":[{"not_picked":["Acrobatics","Tactician"],"picked":"Heel Hook","floor":1},{"not_picked":["Bane","Flying Knee"],"picked":"Sucker Punch","floor":2},{"not_picked":["Outmaneuver","Blur"],"picked":"Poisoned Stab","floor":3},{"not_picked":["Poisoned Stab","Dodge and Roll"],"picked":"Caltrops","floor":5},{"not_picked":["Tools of the Trade","Accuracy"],"picked":"Night Terror","floor":6}],"player_experience":1368937,"relics_obtained":[{"floor":6,"key":"Toy Ornithopter"}],"event_choices":[{"damage_healed":0,"gold_gain":0,"player_choice":"Lose Max HP","damage_taken":0,"relics_obtained":["Golden Idol"],"max_hp_gain":0,"max_hp_loss":6,"event_name":"Golden Idol","floor":4,"gold_loss":0}],"is_beta":false,"boss_relics":[],"items_purged_floors":[],"is_endless":false,"potions_floor_spawned":[3,5],"killed_by":"Gremlin Nob","ascension_level":20}}