{"host":"7krnriczr1b2ou5r","time":1611596689,"event":{"mods":["BaseMod","Keyboard Shortcuts","Marisa£¨Ùöéë¡¡Øª×âÞÞ£©","Minty Spire (QoL Compilation)","Relic Stats","StSLib"],"gold_per_floor":[110,110,136,211,231,231,261,261,261,277,311,311,326,345,345,345,345],"floor_reached":16,"language":"KOR","playtime":3241,"items_purged":[],"score":370,"play_id":"cce8b660-c9be-405e-a615-c893ab2c2352","local_time":"20210126024449","is_ascension_mode":true,"campfire_choices":[{"data":"Backflip","floor":6,"key":"SMITH"},{"data":"Neutralize","floor":8,"key":"SMITH"},{"data":"Infinite Blades","floor":12,"key":"SMITH"},{"data":"Crippling Poison","floor":15,"key":"SMITH"}],"circlet_count":0,"master_deck":["AscendersBane","Strike_G","Strike_G","Strike_G","Strike_G","Strike_G","Defend_G","Defend_G+1","Defend_G","Defend_G+1","Defend_G","Survivor","Neutralize+1","Backflip+1","Skewer","Infinite Blades+1","Blur","Crippling Poison+1"],"relics":["Ring of the Snake","NeowsBlessing","Smiling Mask","Oddly Smooth Stone","Eternal Feather","White Beast Statue"],"acts_visited":["Exordium"],"potions_floor_usage":[],"damage_taken":[{"damage":0,"enemies":"Jaw Worm","floor":1,"turns":1},{"damage":0,"enemies":"Small Slimes","floor":5,"turns":1},{"damage":0,"enemies":"Lagavulin","floor":7,"turns":1},{"damage":0,"enemies":"2 Louse","floor":10,"turns":4},{"damage":0,"enemies":"3 Sentries","floor":11,"turns":1},{"damage":0,"enemies":"Lots of Slimes","floor":13,"turns":1},{"damage":0,"enemies":"Exordium Thugs","floor":14,"turns":1},{"damage":0,"enemies":"Slime Boss","floor":16,"turns":1}],"seed_played":"-8484974411556766104","potions_obtained":[{"floor":5,"key":"BlessingOfTheForge"},{"floor":7,"key":"Block Potion"}],"is_trial":false,"path_per_floor":["M","?","T","?","M","R","E","R","T","M","E","R","M","M","R","B"],"character_chosen":"THE_SILENT","items_purchased":[],"campfire_rested":0,"item_purchase_floors":[],"current_hp_per_floor":[59,39,39,28,28,28,28,28,28,28,28,37,37,37,46,46,46],"gold":345,"neow_bonus":"THREE_ENEMY_KILL","is_daily":false,"chose_seed":false,"campfire_upgraded":4,"win_rate":0.0,"timestamp":1611596689,"path_taken":["M","?","?","?","M","R","E","R","T","M","E","R","M","M","R","BOSS"],"items_purchased_type":[],"build_version":"2020-12-22","purchased_purges":0,"victory":false,"max_hp_per_floor":[66,66,66,66,66,66,66,66,66,66,66,66,66,66,66,66,66],"relic_stats":{"counters":[8,11],"Eternal Feather":18,"Smiling Mask":0,"obtain_stats":[{"NeowsBlessing":0,"Oddly Smooth Stone":7,"Eternal Feather":9,"Smiling Mask":3,"White Beast Statue":11,"Ring of the Snake":0},{"NeowsBlessing":0,"Oddly Smooth Stone":3,"Eternal Feather":3,"Smiling Mask":1,"White Beast Statue":5,"Ring of the Snake":0},{"NeowsBlessing":0,"Oddly Smooth Stone":3,"Eternal Feather":3,"Smiling Mask":1,"White Beast Statue":8,"Ring of the Snake":0}],"Ring of the Snake":[14]},"card_choices":[{"not_picked":["Quick Slash","Expertise","Heel Hook"],"picked":"SKIP","floor":1},{"not_picked":["Flying Knee","Riddle With Holes"],"picked":"Backflip","floor":5},{"not_picked":["Finisher","Predator","Choke"],"picked":"SKIP","floor":7},{"not_picked":["Setup","Predator"],"picked":"Skewer","floor":10},{"not_picked":["All Out Attack","Outmaneuver"],"picked":"Infinite Blades","floor":11},{"not_picked":["Underhanded Strike","Sucker Punch"],"picked":"Blur","floor":13},{"not_picked":["Deflect","Concentrate"],"picked":"Crippling Poison","floor":14}],"player_experience":1145580,"relics_obtained":[{"floor":3,"key":"Smiling Mask"},{"floor":7,"key":"Oddly Smooth Stone"},{"floor":9,"key":"Eternal Feather"},{"floor":11,"key":"White Beast Statue"}],"event_choices":[{"damage_healed":0,"gold_gain":0,"player_choice":"Entered Light","damage_taken":20,"max_hp_gain":0,"max_hp_loss":0,"event_name":"Shining Light","floor":2,"gold_loss":0,"cards_upgraded":["Defend_G","Defend_G"]},{"damage_healed":0,"gold_gain":75,"player_choice":"Gather Gold","damage_taken":11,"max_hp_gain":0,"max_hp_loss":0,"event_name":"World of Goop","floor":4,"gold_loss":0}],"is_beta":false,"boss_relics":[],"items_purged_floors":[],"is_endless":false,"potions_floor_spawned":[5,7,13,14],"killed_by":"Slime Boss","ascension_level":20}}