{"host":"c35j6tsoy7cxzn43","time":1611611942,"event":{"mods":["BaseMod","Better Third Choice","BetterRewards","Colored Map","Colored Powertips","Conspire","Highlight Path","Hubris","Infinite Spire","Minty Spire (QoL Compilation)","Quick Restart","Replay The Spire","Shop Mod","StSLib"],"gold_per_floor":[113,113,113,113,133,159,176,176,176,194,227,255,255,288,288,388,388,405,405,405,405,423,458,472,472,495,495,507,507,526,540,540,641,641,654,697,697,707,727,727,727,727,727],"floor_reached":42,"language":"ENG","playtime":1959,"items_purged":["Strike_G"],"score":491,"play_id":"18398c25-a487-40d6-8e77-a801d781fec6","local_time":"20210125225902","is_ascension_mode":false,"campfire_choices":[{"data":"Backstab","floor":8,"key":"SMITH"},{"floor":15,"key":"RECALL"},{"data":"Terror","floor":25,"key":"SMITH"},{"data":"ReplayTheSpireMod:From All Sides","floor":27,"key":"SMITH"},{"data":"Burst","floor":29,"key":"SMITH"},{"data":"Flying Knee","floor":32,"key":"SMITH"},{"data":"Malaise","floor":41,"key":"SMITH"}],"circlet_count":0,"master_deck":["Strike_G","Strike_G","Strike_G","Strike_G","Defend_G+1","Defend_G+1","Defend_G+1","Defend_G+1","Defend_G+1","Survivor","Neutralize","Flying Knee+1","Backstab+1","A Thousand Cuts+1","Terror+1","ReplayTheSpireMod:From All Sides+1","Outmaneuver+1","Burst+1","Malaise+1"],"relics":["Ring of the Snake","NeowsBlessing","Onion Ring","PreservedInsect","Bag of Marbles","infinitespire:WardingShard","Odd Mushroom","ReplayFunnel","hubris:ScarierMask","Replay:Bottled Eggs","Replay:Ringing Soul","hubris:SlimyHat","SlaversCollar","Replay:Wax Seal"],"acts_visited":["Exordium","TheCity","TheBeyond"],"potions_floor_usage":[14,33,33,33,40,40],"damage_taken":[{"damage":0,"enemies":"Jaw Worm","floor":1,"turns":1},{"damage":0,"enemies":"2 Louse","floor":5,"turns":1},{"damage":0,"enemies":"Replay:BlueRogue","floor":6,"turns":1},{"damage":1,"enemies":"conspire:RoseBush","floor":7,"turns":2},{"damage":0,"enemies":"Gremlin Gang","floor":10,"turns":3},{"damage":5,"enemies":"3 Sentries","floor":11,"turns":6},{"damage":0,"enemies":"The Mushroom Lair","floor":12,"turns":2},{"damage":18,"enemies":"Lagavulin","floor":14,"turns":3},{"damage":30,"enemies":"Fading Forest","floor":16,"turns":11},{"damage":7,"enemies":"Spheric Guardian","floor":18,"turns":3},{"damage":0,"enemies":"2 Thieves","floor":22,"turns":1},{"damage":10,"enemies":"Book of Stabbing","floor":23,"turns":4},{"damage":0,"enemies":"Sentry and Sphere","floor":24,"turns":1},{"damage":11,"enemies":"Snake Plant","floor":28,"turns":3},{"damage":2,"enemies":"Centurion and Healer","floor":30,"turns":3},{"damage":2,"enemies":"Shelled Parasite and Fungi","floor":31,"turns":3},{"damage":25,"enemies":"conspire:MysteriousRune","floor":33,"turns":9},{"damage":0,"enemies":"3 Darklings","floor":35,"turns":5},{"damage":32,"enemies":"conspire:MimicChest","floor":36,"turns":11},{"damage":25,"enemies":"3 Shapes","floor":38,"turns":4},{"damage":0,"enemies":"Jaw Worm Horde","floor":39,"turns":5},{"damage":15,"enemies":"Giant Head","floor":40,"turns":9},{"damage":8,"enemies":"3 Darklings","floor":42,"turns":3}],"seed_played":"-4321039587620029982","potions_obtained":[{"floor":1,"key":"conspire:TimeTravelPotion"},{"floor":7,"key":"PowerPotion"},{"floor":12,"key":"Adrenaline Potion"},{"floor":16,"key":"Milkshake"},{"floor":23,"key":"GamblersBrew"},{"floor":24,"key":"Poison Potion"},{"floor":31,"key":"AttackPotion"},{"floor":33,"key":"LifebloodPotion"},{"floor":35,"key":"DuplicationPotion"},{"floor":38,"key":"SmokeBomb"}],"is_trial":false,"path_per_floor":["M","?","?","?","M","E","M","R","T","M","E","?","?","E","R","B",null,"M","?","AVR","?","M","E","M","R","T","R","M","R","M","M","R","B",null,"M","?","?","M","M","E","R","M"],"character_chosen":"THE_SILENT","items_purchased":[],"campfire_rested":0,"item_purchase_floors":[],"current_hp_per_floor":[70,70,70,70,70,70,69,69,69,69,64,64,64,46,46,26,70,63,46,46,49,49,39,42,42,42,42,31,31,29,27,27,5,79,79,47,47,22,22,7,7,0,0],"gold":727,"neow_bonus":"THREE_ENEMY_KILL","is_daily":false,"chose_seed":false,"campfire_upgraded":6,"win_rate":0.0,"timestamp":1611611942,"path_taken":["M","?","?","?","?","E","M","R","T","M","E","?","?","E","R","BOSS","M","?","AVR","?","M","E","M","R","T","R","M","R","?","M","R","BOSS","M","?","?","M","M","E","R","M"],"items_purchased_type":[],"build_version":"2020-12-22","purchased_purges":1,"victory":false,"max_hp_per_floor":[70,70,70,70,70,70,70,70,70,70,70,70,70,70,70,70,70,70,70,70,73,73,73,76,76,76,76,76,76,76,76,76,79,79,79,79,79,79,79,79,79,79,79],"card_choices":[{"not_picked":["Outmaneuver","Sucker Punch","PiercingWail"],"picked":"SKIP","floor":1},{"not_picked":["Sucker Punch","hubris:SlightOfHand","Quick Slash"],"picked":"SKIP","floor":5},{"not_picked":["Calculated Gamble","Prepared"],"picked":"Flying Knee","floor":6},{"not_picked":["Poisoned Stab","Flying Knee"],"picked":"Backstab","floor":7},{"not_picked":["Bane","Deadly Poison","conspire:PoisonWeapons"],"picked":"SKIP","floor":10},{"not_picked":["Crippling Poison","ReplayTheSpireMod:The Works"],"picked":"A Thousand Cuts","floor":11},{"not_picked":["Dagger Throw","Acrobatics"],"picked":"Terror","floor":14},{"not_picked":["Die Die Die","A Thousand Cuts"],"picked":"ReplayTheSpireMod:From All Sides","floor":16},{"not_picked":["Poisoned Stab","Bane"],"picked":"Outmaneuver+1","floor":18},{"not_picked":["Blade Dance","Underhanded Strike","Deflect"],"picked":"SKIP","floor":22},{"not_picked":["Flying Knee","hubris:Sniper","Skewer+1"],"picked":"SKIP","floor":23},{"not_picked":["Masterful Stab","Flying Knee"],"picked":"Burst","floor":24},{"not_picked":["Acrobatics","ReplayTheSpireMod:Scrap Shanks","Deflect+1"],"picked":"SKIP","floor":28},{"not_picked":["Outmaneuver+1","Cloak And Dagger","ReplayTheSpireMod:Scrap Shanks"],"picked":"SKIP","floor":30},{"not_picked":["Flying Knee","Prepared","ReplayTheSpireMod:Tripwire"],"picked":"SKIP","floor":31},{"not_picked":["After Image","Wraith Form v2"],"picked":"Malaise","floor":33},{"not_picked":["ReplayTheSpireMod:Tripwire+1","Sneak Up","Dagger Throw"],"picked":"SKIP","floor":35},{"not_picked":["Toxin Wave+1","Bane+1","Dagger Throw+1"],"picked":"SKIP","floor":38},{"not_picked":["Predator+1","Skewer+1","Infinite Blades"],"picked":"SKIP","floor":39}],"player_experience":432179,"relics_obtained":[{"floor":6,"key":"PreservedInsect"},{"floor":9,"key":"Bag of Marbles"},{"floor":11,"key":"infinitespire:WardingShard"},{"floor":12,"key":"Odd Mushroom"},{"floor":14,"key":"ReplayFunnel"},{"floor":19,"key":"Replay:Bottled Eggs"},{"floor":23,"key":"hubris:SlimyHat"},{"floor":36,"key":"Replay:Wax Seal"}],"event_choices":[{"damage_healed":0,"gold_gain":0,"player_choice":"Leave","damage_taken":0,"max_hp_gain":0,"max_hp_loss":0,"event_name":"conspire:Investor","floor":2,"gold_loss":0},{"damage_healed":0,"gold_gain":0,"player_choice":"Gave Potion","damage_taken":0,"relics_obtained":["Onion Ring"],"max_hp_gain":0,"max_hp_loss":0,"event_name":"WeMeetAgain","floor":4,"gold_loss":0},{"damage_healed":0,"gold_gain":0,"player_choice":"Fought Mushrooms","damage_taken":0,"max_hp_gain":0,"max_hp_loss":0,"event_name":"Mushrooms","floor":12,"gold_loss":0},{"damage_healed":0,"gold_gain":0,"player_choice":"Grow","damage_taken":0,"max_hp_gain":0,"max_hp_loss":0,"event_name":"Living Wall","floor":13,"gold_loss":0,"cards_upgraded":["A Thousand Cuts"]},{"damage_healed":0,"gold_gain":0,"player_choice":"Cursed","damage_taken":0,"max_hp_gain":0,"max_hp_loss":0,"event_name":"Wheel of Change","floor":21,"gold_loss":0,"cards_obtained":["Decay"]},{"cards_removed":["Decay"],"damage_healed":0,"gold_gain":0,"player_choice":"Purged","damage_taken":0,"max_hp_gain":0,"max_hp_loss":0,"event_name":"Purifier","floor":37,"gold_loss":0}],"is_beta":false,"boss_relics":[{"not_picked":["Honey Jar","Coffee Dripper"],"picked":"hubris:ScarierMask"},{"not_picked":["Painkiller Herb","hubris:GrandSneckoEye"],"picked":"SlaversCollar"}],"items_purged_floors":[20],"is_endless":false,"potions_floor_spawned":[1,7,12,16,23,24,31,33,35,38],"killed_by":"3 Darklings","ascension_level":0}}