{"host":"kg61lsvem4dxoat8","time":1611556301,"event":{"mods":["BaseMod","Colored Powertips","Minty Spire (QoL Compilation)","Quick Restart","Rare Cards Sparkle","Relic Stats","slay the spire mod where everything is the same but ironclad has a cowboy hat"],"gold_per_floor":[114,264,264,274,289,289,321,75,75,89,11,11,31,43,43,43,43],"floor_reached":16,"language":"ENG","playtime":325,"items_purged":["Accuracy"],"score":189,"play_id":"280a7a84-50d5-4a59-9f3b-0e1d39d01eaa","local_time":"20210125143141","is_ascension_mode":true,"campfire_choices":[{"data":"Noxious Fumes","floor":6.0,"key":"SMITH"},{"floor":12,"key":"REST"},{"floor":15,"key":"REST"}],"circlet_count":0,"master_deck":["AscendersBane","Strike_G","Strike_G","Strike_G","Strike_G","Strike_G","Defend_G","Defend_G","Defend_G","Defend_G","Defend_G","Survivor","Neutralize","Noxious Fumes+1","Catalyst","Deadly Poison","Noxious Fumes+1","Backstab"],"relics":["Ring of the Snake","NeowsBlessing","Frozen Egg 2","Bronze Scales","Blood Vial"],"acts_visited":["Exordium"],"potions_floor_usage":[7],"damage_taken":[{"damage":0.0,"enemies":"Small Slimes","floor":1.0,"turns":1.0},{"damage":0.0,"enemies":"Jaw Worm","floor":4.0,"turns":1.0},{"damage":0.0,"enemies":"Cultist","floor":5.0,"turns":1.0},{"damage":26,"enemies":"Lagavulin","floor":7,"turns":8},{"damage":2,"enemies":"3 Louse","floor":10,"turns":4},{"damage":30,"enemies":"Large Slime","floor":13,"turns":5},{"damage":9,"enemies":"Blue Slaver","floor":14,"turns":4},{"damage":41,"enemies":"Slime Boss","floor":16,"turns":8}],"seed_played":"5186171583010250188","potions_obtained":[{"floor":5.0,"key":"CunningPotion"},{"floor":13,"key":"LiquidBronze"}],"is_trial":false,"path_per_floor":["M","?","?","M","M","R","E","$","T","M","$","R","M","M","R","B"],"character_chosen":"THE_SILENT","items_purchased":["Bronze Scales","Noxious Fumes+1"],"campfire_rested":2,"item_purchase_floors":[8,11],"current_hp_per_floor":[59,59,59,59,59,59,33,33,33,33,33,52,24,17,36,0,0],"gold":43,"neow_bonus":"THREE_ENEMY_KILL","is_daily":false,"chose_seed":false,"campfire_upgraded":1,"win_rate":0.0,"timestamp":1611556301,"path_taken":["M","?","?","M","M","R","E","$","T","M","?","R","M","M","R","BOSS"],"items_purchased_type":["Relic","Card"],"build_version":"2020-12-22","purchased_purges":1,"victory":false,"max_hp_per_floor":[66,66,66,66,66,66,66,66,66,66,66,66,66,66,66,66,66],"relic_stats":{"Blood Vial":8,"counters":[8,32],"Bronze Scales":[48],"obtain_stats":[{"Blood Vial":9,"NeowsBlessing":0,"Bronze Scales":8,"Frozen Egg 2":7,"Ring of the Snake":0},{"Blood Vial":4,"NeowsBlessing":0,"Bronze Scales":4,"Frozen Egg 2":4,"Ring of the Snake":0},{"Blood Vial":11,"NeowsBlessing":0,"Bronze Scales":11,"Frozen Egg 2":11,"Ring of the Snake":0}],"Ring of the Snake":[16]},"card_choices":[{"not_picked":["Dagger Throw","Dash"],"picked":"Noxious Fumes","floor":1.0},{"not_picked":["Slice","Acrobatics"],"picked":"Accuracy","floor":4.0},{"not_picked":["Blur","Bane"],"picked":"Catalyst","floor":5.0},{"not_picked":["Prepared","Bane","Outmaneuver"],"picked":"SKIP","floor":7},{"not_picked":["Caltrops+1","Finisher"],"picked":"Deadly Poison","floor":10},{"not_picked":["Dodge and Roll","Setup","Bullet Time"],"picked":"SKIP","floor":13},{"not_picked":["Blade Dance","PiercingWail"],"picked":"Backstab","floor":14}],"player_experience":1393260,"relics_obtained":[{"floor":7,"key":"Frozen Egg 2"},{"floor":9,"key":"Blood Vial"}],"event_choices":[{"damage_healed":0.0,"max_hp_gain":0.0,"max_hp_loss":0.0,"gold_gain":150.0,"event_name":"Liars Game","player_choice":"AGREE","floor":2.0,"gold_loss":0.0,"damage_taken":0.0,"cards_obtained":["Doubt"]},{"cards_removed":["Doubt"],"damage_healed":0.0,"max_hp_gain":0.0,"max_hp_loss":0.0,"gold_gain":0.0,"event_name":"Living Wall","player_choice":"Forget","floor":3.0,"gold_loss":0.0,"damage_taken":0.0}],"is_beta":false,"boss_relics":[],"items_purged_floors":[8],"is_endless":false,"potions_floor_spawned":[5,13],"killed_by":"Slime Boss","ascension_level":17}}