{"host":"st1kg310ms6sytc5","time":1611589133,"event":{"mods":["Act Like it!","BaseMod","CapriCore","Downfall","Minty Spire (QoL Compilation)","StSLib","SuperFastMode"],"gold_per_floor":[99,99,249,249,249,249,330,176,193,222,234,244,129,129,141,237,237,137,151,151,166,180,209,209,38,38,52,52,72,91,123,141,241,241,141,153,153,164,179,179,179,204,254,243,143,156,172,182,195,195,195,225,18,18,18,18,18,18],"floor_reached":56,"language":"ZHS","playtime":9171,"items_purged":["bronze:Strike","downfall:Icky","Decay","bronze:Strike"],"score":871,"play_id":"4fff8121-5697-4132-b351-6b4f4fcb9b74","local_time":"20210125233853","is_ascension_mode":true,"campfire_choices":[{"data":"bronze:Replicate","floor":1.0,"key":"SMITH"},{"data":"bronze:Goto","floor":18.0,"key":"SMITH"},{"floor":28.0,"key":"RECALL"},{"data":"bronze:Repulsor","floor":35.0,"key":"SMITH"},{"data":"bronze:ClassDefault","floor":40.0,"key":"SMITH"},{"data":"bronze:FineTuning","floor":45.0,"key":"SMITH"},{"data":"bronze:Repulsor","floor":54,"key":"SMITH"}],"circlet_count":0,"master_deck":["bronze:Strike+1","bronze:Defend","bronze:Defend","bronze:Defend+1","bronze:Defend+1","bronze:Replicate+1","bronze:Goto+1","bronze:FineTuning","bronze:Repulsor+1","bronze:Boost+1","bronze:DelayedSlice+1","bronze:Branch","bronze:BitShift","bronze:FollowUp","bronze:ChosenStrike","bronze:Deprecate+1","bronze:ClassDefault+1","bronze:ForceShield","bronze:FunctionCard","bronze:Boost+1","bronze:Virus","bronze:FineTuning+1","bronze:FollowUp+1","bronze:Break+1","bronze:HardenedForm+1","bronze:Fortify","bronze:MaxOutput","bronze:Repulsor+1"],"relics":["bronze:BronzeCore","downfall:HeartsMalice","Pantograph","bronze:CableSpool","Runic Dome","downfall:HeartBlessingGreen","Strawberry","StrikeDummy","Medical Kit","Bottled Lightning","Astrolabe","downfall:HeartBlessingRed","The Courier","Ice Cream","Omamori","Whetstone","downfall:HeartBlessingBlue","War Paint"],"acts_visited":["Exordium","TheCity","TheBeyond","TheEnding"],"potions_floor_usage":[56,56,56],"damage_taken":[{"damage":0.0,"enemies":"Jaw Worm","floor":4.0,"turns":1.0},{"damage":0.0,"enemies":"2 Louse","floor":6.0,"turns":1.0},{"damage":0.0,"enemies":"downfall:FleeingMerchant","floor":8.0,"turns":1.0},{"damage":4.0,"enemies":"Small Slimes","floor":9.0,"turns":4.0},{"damage":54.0,"enemies":"Gremlin Nob","floor":10.0,"turns":6.0},{"damage":4.0,"enemies":"Red Slaver","floor":11.0,"turns":4.0},{"damage":0.0,"enemies":"2 Fungi Beasts","floor":12.0,"turns":3.0},{"damage":0.0,"enemies":"downfall:FleeingMerchant","floor":13.0,"turns":4.0},{"damage":10.0,"enemies":"Exordium Thugs","floor":15.0,"turns":5.0},{"damage":49.0,"enemies":"IC_STATUS_ARCHETYPE","floor":16.0,"turns":9.0},{"damage":13.0,"enemies":"Chosen","floor":19.0,"turns":6.0},{"damage":3.0,"enemies":"Snecko","floor":21.0,"turns":4.0},{"damage":30.0,"enemies":"Shelled Parasite and Fungi","floor":22.0,"turns":6.0},{"damage":2.0,"enemies":"Book of Stabbing","floor":23.0,"turns":6.0},{"damage":6.0,"enemies":"downfall:FleeingMerchant","floor":25.0,"turns":4.0},{"damage":0.0,"enemies":"Cultist and Chosen","floor":27.0,"turns":5.0},{"damage":31.0,"enemies":"Centurion and Healer","floor":29.0,"turns":7.0},{"damage":0.0,"enemies":"Chosen and Byrds","floor":30.0,"turns":5.0},{"damage":6.0,"enemies":"Slavers","floor":31.0,"turns":8.0},{"damage":8.0,"enemies":"Snecko","floor":32.0,"turns":6.0},{"damage":5.0,"enemies":"SI_MIRROR_ARCHETYPE","floor":33.0,"turns":6.0},{"damage":7.0,"enemies":"3 Shapes","floor":36.0,"turns":2.0},{"damage":5.0,"enemies":"Orb Walker","floor":38.0,"turns":4.0},{"damage":3.0,"enemies":"Spire Growth","floor":39.0,"turns":3.0},{"damage":6.0,"enemies":"Nemesis","floor":42.0,"turns":5.0},{"damage":0.0,"enemies":"Nemesis","floor":43.0,"turns":4.0},{"damage":1.0,"enemies":"downfall:FleeingMerchant","floor":44.0,"turns":3.0},{"damage":30.0,"enemies":"Writhing Mass","floor":46.0,"turns":4.0},{"damage":6.0,"enemies":"4 Shapes","floor":47.0,"turns":3.0},{"damage":0.0,"enemies":"3 Darklings","floor":48.0,"turns":3.0},{"damage":0.0,"enemies":"Transient","floor":49.0,"turns":5.0},{"damage":0.0,"enemies":"WA_ARCHETYPE_DIVINITY","floor":50.0,"turns":12.0},{"damage":52,"enemies":"downfall:CharBossMerchant","floor":52,"turns":8},{"damage":11,"enemies":"downfall:NeowBoss","floor":55,"turns":10},{"damage":76,"enemies":"downfall:NeowBossFinal","floor":56,"turns":8}],"seed_played":"-871738723246658796","potions_obtained":[{"floor":5.0,"key":"ColorlessPotion"},{"floor":5.0,"key":"SpeedPotion"},{"floor":5.0,"key":"LiquidMemories"},{"floor":11.0,"key":"LiquidBronze"},{"floor":12.0,"key":"ColorlessPotion"},{"floor":15.0,"key":"champ:CounterPotion"},{"floor":19.0,"key":"GamblersBrew"},{"floor":29.0,"key":"FearPotion"},{"floor":36.0,"key":"bronze:BurnAndBuffPotion"},{"floor":43.0,"key":"GamblersBrew"},{"floor":46.0,"key":"DistilledChaos"},{"floor":47.0,"key":"Dexterity Potion"}],"is_trial":false,"path_per_floor":["R","?","?","M","?","M","T","$","M","E","M","M","$","?","M","B",null,"R","M","?","M","M","E","T","$","?","M","R","M","M","E","M","B",null,"R","M","?","M","M","R","T","E","?","$","R","M","M","M","M","B",null,"E","$","R","B","B"],"character_chosen":"THE_AUTOMATON","items_purchased":["bronze:Repulsor","Medical Kit","Omamori","Whetstone","bronze:MaxOutput","bronze:Repulsor"],"campfire_rested":0,"item_purchase_floors":[8,25,44,44,53,53],"current_hp_per_floor":[70,70,70,70,70,70,70,70,70,24,20,34,42,70,60,28,70,70,58,58,63,40,52,52,54,54,54,54,31,45,53,52,72,77,77,70,70,65,62,62,62,56,77,76,86,56,50,50,50,75,87,35,35,35,49,0,0,0],"gold":18,"neow_bonus":"THREE_ENEMY_KILL","is_daily":false,"chose_seed":false,"campfire_upgraded":6,"win_rate":0.0,"timestamp":1611589133,"path_taken":["R","?","?","M","?","M","T","$","M","E","M","?","?","?","M","BOSS","R","M","?","M","M","E","T","$","?","M","R","M","?","E","M","BOSS","R","M","?","M","M","R","T","E","?","?","R","M","M","?","M","BOSS","E","$","R","BOSS","BOSS"],"items_purchased_type":["Card","Relic","Relic","Relic","Card","Card"],"build_version":"2020-12-22","purchased_purges":4,"victory":false,"max_hp_per_floor":[70,70,70,70,70,70,70,70,70,70,70,70,70,70,70,70,70,70,70,70,70,70,77,77,77,77,77,77,77,77,77,77,77,77,77,77,77,77,77,77,77,77,77,77,87,87,87,87,87,87,87,87,87,87,87,87,87,87],"card_choices":[{"not_picked":["bronze:BugBarrage","bronze:BuggyMess"],"picked":"bronze:Repair","floor":4.0},{"not_picked":["bronze:WhirlingStrike","bronze:Allocate"],"picked":"bronze:FineTuning","floor":6.0},{"not_picked":["bronze:WildBeam","bronze:Terminator"],"picked":"bronze:BugBarrage","floor":8.0},{"not_picked":["bronze:ItsAFeature","bronze:Safeguard"],"picked":"bronze:Overheat","floor":9.0},{"not_picked":["bronze:InfiniteBeams","bronze:Verify"],"picked":"bronze:Boost","floor":10.0},{"not_picked":["bronze:DelayedGuard","bronze:Allocate"],"picked":"bronze:DelayedSlice","floor":11.0},{"not_picked":["bronze:Overheat","bronze:Flail"],"picked":"bronze:Branch","floor":12.0},{"not_picked":["bronze:GetLatest","bronze:ForceShield"],"picked":"bronze:BitShift","floor":13.0},{"not_picked":["bronze:CutThrough","bronze:OilSpill","bronze:Iterate"],"picked":"SKIP","floor":15.0},{"not_picked":["bronze:CleanCode","bronze:RecursiveStrike"],"picked":"bronze:Hardcode","floor":16.0},{"not_picked":["bronze:WildBeam+1","bronze:Constructor"],"picked":"bronze:FollowUp","floor":19.0},{"not_picked":["bronze:Overheat","bronze:BitShift"],"picked":"bronze:ChosenStrike","floor":21.0},{"not_picked":["bronze:Iterate+1","bronze:ChildClass"],"picked":"bronze:Deprecate","floor":22.0},{"not_picked":["bronze:FollowUp","bronze:OilSpill"],"picked":"bronze:ClassDefault","floor":23.0},{"not_picked":["bronze:Flail","bronze:DelayedSlice"],"picked":"bronze:ForceShield","floor":25.0},{"not_picked":["bronze:Repair+1","bronze:OilSpill+1","bronze:WhirlingStrike"],"picked":"SKIP","floor":27.0},{"not_picked":["bronze:WhirlingStrike","bronze:OilSpill"],"picked":"bronze:Boost+1","floor":29.0},{"not_picked":["bronze:OilSpill+1","bronze:WhirlingStrike","bronze:Allocate"],"picked":"SKIP","floor":30.0},{"not_picked":["bronze:Overheat","bronze:FineTuning"],"picked":"bronze:Virus","floor":31.0},{"not_picked":["bronze:Turbo","bronze:Invalidate"],"picked":"bronze:FineTuning","floor":32.0},{"not_picked":["bronze:GetLatest","bronze:CutThrough+1"],"picked":"bronze:Fortify","floor":36.0},{"not_picked":["bronze:BitShift+1","bronze:Iterate+1","bronze:WhirlingStrike+1"],"picked":"SKIP","floor":38.0},{"not_picked":["bronze:WildBeam+1","bronze:CutThrough","bronze:Iterate"],"picked":"SKIP","floor":39.0},{"not_picked":["bronze:Frontload+1","bronze:CloningBeam","bronze:OilSpill+1"],"picked":"SKIP","floor":42.0},{"not_picked":["bronze:WildBeam","bronze:Library","bronze:BuggyMess"],"picked":"SKIP","floor":44.0},{"not_picked":["bronze:Overheat","bronze:DelayedSlice","bronze:FollowUp+1"],"picked":"SKIP","floor":46.0},{"not_picked":["bronze:BuggyMess","bronze:Deprecate+1","bronze:CutThrough"],"picked":"SKIP","floor":47.0},{"not_picked":["bronze:BugBarrage+1","bronze:CutThrough+1","bronze:FollowUp"],"picked":"SKIP","floor":48.0},{"not_picked":["bronze:WhirlingStrike","bronze:OilSpill","bronze:BuggyMess+1"],"picked":"SKIP","floor":49.0},{"not_picked":["bronze:Overload+1","bronze:CutThrough+1","bronze:BitShift"],"picked":"SKIP","floor":52}],"player_experience":1559751,"relics_obtained":[{"floor":7.0,"key":"Pantograph"},{"floor":10.0,"key":"bronze:CableSpool"},{"floor":23.0,"key":"Strawberry"},{"floor":24.0,"key":"StrikeDummy"},{"floor":31.0,"key":"Bottled Lightning"},{"floor":42.0,"key":"The Courier"},{"floor":43.0,"key":"Ice Cream"},{"floor":52,"key":"War Paint"}],"event_choices":[{"damage_healed":0.0,"max_hp_gain":0.0,"max_hp_loss":0.0,"gold_gain":0.0,"event_name":"Lab","player_choice":"Got Potions","floor":5.0,"gold_loss":0.0,"damage_taken":0.0},{"damage_healed":28.0,"max_hp_gain":0.0,"max_hp_loss":0.0,"gold_gain":0.0,"event_name":"Wheel of Change","player_choice":"Full Heal","floor":14.0,"gold_loss":0.0,"damage_taken":0.0},{"cards_removed":["bronze:Repair"],"damage_healed":0.0,"max_hp_gain":0.0,"max_hp_loss":0.0,"gold_gain":0.0,"event_name":"Falling","player_choice":"Removed Skill","floor":37.0,"gold_loss":0.0,"damage_taken":0.0}],"is_beta":false,"boss_relics":[{"not_picked":["Empty Cage","Tiny House"],"picked":"Runic Dome"},{"not_picked":["SacredBark","Fusion Hammer"],"picked":"Astrolabe"}],"items_purged_floors":[8,13,44,53],"is_endless":false,"potions_floor_spawned":[11,12,15,19,29,30,36,43,46,47,48,49,52],"killed_by":"downfall:NeowBossFinal","ascension_level":2}}