{"host":"3a5itcmwo6ddh3id","time":1611589330,"event":{"mods":["BaseMod","Colored Map","Colored Powertips","Minty Spire (QoL Compilation)","Relic Stats"],"gold_per_floor":[110,128,88,9,9,9,22,33,59,59,89,89,124,136,136,213,213,224,224,237,237,256,256,256,256],"floor_reached":24,"language":"ENG","playtime":984,"items_purged":[],"score":437,"play_id":"6d1ce317-9437-487e-8a80-9267b680b2e3","local_time":"20210125094210","is_ascension_mode":true,"campfire_choices":[{"data":"Neutralize","floor":6.0,"key":"SMITH"},{"floor":12.0,"key":"REST"},{"floor":15.0,"key":"REST"},{"floor":23,"key":"REST"}],"circlet_count":0,"master_deck":["AscendersBane","Defend_G+1","Defend_G+1","Defend_G+1","Defend_G+1","Defend_G+1","Survivor","Neutralize+1","Flying Knee","Poisoned Stab","Dash","Dagger Spray","Dodge and Roll","Corpse Explosion","Envenom","Blur","Footwork","Deadly Poison","After Image","Footwork","Backstab","Bite","Bite","Bite","Bite","Bite","PiercingWail","Malaise"],"relics":["SlaversCollar","Akabeko","Snake Skull","Dream Catcher","Philosopher\u0027s Stone"],"acts_visited":["Exordium","TheCity"],"potions_floor_usage":[24],"damage_taken":[{"damage":17.0,"enemies":"Jaw Worm","floor":1.0,"turns":6.0},{"damage":4.0,"enemies":"Cultist","floor":2.0,"turns":5.0},{"damage":1.0,"enemies":"Small Slimes","floor":7.0,"turns":4.0},{"damage":10.0,"enemies":"Gremlin Gang","floor":8.0,"turns":4.0},{"damage":22.0,"enemies":"Gremlin Nob","floor":11.0,"turns":4.0},{"damage":7.0,"enemies":"3 Sentries","floor":13.0,"turns":4.0},{"damage":3.0,"enemies":"Blue Slaver","floor":14.0,"turns":4.0},{"damage":23.0,"enemies":"Slime Boss","floor":16.0,"turns":10.0},{"damage":19.0,"enemies":"2 Thieves","floor":18.0,"turns":2.0},{"damage":14,"enemies":"Shell Parasite","floor":20,"turns":6},{"damage":22,"enemies":"Snake Plant","floor":22,"turns":5},{"damage":26,"enemies":"Slavers","floor":24,"turns":1}],"seed_played":"-3146456738861032225","potions_obtained":[{"floor":3.0,"key":"PowerPotion"},{"floor":3.0,"key":"CunningPotion"},{"floor":11.0,"key":"Block Potion"},{"floor":16.0,"key":"SteroidPotion"},{"floor":20,"key":"PowerPotion"}],"is_trial":false,"path_per_floor":["M","M","?","$","?","R","M","M","T","?","E","R","E","M","R","B",null,"M","?","M","?","M","R","E"],"character_chosen":"THE_SILENT","items_purchased":["Dash"],"campfire_rested":3,"item_purchase_floors":[4],"current_hp_per_floor":[42,38,38,38,38,38,37,27,27,27,5,24,17,14,33,10,52,33,33,19,19,5,18,0,0],"gold":256,"neow_bonus":"BOSS_RELIC","is_daily":false,"chose_seed":false,"campfire_upgraded":1,"win_rate":0.0,"timestamp":1611589330,"path_taken":["M","M","?","?","?","R","?","M","T","?","E","R","E","M","R","BOSS","M","?","M","?","M","R","E"],"items_purchased_type":["Card"],"build_version":"2020-12-22","purchased_purges":0,"victory":false,"max_hp_per_floor":[66,66,66,66,66,66,66,66,66,66,66,66,66,66,66,66,66,66,66,66,46,46,46,46,46],"relic_stats":{"Dream Catcher":2,"counters":[12,55],"Snake Skull":[40],"obtain_stats":[{"SlaversCollar":0,"Dream Catcher":13,"Philosopher\u0027s Stone":17,"Snake Skull":11,"Akabeko":9,"Ring of the Snake":0},{"SlaversCollar":0,"Dream Catcher":6,"Philosopher\u0027s Stone":8,"Snake Skull":5,"Akabeko":4,"Ring of the Snake":0},{"SlaversCollar":0,"Dream Catcher":27,"Philosopher\u0027s Stone":41,"Snake Skull":23,"Akabeko":19,"Ring of the Snake":0}]},"card_choices":[{"not_picked":["Bane","Tactician"],"picked":"Flying Knee","floor":1.0},{"not_picked":["Deflect","Cloak And Dagger"],"picked":"Poisoned Stab","floor":2.0},{"not_picked":["Well Laid Plans","Dodge and Roll"],"picked":"Dagger Spray","floor":7.0},{"not_picked":["Dagger Throw","Acrobatics"],"picked":"Dodge and Roll","floor":8.0},{"not_picked":["Prepared","Accuracy"],"picked":"Envenom","floor":11.0},{"not_picked":["Flechettes","Accuracy"],"picked":"Blur","floor":13.0},{"not_picked":["Outmaneuver","Slice"],"picked":"Footwork","floor":14.0},{"not_picked":["Underhanded Strike","Poisoned Stab"],"picked":"Deadly Poison","floor":15.0},{"not_picked":["Storm of Steel","Bullet Time"],"picked":"After Image","floor":16.0},{"not_picked":["Skewer","Bane"],"picked":"Footwork","floor":18.0},{"not_picked":["Masterful Stab","Concentrate"],"picked":"Backstab","floor":20},{"not_picked":["Well Laid Plans","Catalyst"],"picked":"PiercingWail","floor":22},{"not_picked":["Dagger Throw","Dagger Spray"],"picked":"Malaise","floor":23}],"player_experience":1096338,"relics_obtained":[{"floor":9.0,"key":"Akabeko"},{"floor":11.0,"key":"Snake Skull"},{"floor":13.0,"key":"Dream Catcher"}],"event_choices":[{"damage_healed":0.0,"max_hp_gain":0.0,"max_hp_loss":0.0,"gold_gain":0.0,"event_name":"The Woman in Blue","player_choice":"Bought 3 Potions","floor":3.0,"gold_loss":0.0,"damage_taken":0.0},{"damage_healed":0.0,"max_hp_gain":0.0,"max_hp_loss":0.0,"gold_gain":0.0,"event_name":"Lab","player_choice":"Got Potions","floor":5.0,"gold_loss":0.0,"damage_taken":0.0},{"damage_healed":0.0,"max_hp_gain":0.0,"max_hp_loss":0.0,"gold_gain":0.0,"cards_transformed":["Strike_G"],"event_name":"Living Wall","player_choice":"Change","floor":10.0,"gold_loss":0.0,"damage_taken":0.0,"cards_obtained":["Corpse Explosion"]},{"damage_healed":0,"gold_gain":0,"player_choice":"Simplicity","damage_taken":0,"max_hp_gain":0,"max_hp_loss":0,"event_name":"Back to Basics","floor":19,"gold_loss":0,"cards_upgraded":["Strike_G","Strike_G","Strike_G","Strike_G","Defend_G","Defend_G","Defend_G","Defend_G","Defend_G"]},{"damage_healed":0,"gold_gain":0,"player_choice":"Became a vampire","damage_taken":0,"max_hp_gain":0,"max_hp_loss":20,"event_name":"Vampires","floor":21,"gold_loss":0,"cards_obtained":["Bite","Bite","Bite","Bite","Bite"]}],"is_beta":false,"boss_relics":[{"not_picked":["Ectoplasm","HoveringKite"],"picked":"Philosopher\u0027s Stone"}],"items_purged_floors":[],"is_endless":false,"potions_floor_spawned":[7,11,16,20],"killed_by":"Slavers","ascension_level":20}}