{"host":"Arthrogeddon","time":1611597577,"event":{"mods":["BaseMod","Beaked The Cultist","ChefMod","Downfall","Glutton Mod","Hermit","Highlight Path","Infinite Spire","Mad Scientist","Minty Spire (QoL Compilation)","StSLib","The Construct","The Cursed","The Disciple","The Hierophant","The Marked","The Mystic","The Necromancer","The Runesmith","The Witch"],"gold_per_floor":[116,116,136,136,151,151,169,195,195,230,230,305,305,324,324,445,445,468,468,468,486,499,499,524,524,524,555,574,599,599,447,447,577,577,601,614,348,414,477,477,502,502,525,143,143,156,156,170,170,170],"floor_reached":51,"language":"ENG","playtime":4681,"items_purged":["Necrotic_Claws"],"score":676,"play_id":"10c09bdb-3f1d-4459-a0ac-59ca2b84b7b5","local_time":"20210125185937","daily_mods":["Draft","Heirloom"],"is_ascension_mode":false,"campfire_choices":[{"data":"Summon_Lich","floor":6,"key":"SMITH"},{"data":"Summon_Lich","floor":11,"key":"SMITH"},{"floor":15,"key":"REST"},{"data":"Toxic_Smoke_Screen","floor":23,"key":"SMITH"},{"data":"Toxic_Smoke_Screen","floor":25,"key":"SMITH"},{"data":"Spectral_Armor","floor":32,"key":"SMITH"},{"floor":40,"key":"REST"},{"floor":47,"key":"REST"},{"floor":49,"key":"REST"}],"circlet_count":0,"master_deck":["Necrotic_Claws","Bone_Prison","Bone_Armor","Summon_Lich+1","Toxic_Smoke_Screen+1","Uncharnel","Life_Drain","Negative_Energy_Javelin","Summon_Lich+1","Slay_Living","Siphon_Strength","Acid_Javelin","Grasp_Heart","Stop_Heart","Grasp_Heart","Toxic_Smoke_Screen+1","Toxic_Smoke_Screen","Toxic_Smoke_Screen+1","Spectral_Armor+1","Bone_Armor+1","Necronomicurse","Cloudkill","Toxic_Smoke_Screen+1","Apotheosis","infinitespire:FutureSight","Spectral_Walk"],"relics":["Vampire_Amulet","Turnip","infinitespire:CursedDice","Spirit Poop","infinitespire:Eraser","Runesmith:Nanobots","MealTicket","Golden Idol","Empty Cage","MutagenicStrength","Strawberry","Ornamental Fan","Necronomicon","Medical Kit","SlaversCollar","Bird Faced Urn","Girya","Ancient Tea Set","Runesmith:Locket"],"acts_visited":["Exordium","TheCity","TheBeyond"],"potions_floor_usage":[21,33,33,38,38,50,50,50],"damage_taken":[{"damage":1,"enemies":"Small Slimes","floor":1,"turns":3},{"damage":1,"enemies":"2 Louse","floor":3,"turns":3},{"damage":0,"enemies":"Cultist","floor":5,"turns":2},{"damage":5,"enemies":"Exordium Wildlife","floor":7,"turns":3},{"damage":24,"enemies":"3 Sentries","floor":8,"turns":4},{"damage":13,"enemies":"Lagavulin","floor":10,"turns":4},{"damage":0,"enemies":"Large Slime","floor":14,"turns":3},{"damage":32,"enemies":"The Guardian","floor":16,"turns":8},{"damage":12,"enemies":"Shell Parasite","floor":18,"turns":3},{"damage":7,"enemies":"2 Thieves","floor":21,"turns":4},{"damage":10,"enemies":"Chosen and Byrds","floor":22,"turns":5},{"damage":10,"enemies":"3 Cultists","floor":24,"turns":5},{"damage":25,"enemies":"Book of Stabbing","floor":27,"turns":5},{"damage":4,"enemies":"Snake Plant","floor":28,"turns":3},{"damage":2,"enemies":"Cultist and Chosen","floor":29,"turns":5},{"damage":32,"enemies":"Collector","floor":33,"turns":8},{"damage":8,"enemies":"3 Shapes","floor":35,"turns":4},{"damage":29,"enemies":"3 Darklings","floor":36,"turns":6},{"damage":60,"enemies":"2 Orb Walkers","floor":38,"turns":7},{"damage":4,"enemies":"Mind Bloom Boss Battle","floor":39,"turns":5},{"damage":14,"enemies":"Jaw Worm Horde","floor":41,"turns":5},{"damage":28,"enemies":"Spire Growth","floor":46,"turns":6},{"damage":19,"enemies":"Writhing Mass","floor":48,"turns":5},{"damage":45,"enemies":"Time Eater","floor":50,"turns":8}],"seed_played":"1351110682554027841","potions_obtained":[{"floor":3,"key":"BlessingOfTheForge"},{"floor":5,"key":"GamblersBrew"},{"floor":14,"key":"AttackPotion"},{"floor":16,"key":"Energy Potion"},{"floor":21,"key":"SteroidPotion"},{"floor":33,"key":"SteroidPotion"},{"floor":36,"key":"Weak Potion"},{"floor":39,"key":"Strength Potion"},{"floor":41,"key":"Guardian:BlockOnCardUsePotion"}],"is_trial":true,"path_per_floor":["M","?","M","?","M","R","M","E","T","E","R","?","?","M","R","B",null,"M","?","?","M","M","R","M","R","T","E","M","M","?","$","R","B",null,"M","M","$","?","?","R","M","?","T","$","?","M","R","M","R","B",null],"character_chosen":"NECROMANCER","items_purchased":["Medical Kit","Apotheosis","bronze:BurnAndBuffPotion","Runesmith:Locket"],"campfire_rested":4,"item_purchase_floors":[31,37,44,44],"current_hp_per_floor":[75,75,75,75,75,75,74,56,56,51,51,40,22,26,48,18,75,65,65,65,68,62,62,64,64,71,58,56,64,48,63,63,37,82,80,59,74,28,36,60,54,54,54,69,48,30,54,45,69,30],"gold":170,"neow_bonus":"","is_daily":false,"chose_seed":false,"campfire_upgraded":5,"win_rate":0.0,"timestamp":1611597577,"path_taken":["M","?","M","?","M","R","?","E","T","E","R","?","?","M","R","BOSS","M","?","?","M","M","R","M","R","T","E","M","?","?","$","R","BOSS","M","M","$","?","?","R","M","?","T","$","?","M","R","M","R","BOSS"],"items_purchased_type":["Relic","Card","Potion","Relic"],"build_version":"2020-11-17","purchased_purges":1,"victory":true,"max_hp_per_floor":[75,75,75,75,75,75,75,75,75,75,75,75,75,75,75,75,75,75,75,75,75,75,75,75,75,82,82,82,82,82,82,82,82,82,82,82,82,82,82,82,82,82,82,82,82,82,82,82,82,82],"card_choices":[{"not_picked":["Negative_Energy_Mist","Thousand_Bone_Knives"],"picked":"Necrotic_Claws","floor":0},{"not_picked":["Corrupt","Life_Tap"],"picked":"Bone_Prison","floor":0},{"not_picked":["Uncharnel","Death_Coil"],"picked":"Bone_Armor","floor":0},{"not_picked":["Negative_Energy_Sphere","Shackles_Of_Pain"],"picked":"Summon_Lich","floor":0},{"not_picked":["Flesh_Made_Foul","Chill_Blood"],"picked":"Toxic_Smoke_Screen","floor":0},{"not_picked":["Finger_Of_Death","Blood_Whip"],"picked":"Negative_Energy_Sphere","floor":0},{"not_picked":["Blood_Whip","Bones_to_Steel"],"picked":"Uncharnel","floor":0},{"not_picked":["Bone_Prison","Necromantic_Selection"],"picked":"Necrotic_Claws","floor":0},{"not_picked":["Exploit","Vampiric_Strike"],"picked":"Life_Drain","floor":0},{"not_picked":["Negative_Energy_Mist","Death_March_Dance"],"picked":"Whirlwind_of_Bones","floor":0},{"not_picked":["Scare","Finger_Of_Death"],"picked":"Negative_Energy_Javelin","floor":0},{"not_picked":["Epidemic","Violent_Necrosis"],"picked":"Finger_Of_Death","floor":0},{"not_picked":["Scare","Bone_Bullets"],"picked":"Summon_Lich","floor":0},{"not_picked":["Bones_to_Steel","Death_March_Dance"],"picked":"Slay_Living","floor":0},{"not_picked":["Exploit","Violent_Necrosis"],"picked":"Siphon_Strength","floor":0},{"not_picked":["Life_Tap","Consume_Illness","Whirlwind_of_Bones"],"picked":"SKIP","floor":1},{"not_picked":["Chill_Blood","Death_Knell","Uncharnel"],"picked":"SKIP","floor":3},{"not_picked":["Plague_Bolt","Finger_Of_Death"],"picked":"Acid_Javelin","floor":5},{"not_picked":["Death_Coil","Exploit","Deaths_Shadow"],"picked":"SKIP","floor":7},{"not_picked":["Life_Drain","Reap_The_Weak"],"picked":"Grasp_Heart","floor":8},{"not_picked":["Vampiric_Strike","Acid_Javelin","Exploit"],"picked":"SKIP","floor":10},{"not_picked":["Blood_Curse","Blood_Whip"],"picked":"Stop_Heart","floor":14},{"not_picked":["Reap_The_Weak","Blood_Magic"],"picked":"Grasp_Heart","floor":16},{"not_picked":["Shackles_Of_Pain","Scare"],"picked":"Toxic_Smoke_Screen","floor":18},{"not_picked":["Shade_Step","Stop_Heart"],"picked":"Toxic_Smoke_Screen","floor":21},{"not_picked":["Scare+1","Violent_Necrosis","Thousand_Bone_Knives"],"picked":"SKIP","floor":22},{"not_picked":["Death_March_Dance","Whirlwind_of_Bones","Death_Coil"],"picked":"SKIP","floor":24},{"not_picked":["Summon_Lich","Blood_Shield+1"],"picked":"Toxic_Smoke_Screen+1","floor":27},{"not_picked":["Blood_for_Blood","Epidemic+1"],"picked":"Spectral_Armor","floor":28},{"not_picked":["Summon_Death_Knight","Stop_Heart"],"picked":"Bone_Armor+1","floor":29},{"not_picked":["Summon_Death_Knight","Detonate_Bones"],"picked":"Cloudkill","floor":33},{"not_picked":["Pandemic+1","Siphon_Strength+1"],"picked":"Toxic_Smoke_Screen+1","floor":35},{"not_picked":["Negative_Energy_Shield+1","Consume_Illness","Bone_Bullets+1"],"picked":"SKIP","floor":36},{"not_picked":["Life_Drain","Bone_Armor+1","Corrupt+1"],"picked":"SKIP","floor":41},{"not_picked":["infinitespire:Gouge","infinitespire:SealOfDarkness+"],"picked":"infinitespire:FutureSight","floor":45},{"not_picked":["Bone_Armory+1","Necrotic_Claws"],"picked":"Spectral_Walk","floor":46},{"not_picked":["Plague_Bolt","Bone_Bullets","Violent_Necrosis"],"picked":"SKIP","floor":48}],"player_experience":18550,"relics_obtained":[{"floor":8,"key":"infinitespire:Eraser"},{"floor":9,"key":"Runesmith:Nanobots"},{"floor":10,"key":"MealTicket"},{"floor":26,"key":"Strawberry"},{"floor":27,"key":"Ornamental Fan"},{"floor":30,"key":"Necronomicon"},{"floor":38,"key":"Bird Faced Urn"},{"floor":39,"key":"Girya"},{"floor":43,"key":"Ancient Tea Set"}],"event_choices":[{"damage_healed":0,"gold_gain":0,"player_choice":"Box","damage_taken":0,"relics_obtained":["infinitespire:CursedDice"],"max_hp_gain":0,"max_hp_loss":0,"event_name":"Big Fish","floor":2,"gold_loss":0,"cards_obtained":["Regret"]},{"cards_removed":["Regret"],"damage_healed":0,"gold_gain":0,"player_choice":"Offered Curse","damage_taken":0,"relics_obtained":["Spirit Poop"],"max_hp_gain":0,"max_hp_loss":0,"event_name":"Bonfire Elementals","floor":4,"gold_loss":0},{"damage_healed":0,"gold_gain":75,"player_choice":"Gather Gold","damage_taken":11,"max_hp_gain":0,"max_hp_loss":0,"event_name":"World of Goop","floor":12,"gold_loss":0},{"damage_healed":0,"gold_gain":0,"player_choice":"Take Damage","damage_taken":18,"relics_obtained":["Golden Idol"],"max_hp_gain":0,"max_hp_loss":0,"event_name":"Golden Idol","floor":13,"gold_loss":0},{"damage_healed":0,"gold_gain":0,"player_choice":"Inject Mutagens","damage_taken":0,"relics_obtained":["MutagenicStrength"],"max_hp_gain":0,"max_hp_loss":0,"event_name":"Drug Dealer","floor":19,"gold_loss":0},{"cards_removed":["Negative_Energy_Sphere"],"damage_healed":0,"gold_gain":0,"player_choice":"Purged","damage_taken":0,"max_hp_gain":0,"max_hp_loss":0,"event_name":"Purifier","floor":20,"gold_loss":0},{"damage_healed":0,"gold_gain":0,"player_choice":"Obtained Book","damage_taken":16,"max_hp_gain":0,"max_hp_loss":0,"event_name":"Cursed Tome","floor":30,"gold_loss":0},{"damage_healed":0,"gold_gain":0,"player_choice":"Fight","damage_taken":0,"max_hp_gain":0,"max_hp_loss":0,"event_name":"Mysterious Sphere","floor":38,"gold_loss":0},{"damage_healed":0,"gold_gain":0,"player_choice":"Fight","damage_taken":0,"max_hp_gain":0,"max_hp_loss":0,"event_name":"MindBloom","floor":39,"gold_loss":0},{"damage_healed":0,"gold_gain":0,"player_choice":"Ignored","damage_taken":0,"max_hp_gain":0,"max_hp_loss":0,"event_name":"Tomb of Lord Red Mask","floor":42,"gold_loss":0}],"is_beta":true,"boss_relics":[{"not_picked":["infinitespire:Cupcake","Astrolabe"],"picked":"Empty Cage"},{"not_picked":["Calling Bell","SacredBark"],"picked":"SlaversCollar"}],"items_purged_floors":[37],"is_endless":false,"potions_floor_spawned":[3,5,14,16,18,21,33,36,39,41,46,48],"ascension_level":0}}