{"host":"opyh6vr790e42ffe","time":1611546753,"event":{"mods":["BaseMod","Bestiary","Colored Map","Highlight Path","Minty Spire (QoL Compilation)","Relic Stats","StSLib"],"gold_per_floor":[117,16,33,108,124,124,135,135,158,199,2,2,30,73,85,205,217,255,267,305,317,346,400,412,424,424],"floor_reached":25,"language":"ENG","playtime":958,"items_purged":["Strike_B","Strike_B"],"score":243,"play_id":"927a95bb-2c6e-43c4-919e-f5ca6d1e4c6a","local_time":"20210124195233","is_ascension_mode":true,"campfire_choices":[{"data":"Ball Lightning","floor":6,"key":"SMITH"},{"data":"Barrage","floor":8,"key":"SMITH"},{"floor":12,"key":"REST"},{"floor":15,"key":"REST"},{"data":"Capacitor","floor":24,"key":"SMITH"}],"circlet_count":0,"master_deck":["Strike_B","Strike_B","Defend_B","Defend_B","Zap","Dualcast","Conserve Battery","Ball Lightning+1","Rebound","Cold Snap","Barrage+1","Rip and Tear","Capacitor","Consume+1","Capacitor+1","Machine Learning","Force Field","Steam","Storm+1"],"relics":["Cracked Core","CeramicFish","Omamori","MawBank","Runic Pyramid","Toy Ornithopter"],"acts_visited":["Exordium","TheCity"],"potions_floor_usage":[18,23,25],"damage_taken":[{"damage":0,"enemies":"2 Louse","floor":1,"turns":3},{"damage":0,"enemies":"Small Slimes","floor":3,"turns":2},{"damage":0,"enemies":"Cultist","floor":5,"turns":3},{"damage":7,"enemies":"2 Fungi Beasts","floor":7,"turns":3},{"damage":9,"enemies":"Lagavulin","floor":10,"turns":4},{"damage":13,"enemies":"Red Slaver","floor":13,"turns":2},{"damage":18,"enemies":"3 Sentries","floor":14,"turns":6},{"damage":7,"enemies":"Slime Boss","floor":16,"turns":9},{"damage":20,"enemies":"2 Thieves","floor":18,"turns":3},{"damage":12,"enemies":"Spheric Guardian","floor":20,"turns":6},{"damage":14,"enemies":"Cultist and Chosen","floor":22,"turns":6},{"damage":26,"enemies":"Book of Stabbing","floor":23,"turns":6},{"damage":59,"enemies":"Slavers","floor":25,"turns":4}],"seed_played":"6070045562267175788","potions_obtained":[{"floor":3,"key":"SneckoOil"},{"floor":7,"key":"SneckoOil"},{"floor":13,"key":"EssenceOfDarkness"},{"floor":16,"key":"FearPotion"},{"floor":22,"key":"FocusPotion"}],"is_trial":false,"path_per_floor":["M","$","M","?","M","R","M","R","T","E","$","R","M","E","R","B",null,"M","?","M","?","M","E","R","E"],"character_chosen":"DEFECT","items_purchased":["Ball Lightning","Capacitor","Consume"],"campfire_rested":2,"item_purchase_floors":[2,11,11],"current_hp_per_floor":[54,54,54,43,43,43,36,36,36,27,27,49,36,18,40,33,75,55,55,43,85,71,45,45,0,0],"gold":424,"neow_bonus":"REMOVE_TWO","is_daily":false,"chose_seed":false,"campfire_upgraded":3,"win_rate":0.0,"timestamp":1611546753,"path_taken":["M","$","M","?","M","R","M","R","T","E","$","R","M","E","R","BOSS","M","?","?","?","M","E","R","E"],"items_purchased_type":["Card","Card","Card"],"build_version":"2020-12-22","purchased_purges":2,"victory":false,"max_hp_per_floor":[75,75,75,75,75,75,75,75,75,75,75,75,75,75,75,75,75,75,75,75,85,85,85,85,85,85],"relic_stats":{"counters":[13,57],"CeramicFish":81,"MawBank":132,"obtain_stats":[{"CeramicFish":9,"Omamori":10,"Cracked Core":0,"MawBank":14,"Toy Ornithopter":23,"Runic Pyramid":17},{"CeramicFish":4,"Omamori":5,"Cracked Core":0,"MawBank":7,"Toy Ornithopter":12,"Runic Pyramid":8},{"CeramicFish":11,"Omamori":15,"Cracked Core":0,"MawBank":23,"Toy Ornithopter":53,"Runic Pyramid":32}],"Toy Ornithopter":5},"card_choices":[{"not_picked":["Steam","Barrage"],"picked":"Conserve Battery","floor":1},{"not_picked":["Stack","Coolheaded"],"picked":"Rebound","floor":3},{"not_picked":["Turbo","Compile Driver"],"picked":"Cold Snap","floor":5},{"not_picked":["Go for the Eyes","Hologram"],"picked":"Barrage","floor":7},{"not_picked":["Leap","Steam"],"picked":"Rip and Tear","floor":10},{"not_picked":["White Noise","Coolheaded"],"picked":"Core Surge","floor":13},{"not_picked":["Steam","Compile Driver"],"picked":"Capacitor","floor":14},{"not_picked":["Meteor Strike","Multi-Cast"],"picked":"Machine Learning","floor":16},{"not_picked":["Reprogram+1","Sweeping Beam+1"],"picked":"Force Field","floor":18},{"not_picked":["Gash","Beam Cell"],"picked":"Steam","floor":20},{"not_picked":["Lockon","Go for the Eyes","Redo"],"picked":"SKIP","floor":22},{"not_picked":["Doom and Gloom","Thunder Strike"],"picked":"Storm+1","floor":23}],"player_experience":2463907,"relics_obtained":[{"floor":9,"key":"CeramicFish"},{"floor":10,"key":"Omamori"},{"floor":14,"key":"MawBank"},{"floor":23,"key":"Toy Ornithopter"}],"event_choices":[{"damage_healed":0,"gold_gain":75,"player_choice":"Gather Gold","damage_taken":11,"max_hp_gain":0,"max_hp_loss":0,"event_name":"World of Goop","floor":4,"gold_loss":0},{"damage_healed":0,"gold_gain":0,"player_choice":"Upgraded","damage_taken":0,"max_hp_gain":0,"max_hp_loss":0,"event_name":"Upgrade Shrine","floor":19,"gold_loss":0,"cards_upgraded":["Consume"]},{"cards_removed":["Core Surge"],"damage_healed":32,"gold_gain":0,"player_choice":"Offered Rare","damage_taken":0,"max_hp_gain":10,"max_hp_loss":0,"event_name":"Bonfire Elementals","floor":21,"gold_loss":0}],"is_beta":false,"boss_relics":[{"not_picked":["Calling Bell","FrozenCore"],"picked":"Runic Pyramid"}],"items_purged_floors":[2,11],"is_endless":false,"potions_floor_spawned":[3,7,13,16,22],"killed_by":"Slavers","ascension_level":1}}