{"host":"7gewg82ormp6yt4e","time":1611576271,"event":{"mods":["BaseMod","Block Reminder","Colored Map","DeckTracker","Highlight Path","Minty Spire (QoL Compilation)","Relic Stats","StSLib","ojb\u0027s Info Mod"],"gold_per_floor":[113,188,198,163,179,179,209,42,42,42,68,68,139,179,179,253,253,286,286,297,6,21,21,21,53,107,107,107],"floor_reached":27,"language":"JPN","playtime":1192,"items_purged":[],"score":548,"play_id":"793a5a4d-0d64-4672-b105-ff9a2c98af47","local_time":"20210125210431","is_ascension_mode":true,"campfire_choices":[{"data":"Rip and Tear","floor":6.0,"key":"SMITH"},{"floor":10.0,"key":"REST"},{"data":"Loop","floor":12,"key":"SMITH"},{"floor":15,"key":"REST"},{"data":"1","floor":23,"key":"LIFT"}],"circlet_count":0,"master_deck":["AscendersBane","Zap","Dualcast","Darkness","BootSequence","Loop+1","Streamline","Rip and Tear+1","Reprogram","Rainbow","Undo","Cold Snap","Leap","Conserve Battery","Ball Lightning","Reprogram","Scrape","Meteor Strike","White Noise","Rip and Tear+1","Apotheosis","Chaos"],"relics":["Pandora\u0027s Box","Turnip","Toolbox","Girya","Coffee Dripper","GremlinMask","Bag of Preparation","Strawberry"],"acts_visited":["Exordium","TheCity"],"potions_floor_usage":[13,16,25,25],"damage_taken":[{"damage":4.0,"enemies":"Cultist","floor":1.0,"turns":3.0},{"damage":2.0,"enemies":"Jaw Worm","floor":3.0,"turns":3.0},{"damage":10.0,"enemies":"Small Slimes","floor":5.0,"turns":3.0},{"damage":42.0,"enemies":"Gremlin Nob","floor":7.0,"turns":5.0},{"damage":0,"enemies":"Lagavulin","floor":11,"turns":5},{"damage":10,"enemies":"3 Sentries","floor":13,"turns":5},{"damage":12,"enemies":"Exordium Thugs","floor":14,"turns":5},{"damage":9,"enemies":"Hexaghost","floor":16,"turns":6},{"damage":11,"enemies":"Spheric Guardian","floor":18,"turns":4},{"damage":20,"enemies":"Chosen","floor":20,"turns":4},{"damage":13,"enemies":"Snake Plant","floor":22,"turns":4},{"damage":40,"enemies":"Slavers","floor":25,"turns":4},{"damage":15,"enemies":"Shelled Parasite and Fungi","floor":27,"turns":1}],"seed_played":"-4809523512422393724","potions_obtained":[{"floor":3.0,"key":"SteroidPotion"},{"floor":5.0,"key":"LiquidBronze"},{"floor":7.0,"key":"DuplicationPotion"},{"floor":13,"key":"PowerPotion"},{"floor":20,"key":"PowerPotion"}],"is_trial":false,"path_per_floor":["M","?","M","?","M","R","E","$","T","R","E","R","E","M","R","B",null,"M","?","M","$","M","R","?","E","T","M"],"character_chosen":"DEFECT","items_purchased":["Toolbox","Apotheosis","DuplicationPotion"],"campfire_rested":2,"item_purchase_floors":[8,21,21],"current_hp_per_floor":[60,49,47,64,54,54,12,12,12,33,33,33,23,11,32,23,59,48,81,61,61,48,48,48,8,15,0,0],"gold":107,"neow_bonus":"BOSS_RELIC","is_daily":false,"chose_seed":false,"campfire_upgraded":2,"win_rate":0.0,"timestamp":1611576271,"path_taken":["M","?","M","?","?","R","E","?","T","R","E","R","E","M","R","BOSS","M","?","M","?","M","R","?","E","T","?"],"items_purchased_type":["Relic","Card","Potion"],"build_version":"2020-12-22","purchased_purges":0,"victory":false,"max_hp_per_floor":[71,71,71,71,71,71,71,71,71,71,71,71,71,71,71,71,71,71,81,81,81,81,81,81,81,88,88,88],"relic_stats":{"counters":[13,52],"Pandora\u0027s Box":["Darkness","BootSequence","Loop","Streamline","Rip and Tear","Reprogram","Rainbow","Thunder Strike"],"Turnip":[9],"Bag of Preparation":[2],"obtain_stats":[{"Girya":11,"Strawberry":26,"Toolbox":8,"Pandora\u0027s Box":0,"GremlinMask":24,"Turnip":7,"Coffee Dripper":17,"Bag of Preparation":25,"Cracked Core":0},{"Girya":5,"Strawberry":12,"Toolbox":4,"Pandora\u0027s Box":0,"GremlinMask":11,"Turnip":4,"Coffee Dripper":8,"Bag of Preparation":12,"Cracked Core":0},{"Girya":19,"Strawberry":51,"Toolbox":14,"Pandora\u0027s Box":0,"GremlinMask":47,"Turnip":14,"Coffee Dripper":35,"Bag of Preparation":51,"Cracked Core":0}]},"card_choices":[{"not_picked":["Leap","Reinforced Body"],"picked":"Undo","floor":1.0},{"not_picked":["Reprogram","Gash"],"picked":"Cold Snap","floor":3.0},{"not_picked":["Barrage","Beam Cell"],"picked":"Leap","floor":5.0},{"not_picked":["Compile Driver","Meteor Strike"],"picked":"Conserve Battery","floor":7.0},{"not_picked":["Redo","Go for the Eyes"],"picked":"Ball Lightning","floor":11},{"not_picked":["Thunder Strike","Beam Cell"],"picked":"Reprogram","floor":13},{"not_picked":["Sweeping Beam","Redo"],"picked":"Scrape","floor":14},{"not_picked":["Multi-Cast","Reboot"],"picked":"Meteor Strike","floor":16},{"not_picked":["Force Field","Barrage"],"picked":"White Noise","floor":18},{"not_picked":["Static Discharge","Hologram"],"picked":"Rip and Tear+1","floor":20},{"not_picked":["Gash+1","Fusion"],"picked":"Chaos","floor":22},{"not_picked":["Streamline","Double Energy","Stack"],"picked":"SKIP","floor":25}],"player_experience":2682599,"relics_obtained":[{"floor":7.0,"key":"Turnip"},{"floor":11,"key":"Girya"},{"floor":25,"key":"Bag of Preparation"},{"floor":26,"key":"Strawberry"}],"event_choices":[{"damage_healed":0.0,"max_hp_gain":0.0,"max_hp_loss":0.0,"gold_gain":75.0,"event_name":"World of Goop","player_choice":"Gather Gold","floor":2.0,"gold_loss":0.0,"damage_taken":11.0},{"damage_healed":17.0,"max_hp_gain":0.0,"max_hp_loss":0.0,"gold_gain":0.0,"event_name":"The Cleric","player_choice":"Healed","floor":4.0,"gold_loss":35.0,"damage_taken":0.0},{"cards_removed":["Thunder Strike"],"damage_healed":23,"gold_gain":0,"player_choice":"Offered Rare","damage_taken":0,"max_hp_gain":10,"max_hp_loss":0,"event_name":"Bonfire Elementals","floor":19,"gold_loss":0},{"damage_healed":0,"gold_gain":0,"player_choice":"Trade","damage_taken":0,"relics_obtained":["GremlinMask"],"max_hp_gain":0,"max_hp_loss":0,"event_name":"FaceTrader","floor":24,"gold_loss":0}],"is_beta":false,"boss_relics":[{"not_picked":["Philosopher\u0027s Stone","Sozu"],"picked":"Coffee Dripper"}],"items_purged_floors":[],"is_endless":false,"potions_floor_spawned":[3,5,7,13,20],"killed_by":"Shelled Parasite and Fungi","ascension_level":20}}