{"host":"lrlw254gqe5layub","time":1611574957,"event":{"mods":["AchievementEnabler","BaseMod","Colored Map","Colored Powertips","Minty Spire (QoL Compilation)","Rare Cards Sparkle","SuperFastMode"],"gold_per_floor":[118,138,138,186,200,233,245,287,299,311,342,354,541,572,584,699,711,733,763,30,44,44,44,44],"floor_reached":23,"language":"KOR","playtime":952,"items_purged":["Doubt"],"score":229,"play_id":"3cd7ef30-0697-449d-b3c3-244edb95f475","local_time":"20210125204237","is_ascension_mode":true,"campfire_choices":[{"data":"Body Slam","floor":7.0,"key":"SMITH"},{"data":"Rampage","floor":10.0,"key":"SMITH"},{"data":"Armaments","floor":12.0,"key":"SMITH"},{"data":"Body Slam","floor":15.0,"key":"SMITH"}],"circlet_count":0,"master_deck":["Strike_R","Strike_R","Strike_R","Strike_R","Strike_R","Defend_R","Defend_R","Defend_R","Defend_R","Bash","Inflame","Headbutt","Rampage+1","Shrug It Off","Body Slam+1","Armaments+1","Body Slam+1","Immolate","Flex","Ghostly Armor","Decay"],"relics":["Black Blood","Lantern","MawBank","Smiling Mask","Darkstone Periapt","Calipers","Kunai"],"acts_visited":["TheCity"],"potions_floor_usage":[19,21],"damage_taken":[{"damage":6.0,"enemies":"Cultist","floor":1.0,"turns":3.0},{"damage":9.0,"enemies":"Jaw Worm","floor":2.0,"turns":3.0},{"damage":1.0,"enemies":"2 Louse","floor":5.0,"turns":2.0},{"damage":47.0,"enemies":"3 Sentries","floor":6.0,"turns":12.0},{"damage":6.0,"enemies":"Large Slime","floor":11.0,"turns":5.0},{"damage":27.0,"enemies":"Exordium Thugs","floor":14.0,"turns":5.0},{"damage":43.0,"enemies":"The Guardian","floor":16.0,"turns":13.0},{"damage":55.0,"enemies":"Shell Parasite","floor":18.0,"turns":8.0},{"damage":37,"enemies":"3 Byrds","floor":19,"turns":9},{"damage":0,"enemies":"3 Cultists","floor":21,"turns":2},{"damage":37,"enemies":"Gremlin Leader","floor":23,"turns":7}],"seed_played":"2414446310739005140","potions_obtained":[{"floor":5.0,"key":"LiquidMemories"},{"floor":6.0,"key":"BloodPotion"},{"floor":14.0,"key":"Regen Potion"},{"floor":16.0,"key":"EssenceOfSteel"},{"floor":18.0,"key":"SpeedPotion"}],"is_trial":false,"path_per_floor":["M","M","T","T","M","E","R","?","T","R","M","R","?","M","R","B",null,"M","M","$","M","?","E"],"character_chosen":"IRONCLAD","items_purchased":["Calipers","Kunai","Ghostly Armor","BlessingOfTheForge"],"campfire_rested":0,"item_purchase_floors":[20,20,20,20],"current_hp_per_floor":[80,77,77,77,80,55,55,55,55,55,55,55,61,40,40,18,86,43,18,18,30,36,0,0],"gold":44,"neow_bonus":"THREE_CARDS","is_daily":false,"chose_seed":false,"campfire_upgraded":4,"win_rate":0.0,"timestamp":1611574957,"path_taken":["M","M","?","?","M","E","R","?","T","R","M","R","?","M","R","BOSS","M","M","$","M","?","E"],"items_purchased_type":["Relic","Relic","Card","Potion"],"build_version":"2020-12-22","purchased_purges":1,"victory":false,"max_hp_per_floor":[80,80,80,80,80,80,80,80,80,80,80,80,86,86,86,86,86,86,86,86,86,92,92,92],"card_choices":[{"not_picked":["Clothesline","Anger"],"picked":"Inflame","floor":0.0},{"not_picked":["Clash","Shockwave"],"picked":"Headbutt","floor":1.0},{"not_picked":["Clothesline","Pummel"],"picked":"Rampage","floor":2.0},{"not_picked":["Sentinel","Clash"],"picked":"Shrug It Off","floor":5.0},{"not_picked":["Heavy Blade","Shrug It Off"],"picked":"Body Slam","floor":6.0},{"not_picked":["Dual Wield","Clothesline"],"picked":"Armaments","floor":11.0},{"not_picked":["Evolve","Heavy Blade"],"picked":"Body Slam","floor":14.0},{"not_picked":["Feed","Fiend Fire"],"picked":"Immolate","floor":16.0},{"not_picked":["Wild Strike","Havoc+1"],"picked":"Flex","floor":18.0},{"not_picked":["Clash+1","Searing Blow","Wild Strike"],"picked":"SKIP","floor":19},{"not_picked":["Havoc","Clash","Pommel Strike"],"picked":"SKIP","floor":21}],"player_experience":444048,"relics_obtained":[{"floor":4.0,"key":"Lantern"},{"floor":6.0,"key":"MawBank"},{"floor":9.0,"key":"Darkstone Periapt"}],"event_choices":[{"damage_healed":0.0,"max_hp_gain":0.0,"max_hp_loss":0.0,"gold_gain":30.0,"event_name":"Dead Adventurer","player_choice":"Searched \u00273\u0027 times","floor":8.0,"gold_loss":0.0,"damage_taken":0.0,"relics_obtained":["Smiling Mask"]},{"damage_healed":0.0,"max_hp_gain":0.0,"max_hp_loss":0.0,"gold_gain":175.0,"event_name":"Liars Game","player_choice":"AGREE","floor":13.0,"gold_loss":0.0,"damage_taken":0.0,"cards_obtained":["Doubt"]},{"damage_healed":0,"gold_gain":0,"player_choice":"Smashed Altar","damage_taken":0,"max_hp_gain":0,"max_hp_loss":0,"event_name":"Forgotten Altar","floor":22,"gold_loss":0,"cards_obtained":["Decay"]}],"is_beta":false,"boss_relics":[{"not_picked":["SacredBark","Ectoplasm"],"picked":"Black Blood"}],"items_purged_floors":[20],"is_endless":false,"potions_floor_spawned":[5,6,14,16,18],"killed_by":"Gremlin Leader","ascension_level":4}}