{"host":"vyiqbz5w606ur92t","time":1611555301,"event":{"mods":["BaseMod","Minty Spire (QoL Compilation)","StSLib"],"gold_per_floor":[110,121,137,68,82,111,123,162,174,186,224,236,268,292,304,416,428,425,437,724,749,184,210,210,240,240,267,12,12,46,56,56,159,159,177,524,524,536,586,586,618,618,642,671,44,61,61,61,61,61,61,61,29,61,61,61],"floor_reached":55,"language":"ENG","playtime":5837,"items_purged":["Regret"],"score":1093,"play_id":"a1421c82-2922-4418-80d0-8c901f9f97ab","local_time":"20210125061501","is_ascension_mode":true,"campfire_choices":[{"data":"Corruption","floor":7,"key":"SMITH"},{"floor":10,"key":"REST"},{"data":"True Grit","floor":15,"key":"SMITH"},{"data":"Feel No Pain","floor":24,"key":"SMITH"},{"data":"1","floor":29,"key":"LIFT"},{"data":"Armaments","floor":32,"key":"SMITH"},{"data":"2","floor":40,"key":"LIFT"},{"floor":42,"key":"RECALL"},{"data":"3","floor":49,"key":"LIFT"},{"data":"Metamorphosis","floor":52,"key":"SMITH"}],"circlet_count":0,"master_deck":["Strike_R","Strike_R+1","Strike_R","Strike_R","Strike_R","Defend_R","Defend_R","Defend_R","Defend_R","Bash","Corruption+1","Inflame","Reckless Charge","True Grit+1","Power Through","Evolve","Warcry","Feel No Pain+1","Flex","Inflame","Dual Wield","Impervious","Battle Trance+1","Seeing Red","Wild Strike+1","Metamorphosis+1","Madness","Spot Weakness","Armaments+1","Flame Barrier","Warcry","Flame Barrier+1","Violence","Seeing Red+1","Whirlwind+1","Limit Break","Second Wind+1","Sword Boomerang+1","Impatience","The Bomb","Thinking Ahead","Heavy Blade+1","Dual Wield+1","Limit Break","Shrug It Off+1","Shrug It Off+1","Fire Breathing","True Grit+1"],"relics":["Burning Blood","MawBank","Bottled Tornado","Kunai","White Beast Statue","Snecko Eye","Whetstone","Bag of Preparation","Girya","The Courier","Lizard Tail","Sling","Art of War","Philosopher\u0027s Stone","Old Coin","Ginger","Pen Nib","Ancient Tea Set","Vajra","Self Forming Clay","Letter Opener","Lee\u0027s Waffle","Pantograph","Unceasing Top"],"acts_visited":["Exordium","TheCity","TheBeyond","TheEnding"],"potions_floor_usage":[6,8,23,25,30,33,36,36,50,50,55],"damage_taken":[{"damage":4,"enemies":"2 Louse","floor":1,"turns":4},{"damage":2,"enemies":"Small Slimes","floor":2,"turns":3},{"damage":8,"enemies":"Jaw Worm","floor":3,"turns":4},{"damage":9,"enemies":"Red Slaver","floor":5,"turns":5},{"damage":18,"enemies":"Lagavulin","floor":6,"turns":8},{"damage":34,"enemies":"Gremlin Nob","floor":8,"turns":5},{"damage":7,"enemies":"Lagavulin","floor":11,"turns":8},{"damage":5,"enemies":"3 Louse","floor":13,"turns":6},{"damage":10,"enemies":"Large Slime","floor":14,"turns":5},{"damage":38,"enemies":"Slime Boss","floor":16,"turns":9},{"damage":0,"enemies":"2 Thieves","floor":18,"turns":4},{"damage":2,"enemies":"Spheric Guardian","floor":21,"turns":4},{"damage":7,"enemies":"Gremlin Leader","floor":23,"turns":6},{"damage":11,"enemies":"Slavers","floor":25,"turns":6},{"damage":2,"enemies":"Book of Stabbing","floor":27,"turns":5},{"damage":55,"enemies":"Slavers","floor":30,"turns":6},{"damage":0,"enemies":"3 Cultists","floor":31,"turns":6},{"damage":0,"enemies":"Collector","floor":33,"turns":10},{"damage":6,"enemies":"3 Shapes","floor":35,"turns":4},{"damage":1,"enemies":"2 Orb Walkers","floor":36,"turns":3},{"damage":4,"enemies":"Orb Walker","floor":38,"turns":3},{"damage":0,"enemies":"Mind Bloom Boss Battle","floor":39,"turns":3},{"damage":0,"enemies":"Reptomancer","floor":41,"turns":4},{"damage":26,"enemies":"Nemesis","floor":44,"turns":7},{"damage":0,"enemies":"Maw","floor":46,"turns":4},{"damage":102,"enemies":"Awakened One","floor":50,"turns":10},{"damage":27,"enemies":"Shield and Spear","floor":54,"turns":4},{"damage":81,"enemies":"The Heart","floor":55,"turns":5}],"seed_played":"-3214620976523109938","potions_obtained":[{"floor":3,"key":"HeartOfIron"},{"floor":6,"key":"Strength Potion"},{"floor":13,"key":"BlessingOfTheForge"},{"floor":14,"key":"ElixirPotion"},{"floor":16,"key":"LiquidBronze"},{"floor":23,"key":"AttackPotion"},{"floor":25,"key":"Regen Potion"},{"floor":30,"key":"LiquidMemories"},{"floor":33,"key":"Block Potion"},{"floor":36,"key":"Block Potion"},{"floor":38,"key":"Regen Potion"},{"floor":54,"key":"AttackPotion"}],"is_trial":false,"path_per_floor":["M","M","M","$","M","E","R","E","T","R","E","?","M","M","R","B",null,"M","?","?","M","$","E","R","E","T","E","$","R","E","M","R","B",null,"M","?","?","M","?","R","E","R","T","E","$","M","T","$","R","B",null,"R","$","E","B"],"character_chosen":"IRONCLAD","items_purchased":["Power Through","Metamorphosis","Whetstone","Madness","Spot Weakness","Armaments","Sling","Violence","Vajra","Self Forming Clay","Letter Opener","Lee\u0027s Waffle","Fire Breathing"],"campfire_rested":1,"item_purchase_floors":[4,22,22,22,22,22,28,28,45,45,45,45,53],"current_hp_per_floor":[72,72,70,70,67,55,55,27,27,48,47,47,48,44,44,12,72,72,72,72,72,72,71,71,66,66,70,70,70,21,27,27,48,72,72,72,62,64,70,70,72,72,72,52,79,79,79,79,79,45,79,79,79,58,0,0],"gold":61,"neow_bonus":"THREE_RARE_CARDS","is_daily":false,"chose_seed":false,"campfire_upgraded":5,"win_rate":0.0,"timestamp":1611555301,"path_taken":["M","M","M","$","M","E","R","E","T","R","E","?","M","M","R","BOSS","M","?","?","M","$","E","R","E","T","E","$","R","E","?","R","BOSS","M","?","?","?","?","R","E","R","T","E","$","M","?","$","R","BOSS","R","$","E","BOSS"],"items_purchased_type":["Card","Card","Relic","Card","Card","Card","Relic","Card","Relic","Relic","Relic","Relic","Card"],"build_version":"2020-12-22","purchased_purges":1,"victory":false,"max_hp_per_floor":[72,72,72,72,72,72,72,72,72,72,72,72,72,72,72,72,72,72,72,72,72,72,72,72,72,72,72,72,72,72,72,72,72,72,72,72,72,72,72,72,72,72,72,72,79,79,79,79,79,79,79,79,79,79,79,79],"card_choices":[{"not_picked":["Exhume","Brutality"],"picked":"Corruption","floor":0},{"not_picked":["Sword Boomerang","Heavy Blade"],"picked":"Inflame","floor":1},{"not_picked":["Iron Wave","Dual Wield"],"picked":"Reckless Charge","floor":2},{"not_picked":["Perfected Strike","Clash"],"picked":"True Grit","floor":3},{"not_picked":["True Grit","Cleave"],"picked":"Evolve","floor":5},{"not_picked":["Whirlwind","Thunderclap"],"picked":"Warcry","floor":6},{"not_picked":["Clash","Battle Trance","Feel No Pain"],"picked":"SKIP","floor":8},{"not_picked":["Clash","Battle Trance"],"picked":"Feel No Pain","floor":8},{"not_picked":["Corruption","Thunderclap"],"picked":"Flex","floor":11},{"not_picked":["Searing Blow","Havoc"],"picked":"Inflame","floor":13},{"not_picked":["Pummel","Warcry"],"picked":"Dual Wield","floor":14},{"not_picked":["Exhume","Immolate"],"picked":"Impervious","floor":16},{"not_picked":["Armaments+1","Iron Wave"],"picked":"Battle Trance+1","floor":18},{"not_picked":["Thunderclap","Anger"],"picked":"Wild Strike","floor":21},{"not_picked":["Shrug It Off","Pommel Strike+1"],"picked":"Flame Barrier","floor":23},{"not_picked":["Dropkick+1","Rage"],"picked":"Warcry","floor":25},{"not_picked":["Sword Boomerang","Combust"],"picked":"Flame Barrier+1","floor":27},{"not_picked":["Sword Boomerang","Heavy Blade"],"picked":"Seeing Red+1","floor":30},{"not_picked":["Metallicize+1","Battle Trance"],"picked":"Whirlwind+1","floor":31},{"not_picked":["Immolate","Reaper"],"picked":"Limit Break","floor":33},{"not_picked":["Cleave+1","Rage"],"picked":"Second Wind+1","floor":35},{"not_picked":["Havoc+1","Cleave+1"],"picked":"Sword Boomerang+1","floor":36},{"not_picked":["Blind","Madness"],"picked":"Impatience","floor":37},{"not_picked":["Deep Breath","Swift Strike"],"picked":"The Bomb","floor":37},{"not_picked":["Metamorphosis","Forethought"],"picked":"Thinking Ahead","floor":37},{"not_picked":["Clothesline","Anger+1"],"picked":"Heavy Blade+1","floor":38},{"not_picked":["Flex+1","Anger"],"picked":"Dual Wield+1","floor":39},{"not_picked":["Body Slam+1","Thunderclap"],"picked":"Limit Break","floor":41},{"not_picked":["Second Wind+1","Clothesline+1"],"picked":"Shrug It Off+1","floor":44},{"not_picked":["Body Slam","Havoc"],"picked":"Shrug It Off+1","floor":46},{"not_picked":["Second Wind","Perfected Strike"],"picked":"True Grit+1","floor":54}],"player_experience":1016414,"relics_obtained":[{"floor":6,"key":"MawBank"},{"floor":8,"key":"Bottled Tornado"},{"floor":9,"key":"Kunai"},{"floor":11,"key":"White Beast Statue"},{"floor":23,"key":"Bag of Preparation"},{"floor":25,"key":"Girya"},{"floor":26,"key":"The Courier"},{"floor":27,"key":"Lizard Tail"},{"floor":30,"key":"Art of War"},{"floor":36,"key":"Old Coin"},{"floor":39,"key":"Ginger"},{"floor":41,"key":"Pen Nib"},{"floor":44,"key":"Ancient Tea Set"},{"floor":47,"key":"Pantograph"},{"floor":54,"key":"Unceasing Top"}],"event_choices":[{"damage_healed":0,"gold_gain":0,"player_choice":"Ignored","damage_taken":0,"max_hp_gain":0,"max_hp_loss":0,"event_name":"Liars Game","floor":12,"gold_loss":0},{"damage_healed":0,"gold_gain":0,"player_choice":"Read","damage_taken":0,"max_hp_gain":0,"max_hp_loss":0,"event_name":"The Library","floor":19,"gold_loss":0,"cards_obtained":["Seeing Red"]},{"damage_healed":0,"gold_gain":275,"player_choice":"Desecrate","damage_taken":0,"max_hp_gain":0,"max_hp_loss":0,"event_name":"Golden Shrine","floor":20,"gold_loss":0,"cards_obtained":["Regret"]},{"damage_healed":0,"gold_gain":0,"player_choice":"Fight","damage_taken":0,"max_hp_gain":0,"max_hp_loss":0,"event_name":"Mysterious Sphere","floor":36,"gold_loss":0},{"damage_healed":0,"gold_gain":0,"player_choice":"Memory 3","damage_taken":10,"max_hp_gain":0,"max_hp_loss":0,"event_name":"SensoryStone","floor":37,"gold_loss":0},{"damage_healed":0,"gold_gain":0,"player_choice":"Fight","damage_taken":0,"max_hp_gain":0,"max_hp_loss":0,"event_name":"MindBloom","floor":39,"gold_loss":0}],"is_beta":false,"boss_relics":[{"not_picked":["Runic Dome","SacredBark"],"picked":"Snecko Eye"},{"not_picked":["Runic Cube","Tiny House"],"picked":"Philosopher\u0027s Stone"}],"items_purged_floors":[22],"is_endless":false,"potions_floor_spawned":[3,6,13,14,16,18,21,23,25,27,30,31,33,35,36,38,39,41,44,46,54],"killed_by":"The Heart","ascension_level":4}}