{"host":"z9grmtg2w0nmz8n1","time":1611551882,"event":{"mods":["Aspiration","BaseMod","Better Altar","Better Match","Better Note","Better Sensory Stone","Better Skull","Better Third Choice","BetterRewards","Clawfect","Colored Map","Conspire","GifTheSpireLib","Halation","Highlight Path","Hubris","Hunter ??","Jedi Mod","Minty Spire (QoL Compilation)","Permanent Neow","Replay The Spire","Shop Mod","Spicy Shops","StSLib","Stuff the Spire","The Runesmith"],"gold_per_floor":[117,42,42,42,42,42,52,83,83,111,111,124,124,136,136,235,235,251,251,269,125,125,125,125,148,148,173,173,200,210,221,221,320,320,337,351,351,365,365,365,397,414,467,467,116,149,167,195,195,195,195,195,70,97,97,97],"floor_reached":55,"language":"ENG","playtime":2517,"items_purged":["Defend_B","Gash","Gash"],"score":866,"play_id":"c6b7fb37-ff00-4523-8219-de2249b122b4","local_time":"20210125031802","is_ascension_mode":true,"campfire_choices":[{"floor":6,"key":"RECALL"},{"data":"Clawfect:ClawForOne","floor":11,"key":"SMITH"},{"data":"Clawfect:ScrapingClaw","floor":15,"key":"SMITH"},{"data":"Conserve Battery","floor":23,"key":"SMITH"},{"data":"jedi:reiji","floor":28,"key":"SMITH"},{"floor":32,"key":"REST"},{"floor":40,"key":"REST"},{"data":"Clawfect:ClawLightning","floor":44,"key":"SMITH"},{"data":"Clawfect:ClawLightning","floor":49,"key":"SMITH"},{"data":"Gash","floor":52,"key":"SMITH"}],"circlet_count":0,"master_deck":["Gash","Gash","Gash","Gash","Defend_B","Defend_B","Defend_B","Conserve Battery+1","Clawfect:ClawForOne+1","Clawfect:ScrapingClaw+1","jedi:reiji+1","Hologram+1","Clawfect:ClawLightning+1","Clawfect:ClawingBeam+1","Clawfect:ClawLightning+1","Gash+1"],"relics":["Clawfect:DRClaw","aspiration:Nostalgia","Ring of the Snake","conspire:GlowingRock","jedi:crownofsimplicity","Busted Crown","Sling","Ancient Tea Set","aspiration:HiddenCompartment","Replay:PocketPolymizer","jedi:cryingmask","aspiration:RitualDagger","ReplayFunnel","PreservedInsect","Happy Flower","Pet Ghost","halation:Gekota","aspiration:StickyExplosives_weak"],"acts_visited":["Exordium","TheCity","TheBeyond","TheEnding"],"potions_floor_usage":[8,16,20,36,54,55],"damage_taken":[{"damage":0,"enemies":"2 Louse","floor":1,"turns":4},{"damage":0,"enemies":"Jaw Worm","floor":7,"turns":3},{"damage":22,"enemies":"3 Sentries","floor":8,"turns":8},{"damage":8,"enemies":"Lagavulin","floor":10,"turns":3},{"damage":0,"enemies":"Cultist","floor":12,"turns":2},{"damage":3,"enemies":"2 Fungi Beasts","floor":14,"turns":3},{"damage":9,"enemies":"Hexaghost","floor":16,"turns":5},{"damage":0,"enemies":"Spheric Guardian","floor":18,"turns":3},{"damage":6,"enemies":"2 Thieves","floor":20,"turns":3},{"damage":8,"enemies":"Book of Stabbing","floor":27,"turns":3},{"damage":14,"enemies":"Replay:Snechameleon","floor":29,"turns":3},{"damage":11,"enemies":"Sentry and Sphere","floor":30,"turns":4},{"damage":6,"enemies":"conspire:HollyBat","floor":31,"turns":5},{"damage":25,"enemies":"hubris:MusketHawk","floor":33,"turns":5},{"damage":9,"enemies":"Orb Walker","floor":35,"turns":3},{"damage":21,"enemies":"3 Shapes","floor":36,"turns":6},{"damage":45,"enemies":"Jaw Worm Horde","floor":38,"turns":4},{"damage":23,"enemies":"Nemesis","floor":41,"turns":5},{"damage":37,"enemies":"Sphere and 2 Shapes","floor":42,"turns":8},{"damage":29,"enemies":"R_Hoarder","floor":46,"turns":4},{"damage":26,"enemies":"Spire Growth","floor":47,"turns":4},{"damage":12,"enemies":"Giant Head","floor":48,"turns":4},{"damage":20,"enemies":"Donu and Deca","floor":50,"turns":4},{"damage":9,"enemies":"Shield and Spear","floor":54,"turns":3},{"damage":90,"enemies":"The Heart","floor":55,"turns":3}],"seed_played":"3083039407494756523","potions_obtained":[{"floor":1,"key":"Venom Potion"},{"floor":7,"key":"Dexterity Potion"},{"floor":10,"key":"Explosive Potion"},{"floor":14,"key":"CultistPotion"},{"floor":18,"key":"FairyPotion"},{"floor":29,"key":"PotionOfCapacity"},{"floor":35,"key":"EssenceOfSteel"},{"floor":46,"key":"Energy Potion"},{"floor":47,"key":"jedi:mysterypotion"},{"floor":54,"key":"AttackPotion"}],"is_trial":false,"path_per_floor":["M","$","?","?","$","R","M","E","T","E","R","M","?","M","R","B",null,"M","?","M","$","?","R","?","T","T","E","R","E","M","M","R","B",null,"M","M","?","M","?","R","E","M","T","R","$","E","M","E","R","B",null,"R","$","E","B"],"character_chosen":"DEFECT","items_purchased":["Sling","Clawfect:ClawLightning","Happy Flower"],"campfire_rested":2,"item_purchase_floors":[21,45,45],"current_hp_per_floor":[75,75,75,75,75,75,75,53,53,45,45,45,45,42,42,33,75,75,75,69,69,69,69,69,69,69,61,61,47,36,30,52,27,75,66,45,45,22,22,44,21,70,70,70,70,64,53,75,75,75,75,75,75,75,0,0],"gold":97,"neow_bonus":"NOSTALGIA","is_daily":false,"chose_seed":false,"campfire_upgraded":7,"win_rate":0.0,"timestamp":1611551882,"path_taken":["M","$","?","?","$","R","M","E","T","E","R","?","?","M","R","BOSS","M","?","M","$","?","R","?","?","T","E","R","E","M","M","R","BOSS","M","M","?","?","?","R","E","M","T","R","$","E","M","E","R","BOSS","R","$","E","BOSS"],"items_purchased_type":["Relic","Card","Relic"],"build_version":"2020-12-22","purchased_purges":3,"victory":false,"max_hp_per_floor":[75,75,75,75,75,75,75,75,75,75,75,75,75,75,75,75,75,75,75,75,75,75,75,75,75,75,75,75,75,75,75,75,75,75,75,75,75,75,75,75,75,75,75,75,75,75,75,75,75,75,75,75,75,75,75,75],"card_choices":[{"not_picked":["Aggregate","jedi:blockon"],"picked":"Conserve Battery","floor":1},{"not_picked":["StuffTheSpire:Rend","Aggregate","ReplayTheSpireMod:Dual Polarity"],"picked":"SKIP","floor":7},{"not_picked":["Defragment","Clawfect:Clawrage"],"picked":"Clawfect:ClawForOne","floor":8},{"not_picked":["Steam Power","Crystallizer"],"picked":"Gash","floor":10},{"not_picked":["Steam","Chaos","StuffTheSpire:CleanHardDrive"],"picked":"SKIP","floor":12},{"not_picked":["ReplayGash","Conserve Battery"],"picked":"Clawfect:ScrapingClaw","floor":14},{"not_picked":["Clawfect:Clawrage"],"picked":"SKIP","floor":18},{"not_picked":["StuffTheSpire:Plugnplay"],"picked":"SKIP","floor":20},{"not_picked":[],"picked":"jedi:reiji","floor":27},{"not_picked":["ReplayTheSpireMod:Calculation Training+1"],"picked":"SKIP","floor":29},{"not_picked":[],"picked":"Hologram+1","floor":30},{"not_picked":[],"picked":"Clawfect:ClawLightning","floor":31},{"not_picked":["Panic Button+1"],"picked":"SKIP","floor":35},{"not_picked":[],"picked":"Clawfect:ClawingBeam","floor":36},{"not_picked":["Hologram"],"picked":"SKIP","floor":38},{"not_picked":["Self Repair"],"picked":"SKIP","floor":41},{"not_picked":["Clawfect:Clawrage+1"],"picked":"SKIP","floor":42},{"not_picked":["jedi:BurstLightning"],"picked":"SKIP","floor":46},{"not_picked":[],"picked":"Gash","floor":47},{"not_picked":["jedi:BurstLightning"],"picked":"SKIP","floor":48},{"not_picked":["ReplayTheSpireMod:GoodbyeWorld"],"picked":"SKIP","floor":54}],"player_experience":840537,"relics_obtained":[{"floor":8,"key":"conspire:GlowingRock"},{"floor":10,"key":"jedi:crownofsimplicity"},{"floor":25,"key":"Ancient Tea Set"},{"floor":26,"key":"aspiration:HiddenCompartment"},{"floor":27,"key":"Replay:PocketPolymizer"},{"floor":29,"key":"jedi:cryingmask"},{"floor":41,"key":"ReplayFunnel"},{"floor":43,"key":"PreservedInsect"},{"floor":46,"key":"Pet Ghost"},{"floor":48,"key":"halation:Gekota"},{"floor":54,"key":"aspiration:StickyExplosives_weak"}],"event_choices":[{"damage_healed":0,"gold_gain":0,"player_choice":"Leave","damage_taken":0,"max_hp_gain":0,"max_hp_loss":0,"event_name":"The Cleric","floor":3,"gold_loss":0},{"cards_removed":["Defend_B"],"damage_healed":0,"gold_gain":0,"player_choice":"Card Removal","damage_taken":0,"max_hp_gain":0,"max_hp_loss":0,"event_name":"Wheel of Change","floor":4,"gold_loss":0},{"damage_healed":0,"gold_gain":0,"player_choice":"Ignored","damage_taken":124,"max_hp_gain":0,"max_hp_loss":0,"event_name":"betterThird:BetterSerpent","floor":13,"gold_loss":0},{"cards_removed":["Defend_B"],"damage_healed":0,"gold_gain":0,"player_choice":"Give","damage_taken":0,"max_hp_gain":0,"max_hp_loss":0,"event_name":"betterNote:BetterNote","floor":19,"gold_loss":0,"cards_obtained":["Runesmith:Strike_RS"]},{"damage_healed":0,"gold_gain":0,"player_choice":"Leave","damage_taken":0,"max_hp_gain":0,"max_hp_loss":0,"event_name":"conspire:Investor","floor":22,"gold_loss":0},{"damage_healed":0,"gold_gain":2,"player_choice":"1","damage_taken":0,"max_hp_gain":0,"max_hp_loss":0,"event_name":"betterStone:BetterStone","floor":24,"gold_loss":0},{"damage_healed":0,"gold_gain":0,"player_choice":"Forge","damage_taken":0,"max_hp_gain":0,"max_hp_loss":0,"event_name":"Accursed Blacksmith","floor":37,"gold_loss":0,"cards_upgraded":["Clawfect:ClawingBeam"]},{"damage_healed":0,"gold_gain":0,"player_choice":"Bought 0 Potions","damage_taken":0,"max_hp_gain":0,"max_hp_loss":0,"event_name":"The Woman in Blue","floor":39,"gold_loss":0}],"is_beta":false,"boss_relics":[{"not_picked":["conspire:SeveredTorchhead","SacredBark"],"picked":"Busted Crown"},{"not_picked":["hubris:Stopwatch","Replay:Drink Me"],"picked":"aspiration:RitualDagger"}],"items_purged_floors":[2,45,53],"is_endless":false,"potions_floor_spawned":[1,7,10,14,18,29,30,35,46,47,54],"killed_by":"The Heart","ascension_level":1}}