{"host":"52m1o8iwwagurbjs","time":1611619067,"event":{"mods":["AchievementEnabler","BaseMod","Bestiary","Colored Powertips","GifTheSpireLib","Minty Spire (QoL Compilation)","Quick Restart","RNG Fix","Relic Stats","StSLib"],"gold_per_floor":[117,117,132,34,51,51,85,85,140,173,173,202,254,267,267,370,370,386,418,418,431,13,48,48,83,108,122,132,132,148,161,161,260,260,276,326,326,341,360,389,389,419,419,114,114,114,124,152,152,152,152,152,102,135,135],"floor_reached":56,"language":"ENG","playtime":2191,"items_purged":["Strike_B","Writhe","Panache"],"score":1495,"play_id":"a616071d-b20f-4b2c-868f-683bde094b47","local_time":"20210125185747","is_ascension_mode":true,"campfire_choices":[{"data":"Defragment","floor":6.0,"key":"SMITH"},{"data":"Coolheaded","floor":8.0,"key":"SMITH"},{"data":"Ball Lightning","floor":11.0,"key":"SMITH"},{"data":"Core Surge","floor":15.0,"key":"SMITH"},{"floor":24.0,"key":"REST"},{"data":"Defragment","floor":29.0,"key":"SMITH"},{"floor":32.0,"key":"REST"},{"data":"Defragment","floor":41.0,"key":"SMITH"},{"data":"Defragment","floor":46.0,"key":"SMITH"},{"floor":49,"key":"RECALL"},{"data":"Coolheaded","floor":52,"key":"SMITH"}],"circlet_count":0,"master_deck":["Strike_B","Strike_B","Defend_B","Defend_B","Defend_B","Defend_B","Zap","Dualcast","Defragment+1","Coolheaded+1","Ball Lightning+1","Conserve Battery","Ball Lightning","Cold Snap","Core Surge+1","Electrodynamics+1","Go for the Eyes","Coolheaded","Loop+1","Meteor Strike","Steam+1","Defragment+1","Hologram+1","Defragment+1","Defragment+1","Amplify","Panache","Panacea","Loop","Coolheaded+1","Glacier+1","Storm","Skim","Self Repair","Coolheaded"],"relics":["Cracked Core","DataDisk","Smiling Mask","Ornamental Fan","Shuriken","SacredBark","Red Mask","Mummified Hand","Dream Catcher","Nunchaku","Cursed Key","Mango","Bag of Preparation","Strawberry","Lantern","Orrery","Question Card","Lizard Tail"],"acts_visited":["TheBeyond","TheEnding"],"potions_floor_usage":[50,55],"damage_taken":[{"damage":0.0,"enemies":"2 Louse","floor":1.0,"turns":2.0},{"damage":0.0,"enemies":"Cultist","floor":3.0,"turns":4.0},{"damage":6.0,"enemies":"Jaw Worm","floor":5.0,"turns":4.0},{"damage":10.0,"enemies":"Gremlin Nob","floor":7.0,"turns":4.0},{"damage":8.0,"enemies":"Lagavulin","floor":10.0,"turns":4.0},{"damage":8.0,"enemies":"3 Sentries","floor":12.0,"turns":12.0},{"damage":0.0,"enemies":"2 Fungi Beasts","floor":14.0,"turns":2.0},{"damage":0.0,"enemies":"The Guardian","floor":16.0,"turns":10.0},{"damage":0.0,"enemies":"Spheric Guardian","floor":18.0,"turns":3.0},{"damage":0.0,"enemies":"Masked Bandits","floor":19.0,"turns":2.0},{"damage":0.0,"enemies":"Shell Parasite","floor":21.0,"turns":5.0},{"damage":0.0,"enemies":"Gremlin Leader","floor":23.0,"turns":5.0},{"damage":18.0,"enemies":"Book of Stabbing","floor":25.0,"turns":6.0},{"damage":6.0,"enemies":"Snake Plant","floor":27.0,"turns":4.0},{"damage":0.0,"enemies":"Centurion and Healer","floor":28.0,"turns":5.0},{"damage":0.0,"enemies":"Cultist and Chosen","floor":30.0,"turns":4.0},{"damage":2.0,"enemies":"Snake Plant","floor":31.0,"turns":4.0},{"damage":14.0,"enemies":"Champ","floor":33.0,"turns":7.0},{"damage":6.0,"enemies":"Orb Walker","floor":35.0,"turns":3.0},{"damage":0.0,"enemies":"Mind Bloom Boss Battle","floor":36.0,"turns":6.0},{"damage":3.0,"enemies":"3 Shapes","floor":38.0,"turns":2.0},{"damage":3.0,"enemies":"Writhing Mass","floor":39.0,"turns":4.0},{"damage":3.0,"enemies":"Giant Head","floor":40.0,"turns":10.0},{"damage":6.0,"enemies":"Reptomancer","floor":42.0,"turns":4.0},{"damage":0.0,"enemies":"Sphere and 2 Shapes","floor":47.0,"turns":3.0},{"damage":63.0,"enemies":"Nemesis","floor":48.0,"turns":5.0},{"damage":3,"enemies":"Donu and Deca","floor":50,"turns":6},{"damage":33,"enemies":"Shield and Spear","floor":54,"turns":5},{"damage":55,"enemies":"The Heart","floor":55,"turns":14}],"seed_played":"-6889552787328932110","potions_obtained":[{"floor":0.0,"key":"Regen Potion"},{"floor":0.0,"key":"Energy Potion"},{"floor":0.0,"key":"SneckoOil"},{"floor":1.0,"key":"Weak Potion"},{"floor":10.0,"key":"Ancient Potion"},{"floor":14.0,"key":"Block Potion"},{"floor":16.0,"key":"FocusPotion"},{"floor":19.0,"key":"GamblersBrew"},{"floor":27.0,"key":"Weak Potion"},{"floor":30.0,"key":"PowerPotion"},{"floor":35.0,"key":"SpeedPotion"},{"floor":36.0,"key":"Swift Potion"},{"floor":39.0,"key":"PowerPotion"},{"floor":42.0,"key":"SpeedPotion"},{"floor":54,"key":"Block Potion"}],"is_trial":false,"path_per_floor":["M","?","M","$","M","R","E","R","T","E","R","E","?","M","R","B",null,"M","?","?","M","$","E","R","E","T","M","M","R","M","M","R","B",null,"M","?","?","M","M","E","R","E","T","$","?","R","M","E","R","B",null,"R","$","E","B",null],"character_chosen":"DEFECT","items_purchased":["Ball Lightning","Mummified Hand","Panache","Orrery","Skim","Self Repair"],"campfire_rested":2,"item_purchase_floors":[4,22,22,44,44,44],"current_hp_per_floor":[75,75,75,75,69,69,59,59,59,51,51,58,58,58,58,58,75,75,75,75,75,75,75,75,57,57,51,51,51,51,49,71,57,75,69,83,73,70,67,64,64,65,65,65,65,65,72,16,16,20,96,96,96,70,22],"gold":135,"neow_bonus":"THREE_SMALL_POTIONS","is_daily":false,"chose_seed":false,"campfire_upgraded":8,"win_rate":0.0,"timestamp":1611619067,"path_taken":["M","?","M","?","M","R","E","R","T","E","R","E","?","M","R","BOSS","M","?","?","?","$","E","R","E","T","M","M","R","M","M","R","BOSS","M","?","?","M","M","E","R","E","T","$","?","R","M","E","R","BOSS","R","$","E","BOSS"],"items_purchased_type":["Card","Relic","Card","Relic","Card","Card"],"build_version":"2020-12-22","purchased_purges":3,"victory":true,"max_hp_per_floor":[75,75,75,75,75,75,75,75,75,75,75,75,75,75,75,75,75,75,75,75,75,75,75,75,75,75,75,75,75,75,75,75,75,75,75,89,89,89,89,89,89,96,96,96,96,96,96,96,96,96,96,96,96,96,96],"relic_stats":{"Dream Catcher":1,"Nunchaku":[11],"Lizard Tail":0,"counters":[16,83],"Ornamental Fan":[40],"Shuriken":[10],"Mummified Hand":[144],"Bag of Preparation":[12],"Smiling Mask":125,"Cursed Key":1,"Question Card":1,"obtain_stats":[{"Lantern":43,"SacredBark":0,"Mango":36,"Bag of Preparation":40,"Smiling Mask":0,"Cursed Key":34,"Question Card":48,"DataDisk":0,"Dream Catcher":0,"Nunchaku":0,"Lizard Tail":54,"Ornamental Fan":0,"Shuriken":0,"Mummified Hand":0,"Strawberry":42,"Orrery":44,"Red Mask":0,"Cracked Core":0},{"Lantern":11,"SacredBark":0,"Mango":7,"Bag of Preparation":10,"Smiling Mask":0,"Cursed Key":5,"Question Card":13,"DataDisk":0,"Dream Catcher":0,"Nunchaku":0,"Lizard Tail":15,"Ornamental Fan":0,"Shuriken":0,"Mummified Hand":0,"Strawberry":11,"Orrery":11,"Red Mask":0,"Cracked Core":0},{"Lantern":52,"SacredBark":0,"Mango":32,"Bag of Preparation":48,"Smiling Mask":0,"Cursed Key":23,"Question Card":60,"DataDisk":0,"Dream Catcher":0,"Nunchaku":0,"Lizard Tail":70,"Ornamental Fan":0,"Shuriken":0,"Mummified Hand":0,"Strawberry":52,"Orrery":52,"Red Mask":0,"Cracked Core":0}]},"card_choices":[{"not_picked":["Self Repair","Loop"],"picked":"Defragment","floor":1.0},{"not_picked":["Redo","Turbo"],"picked":"Coolheaded","floor":3.0},{"not_picked":["Scrape","Sweeping Beam"],"picked":"Conserve Battery","floor":5.0},{"not_picked":["Go for the Eyes","Stack"],"picked":"Ball Lightning","floor":7.0},{"not_picked":["Hologram","Heatsinks"],"picked":"Cold Snap","floor":10.0},{"not_picked":["Sweeping Beam","Scrape"],"picked":"Core Surge","floor":12.0},{"not_picked":["Barrage","Steam Power","Recycle"],"picked":"SKIP","floor":14.0},{"not_picked":["Buffer","Seek"],"picked":"Electrodynamics","floor":16.0},{"not_picked":["Go for the Eyes","Streamline+1","Hologram"],"picked":"SKIP","floor":18.0},{"not_picked":["Streamline+1","Hologram"],"picked":"Go for the Eyes","floor":18.0},{"not_picked":["Ball Lightning+1","Sweeping Beam"],"picked":"Coolheaded","floor":19.0},{"not_picked":["Leap","Turbo"],"picked":"Loop+1","floor":21.0},{"not_picked":["Hello World","Conserve Battery","Barrage"],"picked":"SKIP","floor":23.0},{"not_picked":["Stack","Hello World+1"],"picked":"BootSequence","floor":24.0},{"not_picked":["Barrage","Rebound"],"picked":"Meteor Strike","floor":25.0},{"not_picked":["Go for the Eyes","Gash"],"picked":"Steam+1","floor":27.0},{"not_picked":["Self Repair","Lockon"],"picked":"Defragment","floor":28.0},{"not_picked":["Cold Snap","Conserve Battery"],"picked":"Hologram+1","floor":30.0},{"not_picked":["Streamline","Sweeping Beam"],"picked":"Defragment","floor":31.0},{"not_picked":["Beam Cell","Leap"],"picked":"Defragment","floor":32.0},{"not_picked":["All For One","Rainbow"],"picked":"Amplify","floor":33.0},{"not_picked":["Hologram","Doom and Gloom+1","Streamline"],"picked":"SKIP","floor":35.0},{"not_picked":["Purity","Swift Strike"],"picked":"Panache","floor":37.0},{"not_picked":["Magnetism","Chrysalis"],"picked":"Panacea","floor":37.0},{"not_picked":["Go for the Eyes","Barrage"],"picked":"Loop","floor":38.0},{"not_picked":["Self Repair","Barrage","Chaos+1"],"picked":"SKIP","floor":39.0},{"not_picked":["Rip and Tear","Darkness+1","Lockon+1"],"picked":"SKIP","floor":40.0},{"not_picked":["Conserve Battery","Beam Cell","Ball Lightning+1"],"picked":"SKIP","floor":42.0},{"not_picked":["Barrage+1","Loop"],"picked":"Coolheaded","floor":44.0},{"not_picked":["Coolheaded","Doom and Gloom"],"picked":"Glacier+1","floor":44.0},{"not_picked":["Thunder Strike","Redo+1"],"picked":"Storm","floor":44.0},{"not_picked":["Darkness+1","Redo+1"],"picked":"Coolheaded","floor":47.0},{"not_picked":["Conserve Battery+1","Sweeping Beam+1","Hello World"],"picked":"SKIP","floor":48.0},{"not_picked":["Barrage","Genetic Algorithm+1","Double Energy","Force Field+1"],"picked":"SKIP","floor":54}],"player_experience":1200872,"relics_obtained":[{"floor":7.0,"key":"DataDisk"},{"floor":9.0,"key":"Smiling Mask"},{"floor":10.0,"key":"Ornamental Fan"},{"floor":12.0,"key":"Shuriken"},{"floor":19.0,"key":"Red Mask"},{"floor":23.0,"key":"Dream Catcher"},{"floor":25.0,"key":"Nunchaku"},{"floor":36.0,"key":"Mango"},{"floor":40.0,"key":"Bag of Preparation"},{"floor":42.0,"key":"Strawberry"},{"floor":43.0,"key":"Lantern"},{"floor":48.0,"key":"Question Card"},{"floor":54,"key":"Lizard Tail"}],"event_choices":[{"cards_removed":["Strike_B"],"damage_healed":0.0,"max_hp_gain":0.0,"max_hp_loss":0.0,"gold_gain":0.0,"event_name":"Bonfire Elementals","player_choice":"Offered Basic","floor":2.0,"gold_loss":0.0,"damage_taken":0.0},{"damage_healed":0.0,"max_hp_gain":0.0,"max_hp_loss":0.0,"gold_gain":52.0,"event_name":"Golden Wing","player_choice":"Gained Gold","floor":13.0,"gold_loss":0.0,"damage_taken":0.0},{"damage_healed":0.0,"max_hp_gain":0.0,"max_hp_loss":0.0,"gold_gain":0.0,"event_name":"Masked Bandits","player_choice":"Fought Bandits","floor":19.0,"gold_loss":0.0,"damage_taken":0.0},{"damage_healed":0.0,"max_hp_gain":0.0,"max_hp_loss":0.0,"gold_gain":0.0,"event_name":"Upgrade Shrine","player_choice":"Upgraded","floor":20.0,"gold_loss":0.0,"damage_taken":0.0,"cards_upgraded":["Electrodynamics"]},{"damage_healed":0.0,"max_hp_gain":0.0,"max_hp_loss":0.0,"gold_gain":0.0,"event_name":"MindBloom","player_choice":"Fight","floor":36.0,"gold_loss":0.0,"damage_taken":0.0},{"damage_healed":0.0,"max_hp_gain":0.0,"max_hp_loss":0.0,"gold_gain":0.0,"event_name":"SensoryStone","player_choice":"Memory 3","floor":37.0,"gold_loss":0.0,"damage_taken":10.0},{"cards_removed":["BootSequence"],"damage_healed":0.0,"max_hp_gain":0.0,"max_hp_loss":0.0,"gold_gain":0.0,"event_name":"Falling","player_choice":"Removed Skill","floor":45.0,"gold_loss":0.0,"damage_taken":0.0}],"is_beta":false,"boss_relics":[{"not_picked":["Velvet Choker","Calling Bell"],"picked":"SacredBark"},{"not_picked":["Runic Pyramid","SlaversCollar"],"picked":"Cursed Key"}],"items_purged_floors":[4,44,53],"is_endless":false,"potions_floor_spawned":[1,10,14,16,19,21,27,30,35,36,39,42,54],"ascension_level":1}}