{"host":"pgqkv8mh62pnrbci","time":1611577338,"event":{"mods":["2.2 Compatiblity","AchievementEnabler","BaseMod","Custom Start","DeckTracker","Hermit","Minty Spire (QoL Compilation)","StSLib","SuperFastMode","¡¼?Úª?ø«¡½REMEMod"],"gold_per_floor":[111,111,121,121,137,167,167,177,177,177,195,195,195],"floor_reached":12,"language":"KOR","playtime":450,"items_purged":[],"score":104,"play_id":"bf598fb2-22f8-4cae-9f49-cce7fe727eac","local_time":"20210125212218","is_ascension_mode":true,"campfire_choices":[{"data":"hermit:CalledShot","floor":7.0,"key":"SMITH"},{"floor":10.0,"key":"REST"}],"circlet_count":0,"master_deck":["hermit:Strike_Hermit","hermit:Strike_Hermit","hermit:Strike_Hermit","hermit:Defend_Hermit","hermit:Defend_Hermit","hermit:Defend_Hermit","hermit:Defend_Hermit","hermit:Snapshot","hermit:Covet","A Thousand Cuts","hermit:Dive","hermit:ItchyTrigger","hermit:FromBeyond","hermit:TrackingShot","Dark Shackles","hermit:CalledShot+1","hermit:RoundhouseKick","hermit:LoneWolf"],"relics":["hermit:Momento","REME_ComplimentaryCards","NeowsBlessing","Letter Opener","Singing Bowl"],"acts_visited":["Exordium"],"potions_floor_usage":[12],"damage_taken":[{"damage":0.0,"enemies":"2 Louse","floor":1.0,"turns":1.0},{"damage":0.0,"enemies":"Small Slimes","floor":3.0,"turns":1.0},{"damage":0.0,"enemies":"Cultist","floor":5.0,"turns":1.0},{"damage":31.0,"enemies":"3 Sentries","floor":6.0,"turns":7.0},{"damage":18.0,"enemies":"Exordium Thugs","floor":8.0,"turns":4.0},{"damage":13.0,"enemies":"Looter","floor":11.0,"turns":4.0},{"damage":29,"enemies":"Gremlin Nob","floor":12,"turns":3}],"seed_played":"4308041528159610469","potions_obtained":[{"floor":1.0,"key":"Ancient Potion"}],"is_trial":false,"path_per_floor":["M","?","M","?","M","E","R","M","T","R","M","E"],"character_chosen":"HERMIT","items_purchased":[],"campfire_rested":1,"item_purchase_floors":[],"current_hp_per_floor":[68,61,61,61,61,30,30,12,12,34,23,0,0],"gold":195,"neow_bonus":"THREE_ENEMY_KILL","is_daily":false,"chose_seed":false,"campfire_upgraded":1,"win_rate":0.0,"timestamp":1611577338,"path_taken":["M","?","M","?","?","E","R","M","T","R","M","E"],"items_purchased_type":[],"build_version":"2020-12-22","purchased_purges":0,"victory":false,"max_hp_per_floor":[75,75,75,75,75,75,75,75,75,75,77,77,77],"card_choices":[{"not_picked":["hermit:Roulette","hermit:Manifest"],"picked":"hermit:Dive","floor":1.0},{"not_picked":["hermit:Misfire","hermit:WideOpen"],"picked":"hermit:ItchyTrigger","floor":3.0},{"not_picked":["hermit:Roulette","hermit:Scavenge"],"picked":"hermit:CalledShot","floor":5.0},{"not_picked":["hermit:DeadMansHand","hermit:Feint"],"picked":"hermit:RoundhouseKick","floor":6.0},{"not_picked":["hermit:Grudge","hermit:Determination"],"picked":"hermit:LoneWolf","floor":8.0},{"not_picked":["hermit:Feint","hermit:TrackingShot","hermit:HighCaliber"],"picked":"Singing Bowl","floor":11.0}],"player_experience":671878,"relics_obtained":[{"floor":6.0,"key":"Letter Opener"},{"floor":9.0,"key":"Singing Bowl"}],"event_choices":[{"cards_removed":["hermit:Strike_Hermit"],"damage_healed":0.0,"max_hp_gain":0.0,"max_hp_loss":0.0,"gold_gain":0.0,"event_name":"Golden Wing","player_choice":"Card Removal","floor":2.0,"gold_loss":0.0,"damage_taken":7.0},{"damage_healed":0.0,"max_hp_gain":0.0,"max_hp_loss":0.0,"gold_gain":0.0,"event_name":"Match and Keep!","player_choice":"3 cards matched","floor":4.0,"gold_loss":0.0,"damage_taken":0.0,"cards_obtained":["hermit:FromBeyond","hermit:TrackingShot","Dark Shackles"]}],"is_beta":false,"boss_relics":[],"items_purged_floors":[],"is_endless":false,"potions_floor_spawned":[1],"killed_by":"Gremlin Nob","ascension_level":6}}