{"host":"hk3n60c9tb8azi3z","time":1611540222,"event":{"mods":["AchievementEnabler","BaseMod","Minty Spire (QoL Compilation)","Permanent Neow","Quick Restart","Relic Sorter","Relic Stats"],"gold_per_floor":[117,127,41,41,57,57,82,13,38,38,38,73,73,108,108,182,182,182,182,25,40,40,40,75,75,75,75,101,101,136,158,158,238,238,252,270,304,330,380,389,13,51,51,51,60,60,60],"floor_reached":46,"language":"ENG","playtime":2906,"items_purged":["Pain"],"score":1092,"play_id":"a4fc61a9-30be-4e3b-bd98-fa99b299cf80","local_time":"20210125030342","is_ascension_mode":true,"campfire_choices":[{"floor":6,"key":"REST"},{"floor":10,"key":"REST"},{"floor":13,"key":"REST"},{"floor":15,"key":"REST"},{"data":"Static Discharge","floor":23,"key":"SMITH"},{"floor":25,"key":"REST"},{"floor":29,"key":"REST"},{"data":"Capacitor","floor":32,"key":"SMITH"},{"floor":40,"key":"REST"},{"floor":45,"key":"REST"}],"circlet_count":0,"master_deck":["AscendersBane","Defend_B","Defend_B","Defend_B","Defend_B","Zap+1","Dualcast","Tempest","Conserve Battery","Doom and Gloom","Ball Lightning","Go for the Eyes","Beam Cell","Chill","Static Discharge+1","Coolheaded+1","Auto Shields","Lockon","Thunder Strike","CurseOfTheBell","Capacitor+1","Shame","Bite","Bite","Bite","Bite","Bite","Conserve Battery","Undo","Self Repair","Electrodynamics","Violence","Apotheosis","Force Field+1","Hologram+1","Turbo","Defragment+1","Master of Strategy","Panacea","Amplify","Static Discharge"],"relics":["Black Star","Dream Catcher","Juzu Bracelet","Ornamental Fan","Orichalcum","WarpedTongs","Matryoshka","PreservedInsect","Du-Vu Doll","DataDisk","Calling Bell","Art of War","Darkstone Periapt","Torii","Membership Card","Symbiotic Virus","Smiling Mask","Cables","War Paint","Bronze Scales","CeramicFish","Bottled Flame","Velvet Choker","WingedGreaves","Gambling Chip","Blue Candle","Regal Pillow","Bag of Marbles","Toy Ornithopter"],"acts_visited":["Exordium","TheCity","TheBeyond"],"potions_floor_usage":[7,7,16,18,30,33,35,42,46],"damage_taken":[{"damage":9,"enemies":"2 Louse","floor":1,"turns":4},{"damage":7,"enemies":"Jaw Worm","floor":2,"turns":4},{"damage":0,"enemies":"Cultist","floor":5,"turns":3},{"damage":30,"enemies":"Gremlin Nob","floor":7,"turns":4},{"damage":9,"enemies":"3 Sentries","floor":12,"turns":7},{"damage":13,"enemies":"Gremlin Nob","floor":14,"turns":4},{"damage":21,"enemies":"The Guardian","floor":16,"turns":9},{"damage":0,"enemies":"Shell Parasite","floor":18,"turns":1},{"damage":11,"enemies":"3 Byrds","floor":21,"turns":8},{"damage":39,"enemies":"Book of Stabbing","floor":24,"turns":4},{"damage":1,"enemies":"Gremlin Leader","floor":30,"turns":6},{"damage":0,"enemies":"Cultist and Chosen","floor":31,"turns":3},{"damage":79,"enemies":"Automaton","floor":33,"turns":10},{"damage":2,"enemies":"3 Darklings","floor":35,"turns":3},{"damage":2,"enemies":"Mind Bloom Boss Battle","floor":37,"turns":5},{"damage":40,"enemies":"Orb Walker","floor":38,"turns":4},{"damage":61,"enemies":"2 Orb Walkers","floor":39,"turns":5},{"damage":21,"enemies":"Nemesis","floor":42,"turns":7},{"damage":88,"enemies":"Giant Head","floor":46,"turns":6}],"seed_played":"-5805631219768592352","potions_obtained":[{"floor":1,"key":"Weak Potion"},{"floor":2,"key":"GamblersBrew"},{"floor":12,"key":"SmokeBomb"},{"floor":14,"key":"DuplicationPotion"},{"floor":21,"key":"SneckoOil"},{"floor":24,"key":"SkillPotion"},{"floor":33,"key":"SneckoOil"},{"floor":42,"key":"SteroidPotion"}],"is_trial":false,"path_per_floor":["M","M","$","?","M","R","E","?","T","R","?","E","R","E","R","B",null,"M","?","$","M","?","R","E","R","T","?","T","R","E","M","R","B",null,"M","?","?","M","?","R","$","E","T","?","R","E"],"character_chosen":"DEFECT","items_purchased":["Doom and Gloom","Membership Card","Defragment","Blue Candle","Block Potion","Master of Strategy","Panacea"],"campfire_rested":8,"item_purchase_floors":[3,20,41,41,41,41,41],"current_hp_per_floor":[55,48,48,22,22,43,13,13,13,34,34,25,46,33,54,33,62,62,62,62,51,57,57,20,43,43,43,43,66,77,77,77,17,62,70,60,77,59,5,28,28,30,30,30,68,0,0],"gold":60,"neow_bonus":"BOSS_RELIC","is_daily":false,"chose_seed":false,"campfire_upgraded":2,"win_rate":0.0,"timestamp":1611540222,"path_taken":["M","M","$","?","M","R","E","?","T","R","?","E","R","E","R","BOSS","M","?","$","M","?","R","E","R","T","?","?","R","E","M","R","BOSS","M","?","?","M","?","R","$","E","T","?","R","E"],"items_purchased_type":["Card","Relic","Card","Relic","Potion","Card","Card"],"build_version":"2020-12-22","purchased_purges":1,"victory":false,"max_hp_per_floor":[71,71,71,71,71,71,71,71,71,71,71,71,71,71,71,71,71,71,71,71,71,77,77,77,77,77,77,77,77,77,77,77,77,77,77,77,77,77,77,77,77,77,77,77,77,77,77],"relic_stats":{"Darkstone Periapt":6,"Regal Pillow":15,"Torii":7,"counters":[19,97],"CeramicFish":117,"Blue Candle":[0],"PreservedInsect":293,"Juzu Bracelet":2,"Orichalcum":[120],"War Paint":["Zap","Coolheaded"],"Smiling Mask":-12,"WarpedTongs":[77],"Cables":[49,19,8,22,0],"Dream Catcher":8,"Ornamental Fan":[36],"Bronze Scales":[115],"Gambling Chip":[6],"Black Star":6,"Art of War":[10],"obtain_stats":[{"Darkstone Periapt":17,"Regal Pillow":42,"Torii":17,"CeramicFish":30,"Juzu Bracelet":7,"Smiling Mask":24,"Blood Vial":22,"Dream Catcher":4,"Matryoshka":12,"Gambling Chip":39,"WingedGreaves":37,"Cracked Core":0,"Blue Candle":41,"Velvet Choker":34,"PreservedInsect":12,"Orichalcum":9,"War Paint":28,"WarpedTongs":11,"Cables":26,"Du-Vu Doll":14,"Calling Bell":17,"DataDisk":14,"Bottled Flame":30,"Ornamental Fan":7,"Bronze Scales":28,"Black Star":0,"Art of War":17,"Bag of Marbles":42,"Membership Card":20,"Symbiotic Virus":24,"Toy Ornithopter":43},{"Darkstone Periapt":7,"Regal Pillow":18,"Torii":7,"CeramicFish":11,"Juzu Bracelet":4,"Smiling Mask":10,"Blood Vial":9,"Dream Catcher":2,"Matryoshka":5,"Gambling Chip":17,"WingedGreaves":15,"Cracked Core":0,"Blue Candle":17,"Velvet Choker":13,"PreservedInsect":5,"Orichalcum":4,"War Paint":10,"WarpedTongs":4,"Cables":10,"Du-Vu Doll":6,"Calling Bell":7,"DataDisk":6,"Bottled Flame":11,"Ornamental Fan":4,"Bronze Scales":10,"Black Star":0,"Art of War":7,"Bag of Marbles":18,"Membership Card":8,"Symbiotic Virus":10,"Toy Ornithopter":18},{"Darkstone Periapt":35,"Regal Pillow":91,"Torii":35,"CeramicFish":54,"Juzu Bracelet":15,"Smiling Mask":48,"Blood Vial":44,"Dream Catcher":8,"Matryoshka":22,"Gambling Chip":84,"WingedGreaves":75,"Cracked Core":0,"Blue Candle":84,"Velvet Choker":67,"PreservedInsect":22,"Orichalcum":15,"War Paint":48,"WarpedTongs":15,"Cables":48,"Du-Vu Doll":26,"Calling Bell":35,"DataDisk":26,"Bottled Flame":54,"Ornamental Fan":15,"Bronze Scales":48,"Black Star":0,"Art of War":35,"Bag of Marbles":91,"Membership Card":36,"Symbiotic Virus":48,"Toy Ornithopter":91}],"Toy Ornithopter":5},"card_choices":[{"not_picked":["Fusion","Consume"],"picked":"Tempest","floor":1},{"not_picked":["Tempest","Aggregate"],"picked":"Conserve Battery","floor":2},{"not_picked":["FTL","Rip and Tear"],"picked":"Ball Lightning","floor":5},{"not_picked":["Steam","Gash"],"picked":"Go for the Eyes","floor":6},{"not_picked":["Thunder Strike","Rebound"],"picked":"Beam Cell","floor":7},{"not_picked":["Hologram","Beam Cell"],"picked":"Chill","floor":10},{"not_picked":["Barrage","Doom and Gloom"],"picked":"Static Discharge","floor":12},{"not_picked":["Redo","White Noise"],"picked":"Coolheaded","floor":13},{"not_picked":["Compile Driver","Go for the Eyes"],"picked":"Auto Shields","floor":14},{"not_picked":["Conserve Battery","Rebound"],"picked":"Lockon","floor":15},{"not_picked":["Hyperbeam","Meteor Strike"],"picked":"Thunder Strike","floor":16},{"not_picked":["Go for the Eyes","Cold Snap"],"picked":"Capacitor","floor":21},{"not_picked":["Double Energy","Melter","Hyperbeam"],"picked":"SKIP","floor":24},{"not_picked":["Cold Snap","Ball Lightning"],"picked":"Conserve Battery","floor":29},{"not_picked":["Streamline","FTL"],"picked":"Undo","floor":30},{"not_picked":["Gash","Cold Snap"],"picked":"Self Repair","floor":31},{"not_picked":["Hyperbeam","Core Surge"],"picked":"Electrodynamics","floor":33},{"not_picked":["Ball Lightning","Leap+1","Steam+1"],"picked":"SKIP","floor":35},{"not_picked":["Deep Breath","Enlightenment"],"picked":"Violence","floor":36},{"not_picked":["Good Instincts","Thinking Ahead"],"picked":"Apotheosis","floor":36},{"not_picked":["Redo","Steam"],"picked":"Force Field+1","floor":37},{"not_picked":["Coolheaded","Streamline"],"picked":"Hologram+1","floor":38},{"not_picked":["Auto Shields","Rebound"],"picked":"Turbo","floor":40},{"not_picked":["Heatsinks","Self Repair"],"picked":"Amplify","floor":42},{"not_picked":["Storm","Tempest"],"picked":"Static Discharge","floor":45}],"player_experience":1602552,"relics_obtained":[{"floor":7,"key":"Juzu Bracelet"},{"floor":7,"key":"Ornamental Fan"},{"floor":9,"key":"Orichalcum"},{"floor":12,"key":"Matryoshka"},{"floor":12,"key":"PreservedInsect"},{"floor":14,"key":"Du-Vu Doll"},{"floor":14,"key":"DataDisk"},{"floor":17,"key":"Art of War"},{"floor":17,"key":"Darkstone Periapt"},{"floor":17,"key":"Torii"},{"floor":24,"key":"Symbiotic Virus"},{"floor":24,"key":"Smiling Mask"},{"floor":26,"key":"Cables"},{"floor":28,"key":"War Paint"},{"floor":28,"key":"Bronze Scales"},{"floor":30,"key":"CeramicFish"},{"floor":30,"key":"Bottled Flame"},{"floor":37,"key":"WingedGreaves"},{"floor":39,"key":"Gambling Chip"},{"floor":42,"key":"Regal Pillow"},{"floor":42,"key":"Bag of Marbles"},{"floor":43,"key":"Toy Ornithopter"}],"event_choices":[{"damage_healed":0,"gold_gain":0,"player_choice":"Success","damage_taken":26,"relics_obtained":["Dream Catcher"],"max_hp_gain":0,"max_hp_loss":0,"event_name":"Scrap Ooze","floor":4,"gold_loss":0},{"damage_healed":0,"gold_gain":0,"player_choice":"Left Gold","damage_taken":0,"max_hp_gain":0,"max_hp_loss":0,"event_name":"World of Goop","floor":8,"gold_loss":69},{"damage_healed":0,"gold_gain":0,"player_choice":"Rummage","damage_taken":0,"relics_obtained":["WarpedTongs"],"max_hp_gain":0,"max_hp_loss":0,"event_name":"Accursed Blacksmith","floor":11,"gold_loss":0,"cards_obtained":["Pain"]},{"damage_healed":0,"gold_gain":0,"player_choice":"Ignored","damage_taken":0,"max_hp_gain":0,"max_hp_loss":0,"event_name":"Ghosts","floor":19,"gold_loss":0},{"damage_healed":0,"gold_gain":0,"player_choice":"Stole Relic","damage_taken":0,"relics_obtained":["Blood Vial"],"max_hp_gain":0,"max_hp_loss":0,"event_name":"Addict","floor":22,"gold_loss":0,"cards_obtained":["Shame"]},{"damage_healed":0,"gold_gain":0,"player_choice":"Became a vampire (Vial)","damage_taken":0,"max_hp_gain":0,"max_hp_loss":0,"event_name":"Vampires","floor":27,"relics_lost":["Blood Vial"],"gold_loss":0,"cards_obtained":["Bite","Bite","Bite","Bite","Bite"]},{"damage_healed":0,"gold_gain":0,"player_choice":"Memory 3","damage_taken":10,"max_hp_gain":0,"max_hp_loss":0,"event_name":"SensoryStone","floor":36,"gold_loss":0},{"damage_healed":0,"gold_gain":0,"player_choice":"Fight","damage_taken":0,"max_hp_gain":0,"max_hp_loss":0,"event_name":"MindBloom","floor":37,"gold_loss":0},{"damage_healed":0,"gold_gain":0,"player_choice":"Fight","damage_taken":0,"max_hp_gain":0,"max_hp_loss":0,"event_name":"Mysterious Sphere","floor":39,"gold_loss":0},{"damage_healed":0,"gold_gain":0,"player_choice":"Upgraded","damage_taken":0,"max_hp_gain":0,"max_hp_loss":0,"event_name":"Upgrade Shrine","floor":44,"gold_loss":0,"cards_upgraded":["Defragment"]}],"is_beta":false,"boss_relics":[{"not_picked":["Philosopher\u0027s Stone","Tiny House"],"picked":"Calling Bell"},{"not_picked":["Sozu","Coffee Dripper"],"picked":"Velvet Choker"}],"items_purged_floors":[41],"is_endless":false,"potions_floor_spawned":[1,2,12,14,21,24,33,42],"killed_by":"Giant Head","ascension_level":20}}