{"host":"hlz9nytggqnehs39","time":1611610126,"event":{"mods":["BaseMod","Highlight Path","Minty Spire (QoL Compilation)","Relic Sorter","Relic Stats","StSLib","The Bug Knight","The Death Knight"],"gold_per_floor":[114,130,140,67,77,77,111,111,138,167,183,34,109,123,123,227,227,227],"floor_reached":17,"language":"ENG","playtime":1711,"items_purged":[],"score":167,"play_id":"327ea287-6d59-435a-8dca-bad9b7259cb3","local_time":"20210125222846","is_ascension_mode":false,"campfire_choices":[{"data":"DeathKnight:ThirstingStrike","floor":6,"key":"SMITH"},{"data":"DeathKnight:Defile","floor":15,"key":"SMITH"}],"circlet_count":0,"master_deck":["DeathKnight:Strike_DeathKnight","DeathKnight:Strike_DeathKnight","DeathKnight:Strike_DeathKnight","DeathKnight:Strike_DeathKnight","DeathKnight:Strike_DeathKnight","DeathKnight:Defend_DeathKnight","DeathKnight:Defend_DeathKnight","DeathKnight:Defend_DeathKnight","DeathKnight:Defend_DeathKnight","DeathKnight:Defend_DeathKnight","DeathKnight:RuneTap","DeathKnight:RuneStrike","DeathKnight:ThirstingStrike+1","DeathKnight:PlagueStrike","DeathKnight:UnholyPresence","DeathKnight:RunicDetonation","DeathKnight:PathOfFrost","DeathKnight:BloodStrike","DeathKnight:Defile+1","DeathKnight:Parry"],"relics":["DeathKnight:BrokenRuneblade","Orichalcum","Anchor","Art of War","SlaversCollar"],"acts_visited":["Exordium","TheCity"],"potions_floor_usage":[7,16],"damage_taken":[{"damage":0,"enemies":"2 Louse","floor":1,"turns":3},{"damage":5,"enemies":"Jaw Worm","floor":2,"turns":4},{"damage":5,"enemies":"Cultist","floor":3,"turns":4},{"damage":14,"enemies":"Red Slaver","floor":5,"turns":5},{"damage":21,"enemies":"Gremlin Nob","floor":7,"turns":4},{"damage":7,"enemies":"HollowMod:MossKnight","floor":10,"turns":8},{"damage":7,"enemies":"2 Fungi Beasts","floor":11,"turns":3},{"damage":7,"enemies":"Exordium Thugs","floor":14,"turns":6},{"damage":12,"enemies":"Hexaghost","floor":16,"turns":9}],"seed_played":"-2208961386430987634","potions_obtained":[{"floor":1,"key":"LiquidBronze"},{"floor":2,"key":"DeathKnight:RimePotion"},{"floor":3,"key":"PowerPotion"}],"is_trial":false,"path_per_floor":["M","M","M","$","M","R","E","?","T","E","M","$","?","M","R","B",null],"character_chosen":"DEATH_KNIGHT","items_purchased":["DeathKnight:RunicDetonation","DeathKnight:Defile"],"campfire_rested":0,"item_purchase_floors":[4,12],"current_hp_per_floor":[82,77,72,72,58,58,37,64,64,57,50,50,42,35,35,23,82,82],"gold":227,"neow_bonus":"TEN_PERCENT_HP_BONUS","is_daily":false,"chose_seed":false,"campfire_upgraded":2,"win_rate":0.0,"timestamp":1611610126,"path_taken":["M","M","M","$","M","R","E","?","T","E","M","$","?","M","R","BOSS"],"items_purchased_type":["Card","Card"],"build_version":"2020-12-22","purchased_purges":0,"victory":false,"max_hp_per_floor":[82,82,82,82,82,82,82,82,82,82,82,82,82,82,82,82,82,82],"relic_stats":{"counters":[9,46],"Art of War":[1],"Orichalcum":[54],"obtain_stats":[{"SlaversCollar":17,"Anchor":9,"Art of War":10,"Orichalcum":7,"DeathKnight:BrokenRuneblade":0},{"SlaversCollar":9,"Anchor":5,"Art of War":6,"Orichalcum":5,"DeathKnight:BrokenRuneblade":0},{"SlaversCollar":46,"Anchor":20,"Art of War":28,"Orichalcum":20,"DeathKnight:BrokenRuneblade":0}]},"card_choices":[{"not_picked":["DeathKnight:IcyTouch","DeathKnight:Culling"],"picked":"DeathKnight:ThirstingStrike","floor":1},{"not_picked":["DeathKnight:DeathCoil","DeathKnight:DreadStrike"],"picked":"DeathKnight:PlagueStrike","floor":2},{"not_picked":["DeathKnight:DeathRune","DeathKnight:Pestilence"],"picked":"DeathKnight:UnholyPresence","floor":3},{"not_picked":["DeathKnight:HornOfWinter","DeathKnight:UnholyAssault","DeathKnight:Pestilence"],"picked":"SKIP","floor":5},{"not_picked":["DeathKnight:BladedArmor","DeathKnight:ChainsOfIce"],"picked":"DeathKnight:PathOfFrost","floor":7},{"not_picked":["DeathKnight:ShatteringStrikes","DeathKnight:IcyTouch"],"picked":"DeathKnight:BloodStrike","floor":10},{"not_picked":["DeathKnight:DreadStrike","DeathKnight:UnholyPresence","DeathKnight:ScourgeStrike"],"picked":"SKIP","floor":11},{"not_picked":["DeathKnight:Hysteria","DeathKnight:HornOfWinter"],"picked":"DeathKnight:Parry","floor":14}],"player_experience":392439,"relics_obtained":[{"floor":7,"key":"Orichalcum"},{"floor":9,"key":"Anchor"},{"floor":10,"key":"Art of War"}],"event_choices":[{"damage_healed":27,"gold_gain":0,"player_choice":"Banana","damage_taken":0,"max_hp_gain":0,"max_hp_loss":0,"event_name":"Big Fish","floor":8,"gold_loss":0},{"damage_healed":0,"gold_gain":75,"player_choice":"Touch","damage_taken":8,"max_hp_gain":0,"max_hp_loss":0,"event_name":"FaceTrader","floor":13,"gold_loss":0}],"is_beta":false,"boss_relics":[{"not_picked":["Tiny House","Busted Crown"],"picked":"SlaversCollar"}],"items_purged_floors":[],"is_endless":false,"potions_floor_spawned":[1,2,3],"ascension_level":0}}