{"host":"vrsxkkch9ccrec7k","time":1611564780,"event":{"mods":["Act Like it!","BaseMod","Bestiary","Better Altar","Better Match","Better Note","Better Sensory Stone","Better Skull","Better Third Choice","Better Vampires","Downfall","Minty Spire (QoL Compilation)","Permanent Neow","Relic Stats","Spicy Shops","StSLib"],"gold_per_floor":[110,185,185,185,204,204,240,240,263,263,281,39,39,53,53,146,146,171,171,41,54,54,54,78,78,78,109,109,109,26,59,59,148,148,171,192,67,10,26,26,59,59,108,108,133,133,133,147,147,147],"floor_reached":51,"language":"ENG","playtime":3545,"items_purged":["Strike_R","Strike_R","Strike_R+1"],"score":1456,"play_id":"af7f37d5-e9b4-4d4b-8d2a-bf1632e0b201","local_time":"20210125035300","is_ascension_mode":true,"campfire_choices":[{"data":"Bash","floor":6,"key":"SMITH"},{"data":"Pommel Strike","floor":8,"key":"SMITH"},{"data":"Clothesline","floor":10,"key":"SMITH"},{"data":"Burning Pact","floor":15,"key":"SMITH"},{"data":"Havoc","floor":23,"key":"SMITH"},{"data":"Dual Wield","floor":25,"key":"SMITH"},{"floor":29,"key":"REST"},{"floor":32,"key":"REST"},{"data":"Dark Embrace","floor":40,"key":"SMITH"},{"floor":46,"key":"REST"},{"floor":49,"key":"REST"}],"circlet_count":0,"master_deck":["AscendersBane","Defend_R+1","Defend_R","Defend_R+1","Defend_R+1","Bash+1","Dropkick+1","Pommel Strike+1","Clothesline+1","Shrug It Off+1","Burning Pact+1","LessonLearned+1","Corruption+1","Havoc+1","Armaments+1","Flash of Steel+1","Dual Wield+1","Dark Embrace+1","Impervious+1","Shrug It Off+1"],"relics":["Burning Blood","Golden Idol","bronze:BronzeIdol","Juzu Bracelet","Orrery","sneckomod:SneckoTalon","Sundial","War Paint","InkBottle","Empty Cage","Darkstone Periapt","Blue Candle"],"acts_visited":["Exordium","TheCity","TheBeyond"],"potions_floor_usage":[5,7,16,27,31,50],"damage_taken":[{"damage":5,"enemies":"2 Louse","floor":1,"turns":3},{"damage":10,"enemies":"Small Slimes","floor":5,"turns":5},{"damage":20,"enemies":"Lagavulin","floor":7,"turns":7},{"damage":1,"enemies":"Cultist","floor":11,"turns":3},{"damage":8,"enemies":"Looter","floor":14,"turns":4},{"damage":34,"enemies":"The Guardian","floor":16,"turns":17},{"damage":17,"enemies":"Chosen","floor":18,"turns":5},{"damage":11,"enemies":"3 Byrds","floor":21,"turns":6},{"damage":1,"enemies":"Centurion and Healer","floor":24,"turns":8},{"damage":16,"enemies":"Book of Stabbing","floor":27,"turns":4},{"damage":36,"enemies":"Gremlin Leader","floor":31,"turns":9},{"damage":29,"enemies":"Champ","floor":33,"turns":6},{"damage":0,"enemies":"Orb Walker","floor":35,"turns":3},{"damage":17,"enemies":"3 Darklings","floor":36,"turns":4},{"damage":1,"enemies":"Spire Growth","floor":39,"turns":4},{"damage":41,"enemies":"Reptomancer","floor":41,"turns":3},{"damage":17,"enemies":"Writhing Mass","floor":45,"turns":4},{"damage":9,"enemies":"3 Darklings","floor":48,"turns":4},{"damage":0,"enemies":"Donu and Deca","floor":50,"turns":2}],"seed_played":"6750109618529308190","potions_obtained":[{"floor":0,"key":"Block Potion"},{"floor":0,"key":"CultistPotion"},{"floor":5,"key":"ElixirPotion"},{"floor":11,"key":"Strength Potion"},{"floor":19,"key":"sneckomod:MuddlingPotion"},{"floor":24,"key":"Strength Potion"},{"floor":33,"key":"ElixirPotion"},{"floor":36,"key":"AttackPotion"},{"floor":41,"key":"Strength Potion"}],"is_trial":false,"path_per_floor":["M","?","?","?","M","R","E","R","T","R","M","$","?","M","R","B",null,"M","?","$","M","?","R","M","R","T","E","?","R","$","E","R","B",null,"M","M","$","?","M","R","E","$","T","?","M","R","?","M","R","B",null],"character_chosen":"IRONCLAD","items_purchased":["Orrery","Armaments","Dark Embrace"],"campfire_rested":4,"item_purchase_floors":[12,20,30],"current_hp_per_floor":[69,58,63,63,59,59,45,45,45,45,50,50,47,45,45,17,58,47,47,47,42,42,42,47,47,47,37,37,58,58,28,49,26,61,67,56,56,56,61,61,26,26,26,26,15,36,36,33,54,60],"gold":147,"neow_bonus":"THREE_SMALL_POTIONS","is_daily":false,"chose_seed":false,"campfire_upgraded":7,"win_rate":0.0,"timestamp":1611564780,"path_taken":["M","?","?","?","M","R","E","R","T","R","M","$","?","M","R","BOSS","M","?","$","M","?","R","M","R","T","E","?","R","?","E","R","BOSS","M","M","$","?","M","R","E","?","T","?","M","R","?","M","R","BOSS"],"items_purchased_type":["Relic","Card","Card"],"build_version":"2020-12-22","purchased_purges":3,"victory":true,"max_hp_per_floor":[75,75,80,72,72,72,72,72,72,72,72,72,72,72,72,72,72,72,72,72,72,72,72,72,72,72,72,72,72,72,72,72,72,72,72,72,72,72,72,72,72,72,72,72,72,72,72,72,72,72],"relic_stats":{"Darkstone Periapt":0,"counters":[19,101],"Golden Idol":128,"Sundial":[150],"Blue Candle":[0],"Juzu Bracelet":2,"War Paint":["Defend_R","Defend_R"],"obtain_stats":[{"Darkstone Periapt":38,"Golden Idol":4,"Sundial":26,"Blue Candle":41,"Orrery":12,"Juzu Bracelet":9,"War Paint":27,"sneckomod:SneckoTalon":17,"Empty Cage":34,"Burning Blood":0,"InkBottle":31,"bronze:BronzeIdol":7},{"Darkstone Periapt":14,"Golden Idol":1,"Sundial":9,"Blue Candle":16,"Orrery":4,"Juzu Bracelet":3,"War Paint":10,"sneckomod:SneckoTalon":6,"Empty Cage":12,"Burning Blood":0,"InkBottle":11,"bronze:BronzeIdol":3},{"Darkstone Periapt":84,"Golden Idol":3,"Sundial":58,"Blue Candle":91,"Orrery":18,"Juzu Bracelet":15,"War Paint":62,"sneckomod:SneckoTalon":39,"Empty Cage":77,"Burning Blood":0,"InkBottle":71,"bronze:BronzeIdol":15}],"Burning Blood":114,"InkBottle":[20]},"card_choices":[{"not_picked":["Armaments","Blood for Blood"],"picked":"Dropkick","floor":1},{"not_picked":["Battle Trance","Metallicize"],"picked":"Pommel Strike","floor":5},{"not_picked":["Twin Strike","Iron Wave"],"picked":"Clothesline","floor":7},{"not_picked":["Warcry","Blood for Blood","Perfected Strike"],"picked":"SKIP","floor":11},{"not_picked":["Warcry","Blood for Blood","Perfected Strike"],"picked":"SKIP","floor":11},{"not_picked":["Headbutt","Cleave"],"picked":"Shrug It Off","floor":12},{"not_picked":["Headbutt","Anger"],"picked":"Burning Pact","floor":12},{"not_picked":["Iron Wave","Rage","Anger"],"picked":"SKIP","floor":14},{"not_picked":["Fiend Fire","Feed"],"picked":"Corruption","floor":16},{"not_picked":["Intimidate","Shrug It Off"],"picked":"Havoc","floor":18},{"not_picked":["Iron Wave","Twin Strike","Wild Strike"],"picked":"SKIP","floor":21},{"not_picked":["Secret Technique","Thinking Ahead"],"picked":"Flash of Steel","floor":22},{"not_picked":["Perfected Strike","Clash+1"],"picked":"Dual Wield","floor":24},{"not_picked":["Cleave","Ghostly Armor","Twin Strike+1"],"picked":"SKIP","floor":27},{"not_picked":["Cleave","Clash","Headbutt"],"picked":"SKIP","floor":31},{"not_picked":["Barricade","Brutality"],"picked":"Impervious","floor":33},{"not_picked":["Flex+1","Clothesline","Sword Boomerang"],"picked":"SKIP","floor":35},{"not_picked":["Anger","Blood for Blood"],"picked":"Shrug It Off","floor":36},{"not_picked":["Headbutt+1","Heavy Blade","Metallicize"],"picked":"SKIP","floor":39},{"not_picked":["Iron Wave+1","Dark Embrace","Flex+1"],"picked":"SKIP","floor":41},{"not_picked":["Reckless Charge","Bloodletting","Heavy Blade+1"],"picked":"SKIP","floor":45},{"not_picked":["Dropkick","Body Slam","Berserk"],"picked":"SKIP","floor":48}],"player_experience":1731021,"relics_obtained":[{"floor":7,"key":"bronze:BronzeIdol"},{"floor":9,"key":"Juzu Bracelet"},{"floor":26,"key":"Sundial"},{"floor":27,"key":"War Paint"},{"floor":31,"key":"InkBottle"},{"floor":41,"key":"Blue Candle"}],"event_choices":[{"damage_healed":0,"gold_gain":75,"player_choice":"Gold","damage_taken":11,"max_hp_gain":0,"max_hp_loss":0,"event_name":"betterThird:BetterGoop","floor":2,"gold_loss":0},{"damage_healed":0,"gold_gain":0,"player_choice":"Donut","damage_taken":0,"max_hp_gain":5,"max_hp_loss":0,"event_name":"Big Fish","floor":3,"gold_loss":0},{"damage_healed":0,"gold_gain":0,"player_choice":"Lose Max HP","damage_taken":0,"relics_obtained":["Golden Idol"],"max_hp_gain":0,"max_hp_loss":8,"event_name":"Golden Idol","floor":4,"gold_loss":0},{"damage_healed":0,"gold_gain":0,"player_choice":"Card ","damage_taken":3,"max_hp_gain":0,"max_hp_loss":0,"event_name":"betterThird:BetterScrap","floor":13,"gold_loss":0,"cards_obtained":["LessonLearned"]},{"damage_healed":0,"gold_gain":0,"player_choice":"Got Potions","damage_taken":0,"max_hp_gain":0,"max_hp_loss":0,"event_name":"Lab","floor":19,"gold_loss":0},{"damage_healed":0,"gold_gain":2,"player_choice":"1","damage_taken":0,"max_hp_gain":0,"max_hp_loss":0,"event_name":"betterStone:BetterStone","floor":22,"gold_loss":0},{"damage_healed":0,"gold_gain":0,"player_choice":"Forge","damage_taken":0,"max_hp_gain":0,"max_hp_loss":0,"event_name":"Accursed Blacksmith","floor":28,"gold_loss":0,"cards_upgraded":["Corruption"]},{"damage_healed":0,"gold_gain":0,"player_choice":"Paid Gold","damage_taken":0,"relics_obtained":["Darkstone Periapt"],"max_hp_gain":0,"max_hp_loss":0,"event_name":"WeMeetAgain","floor":38,"gold_loss":57},{"damage_healed":0,"gold_gain":0,"player_choice":"Ignored","damage_taken":0,"max_hp_gain":0,"max_hp_loss":0,"event_name":"betterThird:BetterPortal","floor":44,"gold_loss":0},{"damage_healed":0,"gold_gain":0,"player_choice":"Ignored","damage_taken":0,"max_hp_gain":0,"max_hp_loss":0,"event_name":"Mysterious Sphere","floor":47,"gold_loss":0}],"is_beta":false,"boss_relics":[{"not_picked":["Runic Dome","Velvet Choker"],"picked":"sneckomod:SneckoTalon"},{"not_picked":["SacredBark","bronze:MakeshiftBattery"],"picked":"Empty Cage"}],"items_purged_floors":[12,20,37],"is_endless":false,"potions_floor_spawned":[1,5,11,14,24,33,36,41,48],"ascension_level":19}}