{"host":"kg61lsvem4dxoat8","time":1611554916,"event":{"mods":["BaseMod","Colored Powertips","Minty Spire (QoL Compilation)","Quick Restart","Rare Cards Sparkle","Relic Stats","slay the spire mod where everything is the same but ironclad has a cowboy hat"],"gold_per_floor":[109,129,229,249,249,249,399,399,426,122,152,227,246,266,266,266,266],"floor_reached":16,"language":"ENG","playtime":444,"items_purged":["Doubt"],"score":185,"play_id":"a4a50b85-a15e-443b-a38b-ada641cb0f19","local_time":"20210125140836","is_ascension_mode":true,"campfire_choices":[{"data":"Blade Dance","floor":6,"key":"SMITH"},{"data":"Cloak And Dagger","floor":8,"key":"SMITH"},{"floor":15,"key":"REST"}],"circlet_count":0,"master_deck":["AscendersBane","Strike_G","Strike_G","Strike_G","Strike_G","Strike_G","Defend_G","Defend_G","Defend_G","Defend_G","Defend_G","Survivor","Neutralize","Cloak And Dagger+1","Blade Dance+1","Infinite Blades"],"relics":["Ring of the Snake","NeowsBlessing","PreservedInsect","Smiling Mask","Happy Flower","Ginger"],"acts_visited":["Exordium"],"potions_floor_usage":[11,11,16],"damage_taken":[{"damage":0,"enemies":"Small Slimes","floor":1,"turns":1},{"damage":0,"enemies":"Cultist","floor":2,"turns":1},{"damage":0,"enemies":"Jaw Worm","floor":4,"turns":1},{"damage":5,"enemies":"3 Sentries","floor":11,"turns":5},{"damage":0,"enemies":"Looter","floor":13,"turns":4},{"damage":5,"enemies":"3 Louse","floor":14,"turns":4},{"damage":39,"enemies":"Slime Boss","floor":16,"turns":6}],"seed_played":"-6506485716042729157","potions_obtained":[{"floor":2,"key":"AttackPotion"},{"floor":4,"key":"Energy Potion"},{"floor":13,"key":"ColorlessPotion"}],"is_trial":false,"path_per_floor":["M","M","?","M","?","R","?","R","T","$","E","?","M","M","R","B"],"character_chosen":"THE_SILENT","items_purchased":["Happy Flower","Infinite Blades"],"campfire_rested":1,"item_purchase_floors":[10,10],"current_hp_per_floor":[59,59,59,59,41,41,41,41,41,41,36,25,25,20,39,0,0],"gold":266,"neow_bonus":"THREE_ENEMY_KILL","is_daily":false,"chose_seed":false,"campfire_upgraded":2,"win_rate":0.0,"timestamp":1611554916,"path_taken":["M","M","?","?","?","R","?","R","T","$","E","?","M","M","R","BOSS"],"items_purchased_type":["Relic","Card"],"build_version":"2020-12-22","purchased_purges":1,"victory":false,"max_hp_per_floor":[66,66,66,66,66,66,66,66,66,66,66,66,66,66,66,66,66],"relic_stats":{"Happy Flower":[6],"counters":[7,22],"PreservedInsect":32,"Ginger":[2],"Smiling Mask":25,"obtain_stats":[{"NeowsBlessing":0,"Happy Flower":10,"PreservedInsect":5,"Ginger":11,"Smiling Mask":9,"Ring of the Snake":0},{"NeowsBlessing":0,"Happy Flower":3,"PreservedInsect":3,"Ginger":4,"Smiling Mask":3,"Ring of the Snake":0},{"NeowsBlessing":0,"Happy Flower":3,"PreservedInsect":3,"Ginger":8,"Smiling Mask":3,"Ring of the Snake":0}],"Ring of the Snake":[14]},"card_choices":[{"not_picked":["Calculated Gamble","Dash"],"picked":"Cloak And Dagger","floor":1},{"not_picked":["Poisoned Stab","Deadly Poison"],"picked":"Blade Dance","floor":2},{"not_picked":["Dodge and Roll","Flying Knee","Poisoned Stab"],"picked":"SKIP","floor":4},{"not_picked":["Wraith Form v2","Dagger Throw","Sucker Punch"],"picked":"SKIP","floor":11},{"not_picked":["Deflect","Concentrate","Eviscerate"],"picked":"SKIP","floor":13},{"not_picked":["Backflip","Dagger Spray","Leg Sweep"],"picked":"SKIP","floor":14}],"player_experience":1393260,"relics_obtained":[{"floor":9,"key":"Smiling Mask"},{"floor":11,"key":"Ginger"}],"event_choices":[{"damage_healed":0,"gold_gain":100,"player_choice":"Gold","damage_taken":0,"max_hp_gain":0,"max_hp_loss":0,"event_name":"Wheel of Change","floor":3,"gold_loss":0},{"damage_healed":0,"gold_gain":0,"player_choice":"Success","damage_taken":18,"relics_obtained":["PreservedInsect"],"max_hp_gain":0,"max_hp_loss":0,"event_name":"Scrap Ooze","floor":5,"gold_loss":0},{"damage_healed":0,"gold_gain":150,"player_choice":"AGREE","damage_taken":0,"max_hp_gain":0,"max_hp_loss":0,"event_name":"Liars Game","floor":7,"gold_loss":0,"cards_obtained":["Doubt"]},{"damage_healed":0,"gold_gain":75,"player_choice":"Gather Gold","damage_taken":11,"max_hp_gain":0,"max_hp_loss":0,"event_name":"World of Goop","floor":12,"gold_loss":0}],"is_beta":false,"boss_relics":[],"items_purged_floors":[10],"is_endless":false,"potions_floor_spawned":[2,4,13],"killed_by":"Slime Boss","ascension_level":17}}