{"host":"3j2m8n0ywf988fwb","time":1611563896,"event":{"mods":["2.2 Compatiblity","AchievementEnabler","Act Like it!","Aspiration","Astrologer","BaseMod","Beaked The Cultist","Better Altar","Better Match","Better Note","Better Sensory Stone","Better Skull","Better Third Choice","CCEM","ChefMod","Colored Map","Colored Powertips","Conspire","Dark Map","Energized Spire","Evolution","Fireblade Mod","GifTheSpireLib","Googly Eyes","Halation","Hallownest","Highlight Path","Hubris","Infinite Spire","Jedi Mod","Marisa????????","Marked Mod","Mimic Mod","Minty Spire (QoL Compilation)","Random Character Button","Relic Stats","Reliquary","Replay The Spire","Robot Space Explorer","Shop Mod","Somnambulant","Spire Arcade","StSLib","Stuff the Spire","The Bug Knight","The Hierophant","The Marked","The Runesmith","TheFirefly","Unceasing Turn Reminder","everything is the same but u backflip on backflip"],"gold_per_floor":[118,118,118,118,118,148,167,180,219,219,253,253,305,335,335,433,433,445,445,109,109,59,108,108,134,159,159,159,190,262,262,292,321,321,438,438,463,463,463,463,501,501],"floor_reached":41,"language":"ENG","playtime":2090,"items_purged":["RobotSpaceExplorer:SurgingStrike","RobotSpaceExplorer:SurgingStrike"],"score":530,"play_id":"49da8a29-f857-46b4-84af-4e1e4c8526bb","local_time":"20210125023816","is_ascension_mode":true,"campfire_choices":[{"data":"RobotSpaceExplorer:Discharger","floor":10,"key":"SMITH"},{"data":"RobotSpaceExplorer:ShockKick","floor":12,"key":"SMITH"},{"data":"RobotSpaceExplorer:Discharger","floor":15,"key":"SMITH"},{"data":"Thinking Ahead","floor":31,"key":"SMITH"},{"data":"Hallownest:attackAdjustingAction","floor":34,"key":"SMITH"}],"circlet_count":0,"master_deck":["RobotSpaceExplorer:SurgingStrike","RobotSpaceExplorer:Defend","RobotSpaceExplorer:Defend","RobotSpaceExplorer:Defend+1","RobotSpaceExplorer:Defend+1","RobotSpaceExplorer:Scan","RobotSpaceExplorer:MiniLasers","RobotSpaceExplorer:Discharger+1","RobotSpaceExplorer:ShockKick+1","RobotSpaceExplorer:MetalStrike","RobotSpaceExplorer:Probe","RobotSpaceExplorer:Discharger+1","RobotSpaceExplorer:ChargingLaser","RobotSpaceExplorer:MiniBoosters","RobotSpaceExplorer:ShockKick","Enlightenment","Thinking Ahead+1","RobotSpaceExplorer:SurgingShield","RobotSpaceExplorer:ShockKick","RobotSpaceExplorer:LuckyStrike","RobotSpaceExplorer:ScrapMissile","RobotSpaceExplorer:MiniBoosters","Hallownest:attackAdjustingAction+1","RobotSpaceExplorer:TrailblazerForm","hubris:NaturalOne"],"relics":["RobotSpaceExplorer:RoboCore","EVO:Axolotl","NeowsBlessing","Hallownest:DreamNailRelic","halation:LettersToHer","Orichalcum","hubris:BundleOfHerbs","CCEMRelics:Barrel","Replay:Rubber Ducky","Black Star","Ginger","Replay:Bandana","Replay:Towering Pillar of Hats","Strawberry","War Paint","Ring of Chaos","hubris:Icosahedron","halation:PinkSoulGem","CCEMRelics:BiPhaseBiplane"],"acts_visited":["Exordium","Hallownest:Greenpath","Hallownest:CityofTears"],"potions_floor_usage":[14,33,35,37],"damage_taken":[{"damage":0,"enemies":"Hallownest:monsterHuskGuard","floor":1,"turns":1},{"damage":0,"enemies":"Hallownest:eliteVengeflyKing","floor":6,"turns":1},{"damage":0,"enemies":"2_ Uuma","floor":7,"turns":1},{"damage":1,"enemies":"Hallownest:2_Baldur","floor":8,"turns":4},{"damage":6,"enemies":"Hallownest:Wandering_and_Horned","floor":9,"turns":5},{"damage":16,"enemies":"Hallownest:eliteCrystalGuardian","floor":11,"turns":4},{"damage":2,"enemies":"Hallownest:eliteMossKnight","floor":14,"turns":5},{"damage":26,"enemies":"Hallownest:BossFalseKnight","floor":16,"turns":8},{"damage":3,"enemies":"Hallownest:3_Youths","floor":18,"turns":5},{"damage":3,"enemies":"Hallownest:eliteSoulWarrior","floor":23,"turns":8},{"damage":9,"enemies":"Hallownest:Guard_and_Sentry","floor":25,"turns":5},{"damage":0,"enemies":"Hallownest:monsterShrumalOgre","floor":29,"turns":4},{"damage":7,"enemies":"Hallownest:Glutton_and_Coward","floor":30,"turns":5},{"damage":6,"enemies":"Hallownest:2_Husk_Sentries","floor":32,"turns":6},{"damage":1,"enemies":"Hallownest:monsterMisterMushroom","floor":33,"turns":9},{"damage":20,"enemies":"Hallownest:BossMantisLord","floor":35,"turns":7},{"damage":1,"enemies":"Hallownest:3_Siblings","floor":37,"turns":10},{"damage":11,"enemies":"Hallownest:3_Siblings","floor":41,"turns":5},{"damage":28,"enemies":"Hallownest:3_Siblings","floor":41,"turns":8},{"damage":42,"enemies":"Hallownest:3_Siblings","floor":41,"turns":2}],"seed_played":"-5317623698514985529","potions_obtained":[{"floor":8,"key":"GamblersBrew"},{"floor":11,"key":"SkillPotion"},{"floor":14,"key":"Toxic Potion"},{"floor":16,"key":"jedi:tentaclejuice"},{"floor":30,"key":"Fire Potion"},{"floor":33,"key":"Adrenaline Potion"},{"floor":35,"key":"LifebloodPotion"}],"is_trial":false,"path_per_floor":["M","?","?","?","?","E","M","M","MIM","R","E","R","T","E","R","B",null,"M","T","$","?","$","E","?","M","T","PTL","PTL","M","M","R","M","M","R","B",null,"M","?","?","AVR","?"],"character_chosen":"RobotSpaceExplorer","items_purchased":["RobotSpaceExplorer:MiniBoosters","RobotSpaceExplorer:ShockKick","Replay:Bandana","RobotSpaceExplorer:SurgingShield"],"campfire_rested":0,"item_purchase_floors":[20,20,20,22],"current_hp_per_floor":[75,75,75,75,75,75,75,74,68,68,52,52,52,50,50,24,75,72,72,72,72,72,76,80,71,71,71,71,71,64,64,58,57,57,37,82,81,81,81,81,0,0],"gold":501,"neow_bonus":"THREE_ENEMY_KILL","is_daily":false,"chose_seed":false,"campfire_upgraded":5,"win_rate":0.0,"timestamp":1611563896,"path_taken":["M","?","?","?","?","E","M","M","MIM","R","E","R","?","E","R","BOSS","M","?","$","?","$","E","?","M","T","PTL","PTL","?","M","R","M","M","R","BOSS","M","?","?","AVR","?"],"items_purchased_type":["Card","Card","Relic","Card"],"build_version":"2020-12-22","purchased_purges":2,"victory":false,"max_hp_per_floor":[75,75,75,75,75,75,75,75,75,75,75,75,75,75,75,75,75,75,75,75,75,75,82,82,82,82,82,82,82,82,82,82,82,82,82,82,82,82,82,82,82,82],"relic_stats":{"counters":[20,103],"Black Star":1,"Ginger":[67],"Orichalcum":[78],"War Paint":["RobotSpaceExplorer:Defend","RobotSpaceExplorer:Defend"],"obtain_stats":[{"CCEMRelics:Barrel":13,"NeowsBlessing":0,"Replay:Towering Pillar of Hats":23,"RobotSpaceExplorer:RoboCore":0,"Ring of Chaos":36,"Hallownest:DreamNailRelic":3,"EVO:Axolotl":0,"Ginger":19,"Orichalcum":9,"War Paint":26,"Replay:Rubber Ducky":14,"Replay:Bandana":20,"hubris:Icosahedron":38,"CCEMRelics:BiPhaseBiplane":40,"Strawberry":23,"hubris:BundleOfHerbs":11,"Black Star":17,"halation:LettersToHer":6,"halation:PinkSoulGem":39},{"CCEMRelics:Barrel":6,"NeowsBlessing":0,"Replay:Towering Pillar of Hats":10,"RobotSpaceExplorer:RoboCore":0,"Ring of Chaos":16,"Hallownest:DreamNailRelic":1,"EVO:Axolotl":0,"Ginger":9,"Orichalcum":5,"War Paint":11,"Replay:Rubber Ducky":7,"Replay:Bandana":9,"hubris:Icosahedron":17,"CCEMRelics:BiPhaseBiplane":17,"Strawberry":10,"hubris:BundleOfHerbs":6,"Black Star":8,"halation:LettersToHer":2,"halation:PinkSoulGem":17},{"CCEMRelics:Barrel":16,"NeowsBlessing":0,"Replay:Towering Pillar of Hats":42,"RobotSpaceExplorer:RoboCore":0,"Ring of Chaos":78,"Hallownest:DreamNailRelic":1,"EVO:Axolotl":0,"Ginger":34,"Orichalcum":12,"War Paint":47,"Replay:Rubber Ducky":21,"Replay:Bandana":34,"hubris:Icosahedron":88,"CCEMRelics:BiPhaseBiplane":88,"Strawberry":42,"hubris:BundleOfHerbs":16,"Black Star":29,"halation:LettersToHer":2,"halation:PinkSoulGem":88}]},"card_choices":[{"not_picked":["RobotSpaceExplorer:SurgingStrike","RobotSpaceExplorer:PowerGlove","RobotSpaceExplorer:ShovelStrike"],"picked":"SKIP","floor":1},{"not_picked":["RobotSpaceExplorer:MetalStrike","RobotSpaceExplorer:Pulsar"],"picked":"RobotSpaceExplorer:Discharger","floor":6},{"not_picked":["RobotSpaceExplorer:SurgingShield","RobotSpaceExplorer:ImprovisedAttack"],"picked":"RobotSpaceExplorer:ShockKick","floor":7},{"not_picked":["RobotSpaceExplorer:SlimeMissile","RobotSpaceExplorer:Pulsar","RobotSpaceExplorer:FrostMissile"],"picked":"SKIP","floor":8},{"not_picked":["RobotSpaceExplorer:StarLightning","RobotSpaceExplorer:LaserBurst"],"picked":"RobotSpaceExplorer:MetalStrike","floor":9},{"not_picked":["RobotSpaceExplorer:ScrapShield","RobotSpaceExplorer:Asteroid"],"picked":"RobotSpaceExplorer:Probe","floor":11},{"not_picked":["RobotSpaceExplorer:StarLightning","RobotSpaceExplorer:SurgingStrike"],"picked":"RobotSpaceExplorer:Discharger","floor":14},{"not_picked":["RobotSpaceExplorer:Multitool","RobotSpaceExplorer:Scanner"],"picked":"RobotSpaceExplorer:ChargingLaser","floor":16},{"not_picked":["RobotSpaceExplorer:MetalStrike","RobotSpaceExplorer:Smokescreen","RobotSpaceExplorer:DoubleFind"],"picked":"SKIP","floor":18},{"not_picked":["StuffTheSpire:PlasmaPunch","Bandage Up"],"picked":"Enlightenment","floor":21},{"not_picked":["Replay:Sssssssssshield","ReplayTheSpireMod:Trickstab"],"picked":"Thinking Ahead","floor":21},{"not_picked":["RobotSpaceExplorer:FreezeRay","RobotSpaceExplorer:DualCore+1"],"picked":"RobotSpaceExplorer:ShockKick","floor":23},{"not_picked":["RobotSpaceExplorer:ImprovisedAttack","RobotSpaceExplorer:FranticSearch"],"picked":"RobotSpaceExplorer:LuckyStrike","floor":25},{"not_picked":["RobotSpaceExplorer:Pulsar","RobotSpaceExplorer:FreezeRay","RobotSpaceExplorer:FrostMissile"],"picked":"SKIP","floor":29},{"not_picked":["RobotSpaceExplorer:FranticSearch","RobotSpaceExplorer:LaserBurst+1"],"picked":"RobotSpaceExplorer:ScrapMissile","floor":30},{"not_picked":["RobotSpaceExplorer:FranticSearch+1","RobotSpaceExplorer:StarLightning+1"],"picked":"RobotSpaceExplorer:MiniBoosters","floor":32},{"not_picked":["RobotSpaceExplorer:MetalStrike","RobotSpaceExplorer:SurgingShield","RobotSpaceExplorer:FreezingShield"],"picked":"SKIP","floor":33},{"not_picked":["RobotSpaceExplorer:Comet","RobotSpaceExplorer:Explosion"],"picked":"RobotSpaceExplorer:TrailblazerForm","floor":35},{"not_picked":["RobotSpaceExplorer:ImprovisedAttack","RobotSpaceExplorer:IronShell","RobotSpaceExplorer:FrostMissile"],"picked":"SKIP","floor":37}],"player_experience":1094255,"relics_obtained":[{"floor":6,"key":"halation:LettersToHer"},{"floor":9,"key":"Orichalcum"},{"floor":9,"key":"halation:LettersToHer"},{"floor":11,"key":"hubris:BundleOfHerbs"},{"floor":13,"key":"halation:LettersToHer"},{"floor":13,"key":"CCEMRelics:Barrel"},{"floor":14,"key":"Replay:Rubber Ducky"},{"floor":19,"key":"halation:LettersToHer"},{"floor":19,"key":"Ginger"},{"floor":23,"key":"Replay:Towering Pillar of Hats"},{"floor":23,"key":"Strawberry"},{"floor":26,"key":"halation:LettersToHer"},{"floor":26,"key":"War Paint"}],"event_choices":[{"damage_healed":0,"gold_gain":2,"player_choice":"1","damage_taken":0,"max_hp_gain":0,"max_hp_loss":0,"event_name":"betterStone:BetterStone","floor":21,"gold_loss":0},{"damage_healed":4,"gold_gain":0,"player_choice":"LEAVE ","damage_taken":0,"relics_obtained":[],"max_hp_gain":0,"max_hp_loss":0,"event_name":"betterSkull:BetterSkull","floor":24,"gold_loss":0,"cards_upgraded":[]}],"is_beta":false,"boss_relics":[{"not_picked":["ReplayTheSpireMod:DimensionalGlitch","CCEMRelics:TransientCore"],"picked":"Black Star"},{"not_picked":["halation:MonkeysPaw","Runic Dome"],"picked":"Ring of Chaos"}],"items_purged_floors":[20,40],"is_endless":false,"potions_floor_spawned":[8,11,14,16,30,32,33,35,41],"killed_by":"Hallownest:3_Siblings","ascension_level":4}}