{"host":"65a95dzim48ko8ke","time":1611573488,"event":{"mods":["BaseMod","Colored Powertips","Minty Spire (QoL Compilation)","Permanent Neow","Quick Restart","Rare Cards Sparkle","Replay The Spire","StSLib","The IronCluck"],"gold_per_floor":[111,121,136,136,136,170,170,216,216,231,276,318,318,340,340,469,469,499,499,521,521,521],"floor_reached":21,"language":"ENG","playtime":1072,"items_purged":[],"score":289,"play_id":"aaee4bc5-8d87-4fd7-8c12-ae26de5ca6e3","local_time":"20210125201808","is_ascension_mode":true,"campfire_choices":[{"data":"Flame Barrier","floor":7,"key":"SMITH"},{"data":"ReplayTheSpireMod:LeadingStrike","floor":13,"key":"SMITH"},{"data":"Rage","floor":15,"key":"SMITH"}],"circlet_count":0,"master_deck":["Strike_R","Strike_R","Strike_R","Strike_R","Strike_R","Defend_R","Defend_R","Defend_R","Bash","Rage+1","Body Slam+1","ReplayTheSpireMod:LeadingStrike+1","Flame Barrier+1","Shrug It Off","Fiend Fire","Cleave","Juggernaut","Anger","Body Slam"],"relics":["Burning Blood","Golden Idol","Red Skull","CeramicFish","Divine Protection","Odd Mushroom","ReplayTheSpireMod:Spearhead","Electric Blood"],"acts_visited":["Exordium","TheCity"],"potions_floor_usage":[11,12,16],"damage_taken":[{"damage":3.0,"enemies":"Small Slimes","floor":1.0,"turns":4.0},{"damage":1.0,"enemies":"2 Louse","floor":2.0,"turns":3.0},{"damage":5.0,"enemies":"Jaw Worm","floor":3.0,"turns":4.0},{"damage":46,"enemies":"Replay:BlueRogue","floor":6,"turns":8},{"damage":0,"enemies":"Looter","floor":10,"turns":2},{"damage":0,"enemies":"The Mushroom Lair","floor":11,"turns":3},{"damage":0,"enemies":"Lagavulin","floor":12,"turns":5},{"damage":0,"enemies":"Exordium Wildlife","floor":14,"turns":3},{"damage":25,"enemies":"The Guardian","floor":16,"turns":10},{"damage":16,"enemies":"Shell Parasite","floor":18,"turns":5},{"damage":1,"enemies":"Spheric Guardian","floor":20,"turns":4},{"damage":0,"enemies":"Snecko","floor":21,"turns":2}],"seed_played":"-2871741779135182934","potions_obtained":[{"floor":3.0,"key":"BloodPotion"},{"floor":6,"key":"Explosive Potion"},{"floor":10,"key":"Dexterity Potion"},{"floor":14,"key":"SpeedPotion"},{"floor":18,"key":"Elixir"},{"floor":19,"key":"EssenceOfSteel"},{"floor":19,"key":"FearPotion"}],"is_trial":false,"path_per_floor":["M","M","M","?","?","E","R","T","T","M","?","E","R","M","R","B",null,"M","?","M","M"],"character_chosen":"IRONCLAD","items_purchased":[],"campfire_rested":0,"item_purchase_floors":[],"current_hp_per_floor":[75,80,80,80,60,20,20,20,20,26,32,38,38,44,44,25,66,56,56,61,61,61],"gold":521,"neow_bonus":"RANDOM_EVENT","is_daily":false,"chose_seed":false,"campfire_upgraded":3,"win_rate":0.0,"timestamp":1611573488,"path_taken":["M","M","M","?","?","E","R","?","T","M","?","E","R","?","R","BOSS","M","?","M","?"],"items_purchased_type":[],"build_version":"2020-12-22","purchased_purges":0,"victory":false,"max_hp_per_floor":[80,80,80,80,80,80,80,80,80,80,80,80,80,80,80,80,80,80,80,80,80,80],"card_choices":[{"not_picked":["Perfected Strike","ReplayTheSpireMod:Strike From Hell"],"picked":"Rage","floor":1.0},{"not_picked":["Shockwave","Rupture"],"picked":"Body Slam","floor":2.0},{"not_picked":["Thunderclap","Pommel Strike"],"picked":"ReplayTheSpireMod:LeadingStrike","floor":3.0},{"not_picked":["Body Slam","Rampage"],"picked":"Flame Barrier","floor":6},{"not_picked":["ReplayTheSpireMod:Strike From Hell","Wild Strike","Dark Embrace"],"picked":"SKIP","floor":10},{"not_picked":["Clothesline","Perfected Strike"],"picked":"Shrug It Off","floor":11},{"not_picked":["Heavy Blade","ReplayTheSpireMod:Limb From Limb"],"picked":"Fiend Fire","floor":12},{"not_picked":["Clash","Twin Strike"],"picked":"Cleave","floor":14},{"not_picked":["Eclipse","Hemogenesis"],"picked":"Juggernaut","floor":16},{"not_picked":["Sword Boomerang","Pommel Strike"],"picked":"Anger","floor":18},{"not_picked":["ReplayTheSpireMod:LeadingStrike","Clash"],"picked":"Body Slam","floor":20}],"player_experience":312494,"relics_obtained":[{"floor":6,"key":"Red Skull"},{"floor":8,"key":"CeramicFish"},{"floor":9,"key":"Divine Protection"},{"floor":11,"key":"Odd Mushroom"},{"floor":12,"key":"ReplayTheSpireMod:Spearhead"}],"event_choices":[{"damage_healed":0.0,"max_hp_gain":0.0,"max_hp_loss":0.0,"gold_gain":0.0,"event_name":"Living Wall","player_choice":"Grow","floor":4.0,"gold_loss":0.0,"damage_taken":0.0,"cards_upgraded":["Body Slam"]},{"damage_healed":0.0,"max_hp_gain":0.0,"max_hp_loss":0.0,"gold_gain":0.0,"event_name":"Golden Idol","player_choice":"Take Damage","floor":5.0,"gold_loss":0.0,"damage_taken":20.0,"relics_obtained":["Golden Idol"]},{"damage_healed":0,"gold_gain":0,"player_choice":"Fought Mushrooms","damage_taken":0,"max_hp_gain":0,"max_hp_loss":0,"event_name":"Mushrooms","floor":11,"gold_loss":0},{"damage_healed":0,"gold_gain":0,"player_choice":"Got Potions","damage_taken":0,"max_hp_gain":0,"max_hp_loss":0,"event_name":"Lab","floor":19,"gold_loss":0}],"is_beta":false,"boss_relics":[{"not_picked":["Busted Crown","Runic Cube"],"picked":"Electric Blood"}],"items_purged_floors":[],"is_endless":false,"potions_floor_spawned":[3,6,10,14,18,20],"killed_by":"Snecko","ascension_level":7}}