{"host":"pyelotildgrd5mks","time":1611591947,"event":{"mods":["BaseMod","Downfall","Minty Spire (QoL Compilation)","Quick Restart","StSLib"],"gold_per_floor":[99,99,99,99,123,157,157,175,192,92,109,9,26,11,29,29,29,29],"floor_reached":16,"language":"ZHS","playtime":538,"items_purged":[],"score":156,"play_id":"71db6791-52ab-4bbf-9111-dd05c26b2dea","local_time":"20210126002547","is_ascension_mode":true,"campfire_choices":[{"data":"hexamod:Float","floor":1.0,"key":"SMITH"},{"floor":10.0,"key":"RECALL"},{"data":"hexamod:SpectersWail","floor":12,"key":"SMITH"}],"circlet_count":0,"master_deck":["hexamod:Strike","hexamod:Strike","hexamod:Strike","hexamod:Strike+1","hexamod:Defend","hexamod:Defend+1","hexamod:Defend+1","hexamod:Defend","hexamod:Sear","hexamod:Float+1","hexamod:AdvancingGuard+1","hexamod:Float+1","hexamod:Hexaguard+1","hexamod:SixthSeal","hexamod:SpectersWail+1","hexamod:ThirdSeal","hexamod:GhostflameBarrier","hexamod:PhantomFireball"],"relics":["hexamod:SpiritBrand","downfall:HeartsMalice","Matryoshka","Slimebound:StickyStick","Eternal Feather","downfall:HeartBlessingBlue","downfall:HeartBlessingRed"],"acts_visited":["Exordium"],"potions_floor_usage":[13],"damage_taken":[{"damage":0.0,"enemies":"Jaw Worm","floor":2.0,"turns":1.0},{"damage":0.0,"enemies":"Cultist","floor":4.0,"turns":1.0},{"damage":0.0,"enemies":"Gremlin Nob","floor":6.0,"turns":1.0},{"damage":8.0,"enemies":"2 Louse","floor":8.0,"turns":3.0},{"damage":7.0,"enemies":"2 Fungi Beasts","floor":9.0,"turns":3.0},{"damage":13,"enemies":"Large Slime","floor":11,"turns":7},{"damage":2,"enemies":"Exordium Wildlife","floor":13,"turns":4},{"damage":5,"enemies":"downfall:FleeingMerchant","floor":14,"turns":4},{"damage":0,"enemies":"3 Louse","floor":15,"turns":1},{"damage":67,"enemies":"SI_SHIV_ARCHETYPE","floor":16,"turns":11}],"seed_played":"-2510836536769462572","potions_obtained":[{"floor":6.0,"key":"Explosive Potion"},{"floor":9.0,"key":"AttackPotion"},{"floor":11,"key":"Dexterity Potion"},{"floor":13,"key":"EntropicBrew"}],"is_trial":false,"path_per_floor":["R","M","?","M","T","E","T","M","M","R","M","R","M","$","M","B"],"character_chosen":"THE_SPIRIT","items_purchased":[],"campfire_rested":0,"item_purchase_floors":[],"current_hp_per_floor":[70,70,70,70,70,70,70,62,55,74,61,70,68,63,63,0,0,0],"gold":29,"neow_bonus":"THREE_ENEMY_KILL","is_daily":false,"chose_seed":false,"campfire_upgraded":2,"win_rate":0.0,"timestamp":1611591947,"path_taken":["R","M","?","?","?","E","T","?","M","R","M","R","M","$","M","BOSS"],"items_purchased_type":[],"build_version":"2020-12-22","purchased_purges":0,"victory":false,"max_hp_per_floor":[70,70,70,70,70,70,70,70,70,80,80,80,80,80,80,80,80,80],"card_choices":[{"not_picked":["hexamod:GhostflameBarrier","hexamod:SkipABeat"],"picked":"hexamod:AdvancingGuard","floor":2.0},{"not_picked":["hexamod:NightmareStrike","hexamod:GhostOfSpirePast"],"picked":"hexamod:Hexaguard","floor":4.0},{"not_picked":["hexamod:SwordOfDarkness","hexamod:BurningTouch"],"picked":"hexamod:SixthSeal","floor":6.0},{"not_picked":["hexamod:RetreatToShadows","hexamod:ThermalTransfer"],"picked":"hexamod:SpectersWail","floor":8.0},{"not_picked":["hexamod:PhantomCloak","hexamod:SpectersWail","hexamod:SwordOfDarkness"],"picked":"SKIP","floor":9.0},{"not_picked":["hexamod:ShieldOfDarkness","hexamod:Again"],"picked":"hexamod:ThirdSeal","floor":11},{"not_picked":["hexamod:SpectersWail","hexamod:Firestarter"],"picked":"hexamod:GhostflameBarrier","floor":13},{"not_picked":["hexamod:DynamicBlow","hexamod:SoulSteal","hexamod:Firestarter"],"picked":"SKIP","floor":13},{"not_picked":["hexamod:HeatShield","hexamod:GhostLash","hexamod:NecessarySacrifice"],"picked":"SKIP","floor":14},{"not_picked":["hexamod:AdvancingGuard","hexamod:HeatShield"],"picked":"hexamod:PhantomFireball","floor":15}],"player_experience":661519,"relics_obtained":[{"floor":6.0,"key":"Matryoshka"},{"floor":7.0,"key":"Slimebound:StickyStick"},{"floor":7.0,"key":"Eternal Feather"}],"event_choices":[],"is_beta":false,"boss_relics":[],"items_purged_floors":[],"is_endless":false,"potions_floor_spawned":[6,9,11,13,15],"killed_by":"SI_SHIV_ARCHETYPE","ascension_level":5}}