{"host":"wvaiab5ya9pyia0u","time":1611608814,"event":{"mods":["2.2 Compatiblity","Act Like it!","Alarm Clock","Aspiration","Bard","BaseMod","Bestiary","Better Vampires","BetterRewards","Block Reminder","Challenge The Spire","ChefMod","Colored Map","Colored Powertips","Conspire","Curses Come First","Custom Start","Dark Map","DeckTracker","Dio Mod","Filter the Spire","Fox Events","Hermit","Highlight Path","Hubris","Humility","Infinite Spire","Lobotomy","Mimic Mod","Minty Spire (QoL Compilation)","Pale of the Ancients","Poor People Problems","Practice Mode","Quarter Circle Forward PUNCH!","Quick Restart","Rare Cards Sparkle","Relic Sorter","Relic Stats","Replay The Spire","Reworked Bosses","SacredBarkPlus","Shop Mod","Small Relic Pack","Spicy Shops","Spire Arcade","StS++","StSLib","The Blue Laboratory","The Construct","The Cursed","The Disciple","The Hierophant","The Jungle","The Mystic","The Runesmith","The Servant 0.9.4","TheBandit","Thieving Mod","Wandering Minibosses","everything is the same but u backflip on backflip","slay the spire mod where everything is the same but ironclad has a cowboy hat"],"gold_per_floor":[119,119,119,119,135,135,155,155,179,196,60,33,53,72,72,168,168,178,188,388,388,388],"floor_reached":21,"language":"ENG","playtime":1073,"items_purged":[],"score":229,"play_id":"52405ed3-b42e-41a9-8639-bb99a8c64684","local_time":"20210125220654","is_ascension_mode":false,"campfire_choices":[{"data":"infinitespire:Gouge","floor":6,"key":"SMITH"},{"data":"Hemokinesis","floor":8,"key":"SMITH"},{"floor":15,"key":"REST"}],"circlet_count":0,"master_deck":["conspire:GhostlyStrike","conspire:GhostlyStrike","conspire:GhostlyStrike","conspire:GhostlyStrike","conspire:GhostlyStrike","conspire:GhostlyDefend","conspire:GhostlyDefend","conspire:GhostlyDefend","conspire:GhostlyDefend","Bash+1","Hemokinesis+1","infinitespire:Gouge+1","Run Through","Massacre","Inflame","Carnage","Shrug It Off","Demonic Infusion","conspire:ExplosiveBarrier","Hemogenesis","True Grit"],"relics":["ChewingGum","PreservedInsect","qcfpunch:Red_Headband","infinitespire:Cupcake","Regal Pillow"],"acts_visited":["Exordium","TheCity"],"potions_floor_usage":[21],"damage_taken":[{"damage":0,"enemies":"Jaw Worm","floor":1,"turns":4},{"damage":2,"enemies":"2 Louse","floor":5,"turns":2},{"damage":17,"enemies":"Gremlin Nob","floor":7,"turns":3},{"damage":0,"enemies":"Small Slimes","floor":10,"turns":3},{"damage":2,"enemies":"Blue Slaver","floor":13,"turns":2},{"damage":12,"enemies":"Looter","floor":14,"turns":2},{"damage":29,"enemies":"Hexaghost","floor":16,"turns":9},{"damage":19,"enemies":"Shell Parasite","floor":18,"turns":4},{"damage":37,"enemies":"conspire:FuzzyDice","floor":19,"turns":7},{"damage":32,"enemies":"Cultist and Chosen","floor":21,"turns":6}],"seed_played":"7007042895443150807","potions_obtained":[{"floor":5,"key":"blueLaboratory:BottledHope"},{"floor":10,"key":"blueLaboratory:NullPotion"},{"floor":20,"key":"BlessingOfTheForge"}],"is_trial":false,"path_per_floor":["M","?","?","?","M","R","E","R","T","M","$","$","M","M","R","B",null,"M","M","?","M"],"character_chosen":"IRONCLAD","items_purchased":["Inflame","Carnage","Shrug It Off"],"campfire_rested":1,"item_purchase_floors":[11,11,12],"current_hp_per_floor":[80,80,80,61,59,59,42,42,42,42,42,42,40,28,52,23,80,61,24,24,0,0],"gold":388,"neow_bonus":"BOSS_RELIC","is_daily":false,"chose_seed":false,"campfire_upgraded":2,"win_rate":0.0,"timestamp":1611608814,"path_taken":["M","?","?","?","M","R","E","R","T","M","?","$","M","M","R","BOSS","M","M","?","M"],"items_purchased_type":["Card","Card","Card"],"build_version":"2020-12-22","purchased_purges":0,"victory":false,"max_hp_per_floor":[80,80,80,80,80,80,80,80,80,80,80,80,80,80,80,80,80,80,80,80,80,80],"relic_stats":{"Regal Pillow":0,"counters":[10,42],"PreservedInsect":0,"obtain_stats":[{"Regal Pillow":20,"ChewingGum":0,"PreservedInsect":7,"qcfpunch:Red_Headband":9,"Burning Blood":0,"infinitespire:Cupcake":17},{"Regal Pillow":9,"ChewingGum":0,"PreservedInsect":3,"qcfpunch:Red_Headband":3,"Burning Blood":0,"infinitespire:Cupcake":7},{"Regal Pillow":36,"ChewingGum":0,"PreservedInsect":9,"qcfpunch:Red_Headband":9,"Burning Blood":0,"infinitespire:Cupcake":25}]},"card_choices":[{"not_picked":["StSpp:MuscleMemory","ReplayTheSpireMod:Muscle Training"],"picked":"Hemokinesis","floor":1},{"not_picked":["infinitespire:UltimateForm","infinitespire:Punishment"],"picked":"infinitespire:Gouge","floor":4},{"not_picked":["Perfected Strike","StSpp:TheBiggerTheyAre","Replay:Undeath\u0027s Touch"],"picked":"SKIP","floor":5},{"not_picked":["Replay:Undeath\u0027s Touch","StSpp:CounterStrike"],"picked":"Run Through","floor":7},{"not_picked":["Seeing Red","Defy Death"],"picked":"Massacre","floor":10},{"not_picked":["StSpp:Succumb","Pommel Strike"],"picked":"Demonic Infusion","floor":13},{"not_picked":["Sword Boomerang","StSpp:TheBiggerTheyAre"],"picked":"conspire:ExplosiveBarrier","floor":14},{"not_picked":["Reaper","Double Tap"],"picked":"Hemogenesis","floor":16},{"not_picked":["Flex","Replay:Undeath\u0027s Touch+1"],"picked":"True Grit","floor":18},{"not_picked":["Clash","StSpp:TheBiggerTheyAre+1","Headbutt"],"picked":"SKIP","floor":19}],"player_experience":258809,"relics_obtained":[{"floor":7,"key":"PreservedInsect"},{"floor":9,"key":"qcfpunch:Red_Headband"},{"floor":20,"key":"Regal Pillow"}],"event_choices":[{"damage_healed":0,"gold_gain":0,"player_choice":"Agree","damage_taken":0,"max_hp_gain":0,"max_hp_loss":0,"event_name":"conspire:LoneGhost","floor":3,"gold_loss":0}],"is_beta":false,"boss_relics":[{"not_picked":["Busted Crown","Runic Cube"],"picked":"infinitespire:Cupcake"}],"items_purged_floors":[],"is_endless":false,"potions_floor_spawned":[5,10],"killed_by":"Cultist and Chosen","ascension_level":0,"is_humility":true}}