{"host":"1qhzi8r9ejho5yph","time":1611572313,"event":{"mods":["AchievementEnabler","BaseMod","Colored Map","Colored Powertips","Highlight Path","Minty Spire (QoL Compilation)","Permanent Neow","Quick Restart","Random Character Button","StSLib","SuperFastMode"],"gold_per_floor":[13,28,28,28,28,62,62,62,62,73,85,104,104,54,54,54,54],"floor_reached":16,"language":"ENG","playtime":342,"items_purged":[],"score":100,"play_id":"6510d29f-3c78-454f-9303-b37d0cda5c6c","local_time":"20210125185833","is_ascension_mode":false,"campfire_choices":[{"floor":13,"key":"REST"},{"data":"Berserk","floor":15,"key":"SMITH"}],"circlet_count":0,"master_deck":["Strike_R","Defend_R","Defend_R","Defend_R","Bash","Sentinel","Berserk+1","Searing Blow","Pommel Strike","Headbutt"],"relics":["Burning Blood","InkBottle"],"acts_visited":["Exordium"],"potions_floor_usage":[6,6],"damage_taken":[{"damage":0,"enemies":"Cultist","floor":1,"turns":4},{"damage":6,"enemies":"Jaw Worm","floor":2,"turns":3},{"damage":19,"enemies":"Lagavulin","floor":6,"turns":6},{"damage":7,"enemies":"Small Slimes","floor":10,"turns":3},{"damage":17,"enemies":"Looter","floor":11,"turns":4},{"damage":10,"enemies":"Blue Slaver","floor":12,"turns":5},{"damage":69,"enemies":"Hexaghost","floor":16,"turns":10}],"seed_played":"-5301522308359658961","potions_obtained":[{"floor":1,"key":"SkillPotion"},{"floor":2,"key":"SkillPotion"},{"floor":12,"key":"Fire Potion"}],"is_trial":false,"path_per_floor":["M","M","$","?","$","E","?","$","T","M","M","M","R","?","R","B"],"character_chosen":"IRONCLAD","items_purchased":[],"campfire_rested":1,"item_purchase_floors":[],"current_hp_per_floor":[80,80,80,80,80,67,60,60,60,59,48,44,68,68,68,0,0],"gold":54,"neow_bonus":"TRANSFORM_TWO_CARDS","is_daily":false,"chose_seed":false,"campfire_upgraded":1,"win_rate":0.0,"timestamp":1611572313,"path_taken":["M","M","$","?","$","E","?","$","T","M","M","M","R","?","R","BOSS"],"items_purchased_type":[],"build_version":"2020-12-22","purchased_purges":0,"victory":false,"max_hp_per_floor":[80,80,80,80,80,80,80,80,80,80,80,80,80,80,80,80,80],"card_choices":[{"not_picked":["Iron Wave","Twin Strike"],"picked":"Searing Blow","floor":1},{"not_picked":["Dropkick","Sentinel","Sword Boomerang"],"picked":"SKIP","floor":2},{"not_picked":["Body Slam","Limit Break"],"picked":"Pommel Strike","floor":6},{"not_picked":["Hemokinesis","Perfected Strike","Wild Strike"],"picked":"SKIP","floor":10},{"not_picked":["Wild Strike","Perfected Strike","Feel No Pain"],"picked":"SKIP","floor":11},{"not_picked":["Blood for Blood","Cleave"],"picked":"Headbutt","floor":12}],"player_experience":329653,"relics_obtained":[{"floor":6,"key":"InkBottle"}],"event_choices":[{"cards_removed":["Strike_R"],"damage_healed":0,"gold_gain":0,"player_choice":"Forget","damage_taken":0,"max_hp_gain":0,"max_hp_loss":0,"event_name":"Living Wall","floor":4,"gold_loss":0},{"cards_removed":["Strike_R"],"damage_healed":0,"gold_gain":0,"player_choice":"Card Removal","damage_taken":7,"max_hp_gain":0,"max_hp_loss":0,"event_name":"Golden Wing","floor":7,"gold_loss":0},{"cards_removed":["Strike_R"],"damage_healed":0,"gold_gain":0,"player_choice":"Card Removal","damage_taken":0,"max_hp_gain":0,"max_hp_loss":0,"event_name":"The Cleric","floor":14,"gold_loss":50}],"is_beta":false,"boss_relics":[],"items_purged_floors":[],"is_endless":false,"potions_floor_spawned":[1,2,12],"killed_by":"Hexaghost","ascension_level":0}}