{"host":"xi8yg1ddhptuxb9d","time":1611545494,"event":{"mods":["AchievementEnabler","AlwaysNeverKeys","BaseMod","Block Reminder","Minty Spire (QoL Compilation)","Relic Sorter","StSLib"],"gold_per_floor":[116,134,59,59,69,69,103,103,177,177,177,190,223,237,237,311,311,231,251,251,70,70,70,97,115,183,108,108,23,23,23],"floor_reached":30,"language":"ENG","playtime":1285,"items_purged":["Pain"],"score":470,"play_id":"29d4adfc-7b57-4183-b921-bfa3388d1e98","local_time":"20210124223134","is_ascension_mode":true,"campfire_choices":[{"data":"Neutralize","floor":6,"key":"SMITH"},{"floor":10,"key":"REST"},{"floor":15,"key":"REST"},{"floor":23,"key":"REST"}],"circlet_count":0,"master_deck":["AscendersBane","Strike_G","Strike_G","Strike_G","Strike_G","Defend_G","Defend_G","Defend_G","Defend_G","Defend_G","Survivor","Neutralize+1","Blade Dance","Dagger Spray","Footwork","Cloak And Dagger","Finisher","Quick Slash","Choke","PiercingWail","CurseOfTheBell","Sucker Punch+1","Infinite Blades","Accuracy","Blade Dance","Dodge and Roll"],"relics":["Ring of the Snake","Sundial","Paper Crane","HornCleat","WarpedTongs","The Specimen","Calling Bell","Smiling Mask","Eternal Feather","Tough Bandages","Turnip","Orichalcum","Meat on the Bone","Calipers"],"acts_visited":["Exordium","TheCity"],"potions_floor_usage":[25,25],"damage_taken":[{"damage":17,"enemies":"Cultist","floor":1,"turns":5},{"damage":0,"enemies":"2 Louse","floor":2,"turns":3},{"damage":7,"enemies":"Jaw Worm","floor":5,"turns":5},{"damage":21,"enemies":"3 Sentries","floor":7,"turns":9},{"damage":0,"enemies":"2 Fungi Beasts","floor":12,"turns":2},{"damage":15,"enemies":"Lagavulin","floor":13,"turns":6},{"damage":4,"enemies":"Lots of Slimes","floor":14,"turns":4},{"damage":21,"enemies":"The Guardian","floor":16,"turns":13},{"damage":9,"enemies":"2 Thieves","floor":18,"turns":4},{"damage":45,"enemies":"Chosen","floor":19,"turns":8},{"damage":37,"enemies":"Book of Stabbing","floor":24,"turns":7},{"damage":0,"enemies":"3 Cultists","floor":25,"turns":4},{"damage":6,"enemies":"Shelled Parasite and Fungi","floor":30,"turns":1}],"seed_played":"-6478647664457451165","potions_obtained":[{"floor":13,"key":"DuplicationPotion"},{"floor":14,"key":"GhostInAJar"}],"is_trial":false,"path_per_floor":["M","M","$","?","M","R","E","T","T","R","?","M","E","M","R","B",null,"M","M","?","$","T","R","E","M","T","?","$","?","M"],"character_chosen":"THE_SILENT","items_purchased":["Footwork","Accuracy","Blade Dance"],"campfire_rested":3,"item_purchase_floors":[3,21,21],"current_hp_per_floor":[48,48,48,41,34,34,13,13,13,34,34,34,19,15,36,15,58,49,4,4,4,4,40,3,3,3,3,3,3,0,0],"gold":23,"neow_bonus":"TEN_PERCENT_HP_BONUS","is_daily":false,"chose_seed":false,"campfire_upgraded":1,"win_rate":0.0,"timestamp":1611545494,"path_taken":["M","M","?","?","M","R","E","?","T","R","?","?","E","M","R","BOSS","M","M","?","$","?","R","E","M","T","?","?","?","M"],"items_purchased_type":["Card","Card","Card"],"build_version":"2020-12-22","purchased_purges":1,"victory":false,"max_hp_per_floor":[72,72,72,72,72,72,72,72,72,72,72,72,72,72,72,72,72,72,72,72,72,72,72,72,72,72,72,72,72,72,72],"card_choices":[{"not_picked":["PiercingWail","Dodge and Roll"],"picked":"Blade Dance","floor":1},{"not_picked":["Bane","Dagger Throw"],"picked":"Dagger Spray","floor":2},{"not_picked":["Bane","PiercingWail"],"picked":"Cloak And Dagger","floor":5},{"not_picked":["Dagger Throw","Burst"],"picked":"Finisher","floor":7},{"not_picked":["Endless Agony","Deflect"],"picked":"Quick Slash","floor":12},{"not_picked":["Underhanded Strike","Deflect"],"picked":"Choke","floor":13},{"not_picked":["Blur","Bane"],"picked":"PiercingWail","floor":14},{"not_picked":["Burst","Die Die Die"],"picked":"Envenom","floor":16},{"not_picked":["Outmaneuver","Well Laid Plans","Distraction"],"picked":"SKIP","floor":18},{"not_picked":["Deflect","All Out Attack"],"picked":"Sucker Punch+1","floor":19},{"not_picked":["Choke","Blur"],"picked":"Dodge and Roll","floor":24},{"not_picked":["Deflect","Flying Knee","Catalyst"],"picked":"SKIP","floor":25}],"player_experience":663440,"relics_obtained":[{"floor":7,"key":"Sundial"},{"floor":8,"key":"Paper Crane"},{"floor":9,"key":"HornCleat"},{"floor":13,"key":"The Specimen"},{"floor":17,"key":"Smiling Mask"},{"floor":17,"key":"Eternal Feather"},{"floor":17,"key":"Tough Bandages"},{"floor":22,"key":"Turnip"},{"floor":24,"key":"Orichalcum"},{"floor":26,"key":"Meat on the Bone"}],"event_choices":[{"cards_removed":["Strike_G"],"damage_healed":0,"gold_gain":0,"player_choice":"Card Removal","damage_taken":7,"max_hp_gain":0,"max_hp_loss":0,"event_name":"Golden Wing","floor":4,"gold_loss":0},{"damage_healed":0,"gold_gain":0,"player_choice":"Rummage","damage_taken":0,"relics_obtained":["WarpedTongs"],"max_hp_gain":0,"max_hp_loss":0,"event_name":"Accursed Blacksmith","floor":11,"gold_loss":0,"cards_obtained":["Pain"]},{"damage_healed":0,"gold_gain":0,"player_choice":"1 cards matched","damage_taken":0,"max_hp_gain":0,"max_hp_loss":0,"event_name":"Match and Keep!","floor":20,"gold_loss":0,"cards_obtained":["Infinite Blades"]},{"cards_removed":["Envenom"],"damage_healed":0,"gold_gain":0,"player_choice":"Gave Gold","damage_taken":0,"max_hp_gain":0,"max_hp_loss":0,"event_name":"Beggar","floor":27,"gold_loss":75},{"damage_healed":0,"gold_gain":0,"player_choice":"Obtained Relic","damage_taken":0,"relics_obtained":["Calipers"],"max_hp_gain":0,"max_hp_loss":0,"event_name":"Addict","floor":29,"gold_loss":85}],"is_beta":false,"boss_relics":[{"not_picked":["Velvet Choker","Fusion Hammer"],"picked":"Calling Bell"}],"items_purged_floors":[21],"is_endless":false,"potions_floor_spawned":[13,14],"killed_by":"Shelled Parasite and Fungi","ascension_level":17}}