{"host":"9slw7l0ws16384qq","time":1611604638,"event":{"mods":["A Penny For Your Troubles","BaseMod","Clockwork Mod","Colored Map","Evolution","Hermit","Hubris","Minty Spire (QoL Compilation)","Replay The Spire","Shedinja","StS++","StSLib","The Dragon Tamer","The Marked"],"gold_per_floor":[113,124,49,49,64,64,95,95,122,122,138,152,166,166,166,166,166],"floor_reached":16,"language":"FRA","playtime":674,"items_purged":["Shedinja:Endure"],"score":152,"play_id":"19ea2341-32f7-4ad4-aca0-cfd9b45ff9be","local_time":"20210125205718","is_ascension_mode":false,"campfire_choices":[{"data":"Shedinja:FocusSash","floor":6,"key":"SMITH"},{"data":"Shedinja:StringShot","floor":8,"key":"SMITH"},{"data":"Shedinja:Endure","floor":10,"key":"PURGE"},{"data":"Shedinja:PowerBelt","floor":15,"key":"SMITH"}],"circlet_count":0,"master_deck":["Shedinja:Absorb","Shedinja:Absorb","Shedinja:Absorb","Shedinja:Absorb","Shedinja:Absorb","Shedinja:Endure","Shedinja:Endure","Shedinja:Endure","Shedinja:FocusSash+1","Shedinja:FocusSash+1","Shedinja:StringShot+1","Shedinja:StringShot","Shedinja:SafetyGoggles","Shedinja:PowerBelt+1"],"relics":["Shedinja:WonderGuard","EVO:Axolotl","NeowsBlessing","Replay:Multitool","Shedinja:WonderGuardNSCommon","hubris:Towel"],"acts_visited":["Exordium"],"potions_floor_usage":[13],"damage_taken":[{"damage":0,"enemies":"2 Louse","floor":1,"turns":1},{"damage":0,"enemies":"Cultist","floor":2,"turns":1},{"damage":0,"enemies":"Small Slimes","floor":5,"turns":1},{"damage":0,"enemies":"3 Sentries","floor":7,"turns":19},{"damage":0,"enemies":"3 Louse","floor":11,"turns":4},{"damage":0,"enemies":"Exordium Thugs","floor":12,"turns":8},{"damage":0,"enemies":"Looter","floor":13,"turns":5},{"damage":0,"enemies":"Hexaghost","floor":16,"turns":30}],"seed_played":"1555674371584923112","potions_obtained":[{"floor":11,"key":"Energy Potion"},{"floor":12,"key":"ColorlessPotion"}],"is_trial":false,"path_per_floor":["M","M","$","?","M","R","E","R","T","R","M","M","M","?","R","B"],"character_chosen":"THE_DEFAULT","items_purchased":[],"campfire_rested":0,"item_purchase_floors":[],"current_hp_per_floor":[1,1,1,1,1,1,1,1,1,1,1,1,1,1,1,1,1],"gold":166,"neow_bonus":"THREE_ENEMY_KILL","is_daily":false,"chose_seed":false,"campfire_upgraded":3,"win_rate":0.0,"timestamp":1611604638,"path_taken":["M","M","$","?","M","R","E","R","T","R","M","M","?","?","R","BOSS"],"items_purchased_type":[],"build_version":"2020-12-22","purchased_purges":1,"victory":false,"max_hp_per_floor":[1,1,1,1,1,1,1,1,1,1,1,1,1,1,1,1,1],"card_choices":[{"not_picked":["Shedinja:ShadowBall","Shedinja:FurySwipes"],"picked":"Shedinja:StringShot","floor":1},{"not_picked":["Shedinja:NightSlash","Shedinja:ShadowClaw","Shedinja:GigaDrain"],"picked":"SKIP","floor":2},{"not_picked":["Shedinja:StruggleBug","Shedinja:Facade"],"picked":"Shedinja:StringShot","floor":5},{"not_picked":["Shedinja:HYPERBEAM","Shedinja:FinalGambit"],"picked":"Shedinja:SafetyGoggles","floor":7},{"not_picked":["Shedinja:StringShot","Shedinja:HoneClaws"],"picked":"Shedinja:PowerBelt","floor":11},{"not_picked":["Shedinja:WillOWisp","Shedinja:SuckerPunch","Shedinja:BugBuzz"],"picked":"SKIP","floor":12},{"not_picked":["Shedinja:Ether","Shedinja:SuckerPunch","Shedinja:WillOWisp"],"picked":"SKIP","floor":13}],"player_experience":1837894,"relics_obtained":[{"floor":7,"key":"Replay:Multitool"},{"floor":9,"key":"Shedinja:WonderGuardNSCommon"}],"event_choices":[{"damage_healed":0,"gold_gain":0,"player_choice":"Upgraded","damage_taken":0,"max_hp_gain":0,"max_hp_loss":0,"event_name":"Upgrade Shrine","floor":4,"gold_loss":0,"cards_upgraded":["Shedinja:FocusSash"]}],"is_beta":false,"boss_relics":[],"items_purged_floors":[3],"is_endless":false,"potions_floor_spawned":[11,12],"killed_by":"Hexaghost","ascension_level":0}}