{"host":"t7mx8yfj1no5p62f","time":1611555779,"event":{"mods":["BaseMod","Bestiary","Colored Map","Colored Powertips","Minty Spire (QoL Compilation)","Relic Stats","StSLib","ojb\u0027s Info Mod"],"gold_per_floor":[212,50,50,67,67,67,99,99,153,153,12,24,40,59,59,137,137,156,167,182,27,27,27,27,27],"floor_reached":24,"language":"ENG","playtime":831,"items_purged":["Strike_R","Strike_R"],"score":392,"play_id":"5bc07913-d5b8-43f7-a51c-b44eee62a841","local_time":"20210125012259","is_ascension_mode":true,"campfire_choices":[{"data":"Armaments","floor":6.0,"key":"SMITH"},{"data":"Bash","floor":8.0,"key":"SMITH"},{"data":"Thunderclap","floor":10.0,"key":"SMITH"},{"data":"Whirlwind","floor":15.0,"key":"SMITH"},{"floor":23,"key":"REST"}],"circlet_count":0,"master_deck":["AscendersBane","Strike_R","Strike_R+1","Strike_R","Defend_R","Defend_R","Defend_R","Defend_R","Bash+1","Thunderclap+1","Carnage+1","Armaments+1","Brutality","Whirlwind+1","Rage","Hemokinesis","Impervious","Inflame","Battle Trance","Limit Break"],"relics":["Burning Blood","Meat on the Bone","Anchor","Black Star","Enchiridion"],"acts_visited":["Exordium","TheCity"],"potions_floor_usage":[18,24],"damage_taken":[{"damage":4.0,"enemies":"Small Slimes","floor":1.0,"turns":4.0},{"damage":0.0,"enemies":"2 Louse","floor":4.0,"turns":2.0},{"damage":47.0,"enemies":"Lagavulin","floor":7.0,"turns":6.0},{"damage":0.0,"enemies":"Jaw Worm","floor":12.0,"turns":2.0},{"damage":5.0,"enemies":"Gremlin Gang","floor":13.0,"turns":5.0},{"damage":4.0,"enemies":"Looter","floor":14.0,"turns":3.0},{"damage":36.0,"enemies":"Slime Boss","floor":16.0,"turns":7.0},{"damage":41,"enemies":"Shell Parasite","floor":18,"turns":5},{"damage":28,"enemies":"Spheric Guardian","floor":19,"turns":8},{"damage":18,"enemies":"Snecko","floor":20,"turns":5},{"damage":47,"enemies":"Slavers","floor":24,"turns":4}],"seed_played":"-3097223994633398057","potions_obtained":[{"floor":7.0,"key":"BloodPotion"},{"floor":13.0,"key":"Energy Potion"},{"floor":16.0,"key":"Ancient Potion"}],"is_trial":false,"path_per_floor":["M","$","?","M","?","R","E","R","T","R","$","M","M","M","R","B",null,"M","M","M","$","?","R","E"],"character_chosen":"IRONCLAD","items_purchased":["Carnage","Whirlwind","Limit Break"],"campfire_rested":1,"item_purchase_floors":[2,11,21],"current_hp_per_floor":[70,70,47,53,53,53,12,12,12,12,12,30,43,45,45,27,63,40,30,30,30,9,31,0,0],"gold":27,"neow_bonus":"HUNDRED_GOLD","is_daily":false,"chose_seed":false,"campfire_upgraded":4,"win_rate":0.0,"timestamp":1611555779,"path_taken":["M","$","?","M","?","R","E","R","T","R","$","M","?","M","R","BOSS","M","?","M","$","?","R","E"],"items_purchased_type":["Card","Card","Card"],"build_version":"2020-12-22","purchased_purges":2,"victory":false,"max_hp_per_floor":[75,75,75,75,75,75,75,75,75,75,75,75,75,75,75,75,75,75,75,75,75,75,75,75,75],"relic_stats":{"counters":[11,50],"Black Star":0,"obtain_stats":[{"Anchor":9,"Enchiridion":22,"Black Star":17,"Burning Blood":0,"Meat on the Bone":7},{"Anchor":3,"Enchiridion":10,"Black Star":7,"Burning Blood":0,"Meat on the Bone":3},{"Anchor":12,"Enchiridion":47,"Black Star":29,"Burning Blood":0,"Meat on the Bone":12}],"Burning Blood":60,"Meat on the Bone":72},"card_choices":[{"not_picked":["Armaments","Searing Blow"],"picked":"Thunderclap","floor":1.0},{"not_picked":["Warcry","Havoc"],"picked":"Armaments","floor":4.0},{"not_picked":["Ghostly Armor","Body Slam"],"picked":"Brutality","floor":7.0},{"not_picked":["Heavy Blade","Disarm"],"picked":"Rage","floor":12.0},{"not_picked":["Sword Boomerang","Clothesline"],"picked":"Hemokinesis","floor":13.0},{"not_picked":["Havoc","Cleave","Heavy Blade"],"picked":"SKIP","floor":14.0},{"not_picked":["Double Tap","Limit Break"],"picked":"Impervious","floor":16.0},{"not_picked":["Clash","Cleave"],"picked":"Inflame","floor":18},{"not_picked":["Body Slam","Cleave"],"picked":"Battle Trance","floor":19},{"not_picked":["Heavy Blade","Rampage+1","Headbutt"],"picked":"SKIP","floor":20}],"player_experience":1849296,"relics_obtained":[{"floor":7.0,"key":"Meat on the Bone"},{"floor":9.0,"key":"Anchor"},{"floor":22,"key":"Enchiridion"}],"event_choices":[{"damage_healed":0.0,"max_hp_gain":0.0,"max_hp_loss":0.0,"gold_gain":0.0,"event_name":"Shining Light","player_choice":"Entered Light","floor":3.0,"gold_loss":0.0,"damage_taken":23.0,"cards_upgraded":["Strike_R","Carnage"]},{"damage_healed":0.0,"max_hp_gain":0.0,"max_hp_loss":0.0,"gold_gain":0.0,"event_name":"Liars Game","player_choice":"Ignored","floor":5.0,"gold_loss":0.0,"damage_taken":0.0},{"damage_healed":0,"gold_gain":0,"player_choice":"Obtained Book","damage_taken":21,"max_hp_gain":0,"max_hp_loss":0,"event_name":"Cursed Tome","floor":22,"gold_loss":0}],"is_beta":false,"boss_relics":[{"not_picked":["Empty Cage","Busted Crown"],"picked":"Black Star"}],"items_purged_floors":[2,11],"is_endless":false,"potions_floor_spawned":[7,13,16],"killed_by":"Slavers","ascension_level":20}}