{"host":"wmz27iczv4t8azac","time":1611540275,"event":{"mods":["AchievementEnabler","BaseMod","Colored Powertips","Minty Spire (QoL Compilation)","Quick Restart","Relic Stats","StSLib"],"gold_per_floor":[119,130,130,78,96,124,124,156,156,67,67,82,100,154,154,231,231,244,244,262,29,43,73,83,114,114,124,43,43,78,78,78,151,151,166,183,198,198,216,216,216],"floor_reached":40,"language":"ENG","playtime":2498,"items_purged":["Defend_P"],"score":916,"play_id":"c4cf444e-b970-4487-9a5e-6cd695b58e51","local_time":"20210124180435","is_ascension_mode":true,"campfire_choices":[{"data":"Eruption","floor":7,"key":"SMITH"},{"floor":11,"key":"REST"},{"floor":15,"key":"REST"},{"floor":29,"key":"REST"},{"floor":32,"key":"REST"}],"circlet_count":0,"master_deck":["AscendersBane","Strike_P","Strike_P+1","Strike_P","Defend_P","Defend_P","Defend_P","Eruption+1","Vigilance+1","Vengeance+1","InnerPeace","FlurryOfBlows","SashWhip","JustLucky+1","FlurryOfBlows","WheelKick","CutThroughFate","Scrawl","Crescendo+1","LessonLearned","Tantrum","MentalFortress","CutThroughFate+1","Meditate","Vengeance","DeusExMachina","TalkToTheHand"],"relics":["Philosopher\u0027s Stone","InkBottle","White Beast Statue","TeardropLocket","HornCleat","Fusion Hammer","Enchiridion","Vajra","Anchor","StrikeDummy","Orichalcum","SlaversCollar"],"acts_visited":["Exordium","TheCity","TheBeyond"],"potions_floor_usage":[6,12,13,16,22,22,23,25,33,39,40],"damage_taken":[{"damage":0,"enemies":"Cultist","floor":1,"turns":4},{"damage":1,"enemies":"2 Louse","floor":2,"turns":2},{"damage":5,"enemies":"Small Slimes","floor":5,"turns":3},{"damage":27,"enemies":"3 Sentries","floor":6,"turns":8},{"damage":26,"enemies":"Lagavulin","floor":8,"turns":4},{"damage":5,"enemies":"3 Louse","floor":12,"turns":3},{"damage":13,"enemies":"Gremlin Gang","floor":13,"turns":3},{"damage":17,"enemies":"Hexaghost","floor":16,"turns":7},{"damage":0,"enemies":"Chosen","floor":18,"turns":2},{"damage":0,"enemies":"3 Byrds","floor":20,"turns":4},{"damage":8,"enemies":"Snake Plant","floor":22,"turns":3},{"damage":6,"enemies":"Slavers","floor":23,"turns":2},{"damage":0,"enemies":"Cultist and Chosen","floor":24,"turns":2},{"damage":19,"enemies":"Gremlin Leader","floor":25,"turns":3},{"damage":0,"enemies":"Centurion and Healer","floor":27,"turns":2},{"damage":7,"enemies":"Slavers","floor":30,"turns":3},{"damage":19,"enemies":"Champ","floor":33,"turns":6},{"damage":4,"enemies":"Orb Walker","floor":35,"turns":2},{"damage":0,"enemies":"3 Darklings","floor":36,"turns":2},{"damage":0,"enemies":"Sphere and 2 Shapes","floor":37,"turns":3},{"damage":20,"enemies":"4 Shapes","floor":39,"turns":4},{"damage":61,"enemies":"Reptomancer","floor":40,"turns":3}],"seed_played":"-6871446564596183773","potions_obtained":[{"floor":1,"key":"Block Potion"},{"floor":2,"key":"Swift Potion"},{"floor":8,"key":"Fire Potion"},{"floor":12,"key":"Swift Potion"},{"floor":13,"key":"FearPotion"},{"floor":16,"key":"EssenceOfSteel"},{"floor":18,"key":"Regen Potion"},{"floor":22,"key":"AttackPotion"},{"floor":23,"key":"LiquidBronze"},{"floor":24,"key":"Ancient Potion"},{"floor":25,"key":"Ambrosia"},{"floor":30,"key":"DistilledChaos"},{"floor":33,"key":"CultistPotion"},{"floor":39,"key":"Explosive Potion"}],"is_trial":false,"path_per_floor":["M","M","?","$","M","E","R","E","T","$","R","M","M","?","R","B",null,"M","?","M","$","M","E","M","E","T","M","$","R","E","?","R","B",null,"M","M","M","?","M","E"],"character_chosen":"WATCHER","items_purchased":["FlurryOfBlows","WheelKick","LessonLearned","Meditate"],"campfire_rested":4,"item_purchase_floors":[4,10,21,28],"current_hp_per_floor":[61,60,60,60,55,28,28,2,2,2,22,17,4,4,24,7,53,53,32,32,32,33,27,27,8,8,8,8,28,21,21,41,22,57,53,53,53,53,33,0,0],"gold":216,"neow_bonus":"BOSS_RELIC","is_daily":false,"chose_seed":false,"campfire_upgraded":1,"win_rate":0.0,"timestamp":1611540275,"path_taken":["M","M","?","?","M","E","R","E","T","$","R","?","M","?","R","BOSS","M","?","M","$","M","E","M","E","T","M","$","R","E","?","R","BOSS","M","M","?","?","M","E"],"items_purchased_type":["Card","Card","Card","Card"],"build_version":"2020-12-22","purchased_purges":1,"victory":false,"max_hp_per_floor":[68,68,68,68,68,68,68,68,68,68,68,68,68,68,68,68,68,68,68,68,68,68,68,68,68,68,68,68,68,68,68,68,68,68,68,68,68,68,68,68,68],"relic_stats":{"counters":[22,75],"Orichalcum":[0],"obtain_stats":[{"Enchiridion":19,"Vajra":23,"TeardropLocket":8,"Orichalcum":30,"White Beast Statue":6,"SlaversCollar":34,"Anchor":25,"HornCleat":9,"Philosopher\u0027s Stone":0,"Fusion Hammer":17,"PureWater":0,"StrikeDummy":26,"InkBottle":3},{"Enchiridion":9,"Vajra":12,"TeardropLocket":5,"Orichalcum":16,"White Beast Statue":4,"SlaversCollar":17,"Anchor":14,"HornCleat":5,"Philosopher\u0027s Stone":0,"Fusion Hammer":8,"PureWater":0,"StrikeDummy":14,"InkBottle":2},{"Enchiridion":36,"Vajra":45,"TeardropLocket":21,"Orichalcum":55,"White Beast Statue":17,"SlaversCollar":61,"Anchor":50,"HornCleat":21,"Philosopher\u0027s Stone":0,"Fusion Hammer":34,"PureWater":0,"StrikeDummy":50,"InkBottle":6}],"InkBottle":[38]},"card_choices":[{"not_picked":["ThirdEye","Wireheading"],"picked":"Vengeance","floor":1},{"not_picked":["Evaluate","ClearTheMind"],"picked":"InnerPeace","floor":2},{"not_picked":["EmptyBody","ThirdEye"],"picked":"SashWhip","floor":5},{"not_picked":["Worship","SashWhip"],"picked":"JustLucky","floor":6},{"not_picked":["SashWhip","Worship"],"picked":"FlurryOfBlows","floor":8},{"not_picked":["DeusExMachina","Weave"],"picked":"CutThroughFate","floor":12},{"not_picked":["SashWhip","ThirdEye"],"picked":"ClearTheMind","floor":13},{"not_picked":["Alpha","ConjureBlade"],"picked":"Scrawl","floor":16},{"not_picked":["Swivel","SashWhip","FlyingSleeves"],"picked":"SKIP","floor":18},{"not_picked":["JustLucky","Evaluate"],"picked":"Crescendo+1","floor":20},{"not_picked":["Protect","Prostrate"],"picked":"Tantrum","floor":22},{"not_picked":["InnerPeace","SashWhip","Vengeance"],"picked":"SKIP","floor":23},{"not_picked":["InnerPeace+1","SashWhip","FlurryOfBlows"],"picked":"SKIP","floor":24},{"not_picked":["Evaluate+1","JustLucky"],"picked":"MentalFortress","floor":25},{"not_picked":["Conclude","FlyingSleeves"],"picked":"CutThroughFate+1","floor":27},{"not_picked":["Blasphemy","CutThroughFate","WreathOfFlame"],"picked":"SKIP","floor":30},{"not_picked":["LessonLearned","MasterReality"],"picked":"DeusExMachina","floor":33},{"not_picked":["EmptyBody","Wireheading"],"picked":"TalkToTheHand","floor":35},{"not_picked":["WindmillStrike","MentalFortress+1","Adaptation"],"picked":"SKIP","floor":36},{"not_picked":["ReachHeaven","FollowUp","Protect+1"],"picked":"SKIP","floor":37},{"not_picked":["Crescendo","SandsOfTime","EmptyBody+1"],"picked":"SKIP","floor":39}],"player_experience":926751,"relics_obtained":[{"floor":6,"key":"White Beast Statue"},{"floor":8,"key":"TeardropLocket"},{"floor":9,"key":"HornCleat"},{"floor":19,"key":"Enchiridion"},{"floor":23,"key":"Vajra"},{"floor":25,"key":"Anchor"},{"floor":26,"key":"StrikeDummy"},{"floor":30,"key":"Orichalcum"}],"event_choices":[{"damage_healed":0,"gold_gain":0,"player_choice":"Gave Potion","damage_taken":0,"relics_obtained":["InkBottle"],"max_hp_gain":0,"max_hp_loss":0,"event_name":"WeMeetAgain","floor":3,"gold_loss":0},{"damage_healed":0,"gold_gain":54,"player_choice":"Gained Gold","damage_taken":0,"max_hp_gain":0,"max_hp_loss":0,"event_name":"Golden Wing","floor":14,"gold_loss":0},{"damage_healed":0,"gold_gain":0,"player_choice":"Obtained Book","damage_taken":21,"max_hp_gain":0,"max_hp_loss":0,"event_name":"Cursed Tome","floor":19,"gold_loss":0},{"damage_healed":0,"gold_gain":0,"cards_transformed":["Strike_P"],"player_choice":"Transformed","damage_taken":0,"max_hp_gain":0,"max_hp_loss":0,"event_name":"Transmorgrifier","floor":31,"gold_loss":0,"cards_obtained":["Vengeance"]},{"cards_removed":["ClearTheMind"],"damage_healed":0,"gold_gain":0,"player_choice":"Removed Skill","damage_taken":0,"max_hp_gain":0,"max_hp_loss":0,"event_name":"Falling","floor":38,"gold_loss":0}],"is_beta":false,"boss_relics":[{"not_picked":["SacredBark","Calling Bell"],"picked":"Fusion Hammer"},{"not_picked":["Snecko Eye","Runic Dome"],"picked":"SlaversCollar"}],"items_purged_floors":[21],"is_endless":false,"potions_floor_spawned":[1,2,8,12,13,16,18,20,22,23,24,25,27,30,33,35,36,37,39],"killed_by":"Reptomancer","ascension_level":20}}