{"host":"l84l8xigz5v5foa2","time":1611543812,"event":{"mods":["2.2 Compatiblity","AchievementEnabler","BaseMod","Better Note","Better Vampires","Card Filter","Colored Map","DeckTracker","Gremlin Skip","Highlight Path","Keyboard Shortcuts","Minty Spire (QoL Compilation)","Permanent Neow","Quick Restart","Relic Filter","Relic Stats","Shop Mod","StSLib","SuperFastMode","Transform Curses","Unknown Chances"],"gold_per_floor":[115,133,133,145,68,68,80,80,80,80,90,113,113,113,113,189,189,201,126,41,51,66,66,99,99,99,99,115,115,129,3,3,77,77,88,106,122,136,55,55,75,75,75,13,27,27,46,62,62,62],"floor_reached":51,"language":"KOR","playtime":2626,"items_purged":["Strike_G"],"score":1119,"play_id":"ed208785-bd7d-452a-9f18-e34dee65ed3d","local_time":"20210125120332","is_ascension_mode":true,"campfire_choices":[{"data":"Cloak And Dagger","floor":6.0,"key":"SMITH"},{"data":"Neutralize","floor":8.0,"key":"SMITH"},{"data":"Well Laid Plans","floor":10.0,"key":"SMITH"},{"data":"Footwork","floor":13.0,"key":"SMITH"},{"data":"Deadly Poison","floor":15.0,"key":"SMITH"},{"data":"After Image","floor":23.0,"key":"SMITH"},{"floor":25.0,"key":"REST"},{"data":"Predator","floor":27.0,"key":"SMITH"},{"data":"Acrobatics","floor":29.0,"key":"SMITH"},{"data":"Finisher","floor":32.0,"key":"SMITH"},{"data":"Prepared","floor":40.0,"key":"SMITH"},{"data":"Bullet Time","floor":42,"key":"SMITH"},{"data":"Noxious Fumes","floor":46,"key":"SMITH"},{"data":"Accuracy","floor":49,"key":"SMITH"}],"circlet_count":0,"master_deck":["AscendersBane","Strike_G","Defend_G","Defend_G","Defend_G","Defend_G","Survivor+1","Neutralize+1","PiercingWail","Malaise","Cloak And Dagger+1","Deadly Poison+1","Predator+1","Slice+1","Well Laid Plans+1","Finisher+1","Footwork+1","After Image+1","Accuracy+1","Dagger Throw+1","Acrobatics+1","Reflex+1","Finesse","Bullet Time+1","Cloak And Dagger+1","Prepared+1","Backflip","Accuracy+1","Concentrate+1","Noxious Fumes+1","Footwork"],"relics":["Ring of the Snake","Happy Flower","Snake Skull","Sozu","Boot","InkBottle","The Courier","HoveringKite","Eternal Feather"],"acts_visited":["Exordium","TheCity","TheBeyond"],"potions_floor_usage":[],"damage_taken":[{"damage":3.0,"enemies":"Cultist","floor":1.0,"turns":5.0},{"damage":0.0,"enemies":"Jaw Worm","floor":2.0,"turns":9.0},{"damage":0.0,"enemies":"2 Louse","floor":4.0,"turns":4.0},{"damage":2.0,"enemies":"Large Slime","floor":7.0,"turns":8.0},{"damage":13.0,"enemies":"Exordium Wildlife","floor":11.0,"turns":4.0},{"damage":23.0,"enemies":"Slime Boss","floor":16.0,"turns":11.0},{"damage":8.0,"enemies":"3 Byrds","floor":18.0,"turns":5.0},{"damage":8.0,"enemies":"2 Thieves","floor":21.0,"turns":4.0},{"damage":2.0,"enemies":"Shelled Parasite and Fungi","floor":22.0,"turns":4.0},{"damage":23.0,"enemies":"Slavers","floor":24.0,"turns":6.0},{"damage":0.0,"enemies":"Centurion and Healer","floor":28.0,"turns":5.0},{"damage":4.0,"enemies":"Snecko","floor":30.0,"turns":5.0},{"damage":16.0,"enemies":"Champ","floor":33.0,"turns":10.0},{"damage":1.0,"enemies":"3 Darklings","floor":35.0,"turns":4.0},{"damage":17.0,"enemies":"3 Shapes","floor":36.0,"turns":6.0},{"damage":2.0,"enemies":"Jaw Worm Horde","floor":37.0,"turns":4.0},{"damage":2.0,"enemies":"3 Darklings","floor":38.0,"turns":5.0},{"damage":0,"enemies":"Transient","floor":41,"turns":5},{"damage":0,"enemies":"Sphere and 2 Shapes","floor":45,"turns":5},{"damage":15,"enemies":"3 Darklings","floor":47,"turns":4},{"damage":0,"enemies":"Transient","floor":48,"turns":5},{"damage":9,"enemies":"Donu and Deca","floor":50,"turns":8}],"seed_played":"-2066479601696715948","potions_obtained":[{"floor":1.0,"key":"GhostInAJar"},{"floor":7.0,"key":"Fruit Juice"},{"floor":11.0,"key":"Dexterity Potion"}],"is_trial":false,"path_per_floor":["M","M","?","M","$","R","M","R","T","R","M","T","R","?","R","B",null,"M","?","?","M","M","R","E","R","T","R","M","R","M","$","R","B",null,"M","M","M","M","$","R","M","R","T","$","M","R","M","M","R","B",null],"character_chosen":"THE_SILENT","items_purchased":["Well Laid Plans","Finesse","Backflip","Accuracy","Noxious Fumes"],"campfire_rested":1,"item_purchase_floors":[5,31,39,39,44],"current_hp_per_floor":[56,56,56,56,56,56,54,54,54,54,46,46,46,26,26,3,50,42,42,42,34,32,32,9,28,28,28,28,28,24,24,24,8,51,50,33,31,29,29,29,29,29,29,29,29,47,32,32,50,41],"gold":62,"neow_bonus":"TRANSFORM_TWO_CARDS","is_daily":false,"chose_seed":false,"campfire_upgraded":13,"win_rate":0.0,"timestamp":1611543812,"path_taken":["M","M","?","M","$","R","M","R","T","R","M","?","R","?","R","BOSS","M","?","?","M","M","R","E","R","T","R","M","R","M","?","R","BOSS","M","M","M","M","$","R","M","R","T","$","M","R","M","M","R","BOSS"],"items_purchased_type":["Card","Card","Card","Card","Card"],"build_version":"2020-12-22","purchased_purges":1,"victory":true,"max_hp_per_floor":[60,60,60,60,60,60,60,60,60,60,65,65,65,65,65,65,65,65,65,65,65,65,65,65,65,65,65,65,65,65,65,65,65,65,65,65,65,65,65,65,65,65,65,65,65,65,65,65,65,65],"relic_stats":{"Sozu":8,"Happy Flower":[33],"counters":[22,126],"HoveringKite":[28],"Eternal Feather":36,"Snake Skull":[49],"Boot":[53],"obtain_stats":[{"Sozu":17,"Happy Flower":9,"HoveringKite":34,"Eternal Feather":43,"Snake Skull":12,"The Courier":26,"Boot":20,"InkBottle":24,"Ring of the Snake":0},{"Sozu":6,"Happy Flower":4,"HoveringKite":13,"Eternal Feather":18,"Snake Skull":5,"The Courier":10,"Boot":7,"InkBottle":10,"Ring of the Snake":0},{"Sozu":41,"Happy Flower":26,"HoveringKite":80,"Eternal Feather":104,"Snake Skull":30,"The Courier":60,"Boot":46,"InkBottle":60,"Ring of the Snake":0}],"InkBottle":[45],"Ring of the Snake":[44]},"card_choices":[{"not_picked":["Infinite Blades","Underhanded Strike"],"picked":"Cloak And Dagger","floor":1.0},{"not_picked":["Bouncing Flask","Sucker Punch"],"picked":"Deadly Poison","floor":2.0},{"not_picked":["Distraction","Expertise"],"picked":"Slice","floor":4.0},{"not_picked":["Slice","Flying Knee"],"picked":"Finisher","floor":7.0},{"not_picked":["Bane","Flying Knee"],"picked":"Footwork","floor":11.0},{"not_picked":["Venomology","Unload"],"picked":"After Image","floor":16.0},{"not_picked":["Quick Slash","Choke","Slice"],"picked":"SKIP","floor":18.0},{"not_picked":["Dagger Throw","Backstab"],"picked":"Accuracy+1","floor":21.0},{"not_picked":["Skewer","Prepared"],"picked":"Dagger Throw+1","floor":22.0},{"not_picked":["Poisoned Stab","Deadly Poison","Sucker Punch"],"picked":"SKIP","floor":24.0},{"not_picked":["PiercingWail","Poisoned Stab"],"picked":"Acrobatics","floor":28.0},{"not_picked":["Dagger Spray","Bane"],"picked":"Reflex+1","floor":30.0},{"not_picked":["A Thousand Cuts","Glass Knife"],"picked":"Bullet Time","floor":33.0},{"not_picked":["Deadly Poison+1","Acrobatics"],"picked":"Cloak And Dagger+1","floor":35.0},{"not_picked":["Underhanded Strike","Flechettes"],"picked":"Prepared","floor":36.0},{"not_picked":["Terror","Acrobatics","All Out Attack+1"],"picked":"SKIP","floor":37.0},{"not_picked":["Bane","Masterful Stab","Slice"],"picked":"SKIP","floor":38.0},{"not_picked":["Sucker Punch","Backflip"],"picked":"Concentrate+1","floor":41},{"not_picked":["Unload","Setup","Sucker Punch"],"picked":"SKIP","floor":45},{"not_picked":["Catalyst+1","Masterful Stab","Finisher"],"picked":"SKIP","floor":47},{"not_picked":["Masterful Stab","Dodge and Roll"],"picked":"Footwork","floor":48}],"player_experience":1425549,"relics_obtained":[{"floor":9.0,"key":"Happy Flower"},{"floor":12.0,"key":"Snake Skull"},{"floor":24.0,"key":"InkBottle"},{"floor":26.0,"key":"The Courier"},{"floor":43,"key":"Eternal Feather"}],"event_choices":[{"damage_healed":0.0,"max_hp_gain":0.0,"max_hp_loss":0.0,"gold_gain":0.0,"cards_transformed":["Strike_G"],"event_name":"Living Wall","player_choice":"Change","floor":3.0,"gold_loss":0.0,"damage_taken":0.0,"cards_obtained":["Predator"]},{"damage_healed":0.0,"max_hp_gain":0.0,"max_hp_loss":0.0,"gold_gain":0.0,"event_name":"Shining Light","player_choice":"Entered Light","floor":14.0,"gold_loss":0.0,"damage_taken":20.0,"cards_upgraded":["Survivor","Slice"]},{"cards_removed":["Strike_G"],"damage_healed":0.0,"max_hp_gain":0.0,"max_hp_loss":0.0,"gold_gain":0.0,"event_name":"Beggar","player_choice":"Gave Gold","floor":19.0,"gold_loss":75.0,"damage_taken":0.0},{"damage_healed":0.0,"max_hp_gain":0.0,"max_hp_loss":0.0,"gold_gain":0.0,"event_name":"Addict","player_choice":"Obtained Relic","floor":20.0,"gold_loss":85.0,"damage_taken":0.0,"relics_obtained":["Boot"]}],"is_beta":false,"boss_relics":[{"not_picked":["Cursed Key","SlaversCollar"],"picked":"Sozu"},{"not_picked":["Astrolabe","SacredBark"],"picked":"HoveringKite"}],"items_purged_floors":[31],"is_endless":false,"potions_floor_spawned":[1,7,11,18,21,28,30,33,35,36,38],"ascension_level":15}}