{"host":"vqgrg90fv56geajp","time":1611586005,"event":{"mods":["BaseMod","Colored Map","Colored Powertips","Minty Spire (QoL Compilation)","Quick Restart","Rare Cards Sparkle","Relic Stats"],"gold_per_floor":[115,127,277,294,304,338,338,357,429,464,484,484,449,449,449,526,526,544,544,76,96,111,111,111,111],"floor_reached":24,"language":"ENG","playtime":1929,"items_purged":["Doubt"],"score":416,"play_id":"609d831f-ba0f-4a08-b77f-892935ffe388","local_time":"20210125164645","is_ascension_mode":true,"campfire_choices":[{"floor":7.0,"key":"REST"},{"floor":12.0,"key":"REST"},{"data":"Defragment","floor":15.0,"key":"SMITH"},{"floor":23,"key":"REST"}],"circlet_count":0,"master_deck":["AscendersBane","Zap","Dualcast","Defragment+1","Cold Snap","Leap","Consume","Amplify","Compile Driver","Ball Lightning","Reinforced Body","Seek","Skim","Hello World","Recycle","Loop","Capacitor","Stack","Compile Driver","Reboot","Chill","Writhe","Defragment+1","Conserve Battery","Coolheaded","Steam"],"relics":["Cracked Core","Vajra","HornCleat","Pocketwatch","Pandora\u0027s Box","Regal Pillow","Art of War","DollysMirror"],"acts_visited":["TheCity"],"potions_floor_usage":[],"damage_taken":[{"damage":7.0,"enemies":"Jaw Worm","floor":1.0,"turns":3.0},{"damage":0.0,"enemies":"2 Louse","floor":2.0,"turns":4.0},{"damage":3.0,"enemies":"Cultist","floor":4.0,"turns":4.0},{"damage":5.0,"enemies":"Exordium Thugs","floor":5.0,"turns":6.0},{"damage":31.0,"enemies":"Lagavulin","floor":6.0,"turns":9.0},{"damage":6.0,"enemies":"Looter","floor":8.0,"turns":3.0},{"damage":38.0,"enemies":"Gremlin Nob","floor":10.0,"turns":5.0},{"damage":0.0,"enemies":"Exordium Wildlife","floor":11.0,"turns":3.0},{"damage":11.0,"enemies":"The Guardian","floor":16.0,"turns":13.0},{"damage":32,"enemies":"3 Byrds","floor":18,"turns":5},{"damage":1,"enemies":"Chosen","floor":21,"turns":4},{"damage":12,"enemies":"Snake Plant","floor":22,"turns":6},{"damage":84,"enemies":"Gremlin Leader","floor":24,"turns":7}],"seed_played":"-5999181575416316930","potions_obtained":[{"floor":2.0,"key":"GamblersBrew"},{"floor":4.0,"key":"BlessingOfTheForge"},{"floor":5.0,"key":"Energy Potion"},{"floor":6.0,"key":"FocusPotion"},{"floor":22,"key":"Ancient Potion"}],"is_trial":false,"path_per_floor":["M","M","?","M","M","E","R","M","T","E","M","R","?","?","R","B",null,"M","?","$","M","M","R","E"],"character_chosen":"DEFECT","items_purchased":["Art of War","DollysMirror","Conserve Battery"],"campfire_rested":3,"item_purchase_floors":[20,20,20],"current_hp_per_floor":[64,64,64,61,56,25,48,42,42,4,4,27,46,72,72,61,74,42,42,42,41,29,67,0,0],"gold":111,"neow_bonus":"TEN_PERCENT_HP_BONUS","is_daily":false,"chose_seed":false,"campfire_upgraded":1,"win_rate":0.0,"timestamp":1611586005,"path_taken":["M","M","?","M","M","E","R","M","T","E","M","R","?","?","R","BOSS","M","?","$","M","M","R","E"],"items_purchased_type":["Relic","Relic","Card"],"build_version":"2020-12-22","purchased_purges":1,"victory":false,"max_hp_per_floor":[78,78,78,78,78,78,78,78,78,78,78,78,78,78,78,78,78,78,78,78,78,78,78,78,78],"relic_stats":{"Regal Pillow":15,"counters":[13,72],"Pandora\u0027s Box":["Skim","Hello World","Recycle","Loop","Capacitor","Stack","Compile Driver","Reboot"],"Art of War":[7],"obtain_stats":[{"Regal Pillow":19,"HornCleat":9,"DollysMirror":20,"Vajra":6,"Pandora\u0027s Box":17,"Art of War":20,"Cracked Core":0,"Pocketwatch":10},{"Regal Pillow":10,"HornCleat":6,"DollysMirror":10,"Vajra":5,"Pandora\u0027s Box":9,"Art of War":10,"Cracked Core":0,"Pocketwatch":7},{"Regal Pillow":55,"HornCleat":29,"DollysMirror":55,"Vajra":26,"Pandora\u0027s Box":50,"Art of War":55,"Cracked Core":0,"Pocketwatch":34}],"Pocketwatch":[54]},"card_choices":[{"not_picked":["Gash","Hologram"],"picked":"Defragment","floor":1.0},{"not_picked":["Stack","Heatsinks"],"picked":"Cold Snap","floor":2.0},{"not_picked":["Reprogram","Streamline"],"picked":"Leap","floor":4.0},{"not_picked":["Rebound","Static Discharge"],"picked":"Consume","floor":5.0},{"not_picked":["Hello World","Redo"],"picked":"Amplify","floor":6.0},{"not_picked":["Steam Power","Sweeping Beam"],"picked":"Compile Driver","floor":8.0},{"not_picked":["Stack","Redo"],"picked":"Ball Lightning","floor":10.0},{"not_picked":["Stack","Cold Snap"],"picked":"Reinforced Body","floor":11.0},{"not_picked":["Buffer","Reboot"],"picked":"Seek","floor":16.0},{"not_picked":["Redo","Steam Power"],"picked":"Chill","floor":18},{"not_picked":["Reprogram","Hello World"],"picked":"Coolheaded","floor":21},{"not_picked":["Compile Driver","Sunder+1"],"picked":"Steam","floor":22}],"player_experience":2493976,"relics_obtained":[{"floor":6.0,"key":"Vajra"},{"floor":9.0,"key":"HornCleat"},{"floor":10.0,"key":"Pocketwatch"}],"event_choices":[{"damage_healed":0.0,"max_hp_gain":0.0,"max_hp_loss":0.0,"gold_gain":150.0,"event_name":"Liars Game","player_choice":"AGREE","floor":3.0,"gold_loss":0.0,"damage_taken":0.0,"cards_obtained":["Doubt"]},{"damage_healed":19.0,"max_hp_gain":0.0,"max_hp_loss":0.0,"gold_gain":0.0,"event_name":"The Cleric","player_choice":"Healed","floor":13.0,"gold_loss":35.0,"damage_taken":0.0},{"damage_healed":26.0,"max_hp_gain":0.0,"max_hp_loss":0.0,"gold_gain":0.0,"event_name":"Big Fish","player_choice":"Banana","floor":14.0,"gold_loss":0.0,"damage_taken":0.0},{"damage_healed":0,"gold_gain":0,"player_choice":"Opened","damage_taken":0,"relics_obtained":["Regal Pillow"],"max_hp_gain":0,"max_hp_loss":0,"event_name":"The Mausoleum","floor":19,"gold_loss":0,"cards_obtained":["Writhe"]}],"is_beta":false,"boss_relics":[{"not_picked":["Runic Dome","Runic Pyramid"],"picked":"Pandora\u0027s Box"}],"items_purged_floors":[20],"is_endless":false,"potions_floor_spawned":[2,4,5,6,22],"killed_by":"Gremlin Leader","ascension_level":20}}