{"host":"b4vwm7jq6jdk6nca","time":1611582315,"event":{"mods":["Act Like it!","BaseMod","Downfall","Minty Spire (QoL Compilation)","Quick Restart","Relic Filter Mod","StSLib","TestMod","The Cursed","[IsaacMod]ÒÔÈö¼âËþ"],"gold_per_floor":[117,117,117,136,8,33,33,65,65,167,181,193,193,203,203,307,307,325,325,340,302,302,302],"floor_reached":22,"language":"ZHS","playtime":831,"items_purged":["Strike_G","Defend_G"],"score":393,"play_id":"0142969b-8722-4ea2-ab39-cf9666a25417","local_time":"20210125214515","is_ascension_mode":true,"campfire_choices":[{"data":"Neutralize","floor":7.0,"key":"SMITH"},{"data":"Cloak And Dagger","floor":13.0,"key":"SMITH"},{"data":"Bane","floor":15.0,"key":"SMITH"}],"circlet_count":0,"master_deck":["Strike_G","Strike_G","Strike_G","Strike_G","Defend_G","Defend_G","Defend_G","Defend_G","Survivor","Neutralize+1","Backstab","Bane+1","Poisoned Stab","Bane","Leg Sweep","Cloak And Dagger+1","Prepared","Burst","downfall:Haunted","downfall:Haunted","Skewer"],"relics":["Ring of the Snake","testmod-TestBox","HushsDoor","SteamSale","testmod-InfectionSource","NeowsBlessing","Pear","Paper Crane","Strawberry","BloodDonationMachine","expansioncontent:StudyCardRelic","GuppysPaw","Damocles","sneckomod:BlankCard","Darkstone Periapt","PreservedInsect"],"acts_visited":["Exordium","TheCity"],"potions_floor_usage":[],"damage_taken":[{"damage":0.0,"enemies":"Cultist","floor":1.0,"turns":1.0},{"damage":0.0,"enemies":"2 Louse","floor":4.0,"turns":1.0},{"damage":0.0,"enemies":"Gremlin Nob","floor":6.0,"turns":1.0},{"damage":20.0,"enemies":"3 Sentries","floor":8.0,"turns":7.0},{"damage":0.0,"enemies":"Small Slimes","floor":10.0,"turns":3.0},{"damage":4.0,"enemies":"Exordium Thugs","floor":11.0,"turns":4.0},{"damage":9.0,"enemies":"Gremlin Gang","floor":12.0,"turns":6.0},{"damage":0.0,"enemies":"3 Louse","floor":14.0,"turns":4.0},{"damage":0.0,"enemies":"Slime Boss","floor":16.0,"turns":5.0},{"damage":1.0,"enemies":"Spheric Guardian","floor":18.0,"turns":3.0},{"damage":0,"enemies":"3 Byrds","floor":20,"turns":4},{"damage":2,"enemies":"Cultist and Chosen","floor":22,"turns":1}],"seed_played":"-2496000828189963551","potions_obtained":[{"floor":1.0,"key":"CunningPotion"},{"floor":8.0,"key":"Block Potion"},{"floor":10.0,"key":"SteroidPotion"},{"floor":20,"key":"Ancient Potion"}],"is_trial":false,"path_per_floor":["M","?","?","M","$","E","R","E","T","M","M","M","R","M","R","B",null,"M","?","M","$","M"],"character_chosen":"THE_SILENT","items_purchased":["Paper Crane","GuppysPaw","Damocles"],"campfire_rested":0,"item_purchase_floors":[5,17,17],"current_hp_per_floor":[63,68,66,66,66,73,73,53,53,41,37,28,28,28,28,28,57,56,68,68,68,0,0],"gold":302,"neow_bonus":"THREE_ENEMY_KILL","is_daily":false,"chose_seed":false,"campfire_upgraded":3,"win_rate":0.0,"timestamp":1611582315,"path_taken":["M","?","?","M","$","E","R","E","T","?","M","?","R","M","R","BOSS","M","?","M","$","M"],"items_purchased_type":["Relic","Relic","Relic"],"build_version":"2020-12-22","purchased_purges":2,"victory":false,"max_hp_per_floor":[70,75,85,85,85,92,92,92,92,92,92,92,92,92,92,92,67,67,79,79,79,79,79],"card_choices":[{"not_picked":[],"picked":"ChaosCard","floor":0.0},{"not_picked":["Concentrate","Escape Plan"],"picked":"Backstab","floor":1.0},{"not_picked":["Reflex","Noxious Fumes"],"picked":"Bane","floor":4.0},{"not_picked":["Concentrate","Acrobatics"],"picked":"Poisoned Stab","floor":6.0},{"not_picked":["Poisoned Stab","Sucker Punch","Choke"],"picked":"SKIP","floor":8.0},{"not_picked":["Poisoned Stab","Flechettes"],"picked":"Bane","floor":10.0},{"not_picked":["Underhanded Strike","Heel Hook"],"picked":"Leg Sweep","floor":11.0},{"not_picked":["Poisoned Stab","Deflect"],"picked":"Cloak And Dagger","floor":12.0},{"not_picked":["Flying Knee","Unload"],"picked":"Prepared","floor":14.0},{"not_picked":["Die Die Die","Venomology"],"picked":"Burst","floor":16.0},{"not_picked":["Bane","Poisoned Stab","Slice"],"picked":"SKIP","floor":18.0},{"not_picked":["Flying Knee+1","Quick Slash"],"picked":"Skewer","floor":20}],"player_experience":290455,"relics_obtained":[{"floor":6.0,"key":"Strawberry"},{"floor":8.0,"key":"BloodDonationMachine"},{"floor":18.0,"key":"sneckomod:BlankCard"},{"floor":20,"key":"PreservedInsect"}],"event_choices":[{"damage_healed":0.0,"max_hp_gain":5.0,"max_hp_loss":0.0,"gold_gain":0.0,"event_name":"Big Fish","player_choice":"Donut","floor":2.0,"gold_loss":0.0,"damage_taken":0.0},{"damage_healed":0.0,"max_hp_gain":0.0,"max_hp_loss":0.0,"gold_gain":0.0,"event_name":"Scrap Ooze","player_choice":"Success","floor":3.0,"gold_loss":0.0,"damage_taken":12.0,"relics_obtained":["Pear"]}],"is_beta":false,"boss_relics":[{"not_picked":["testmod-DreamHouse","testmod-StringDisintegrator"],"picked":"expansioncontent:StudyCardRelic"},{"not_picked":[]}],"items_purged_floors":[17,21],"is_endless":false,"potions_floor_spawned":[1,8,10,20],"killed_by":"Cultist and Chosen","ascension_level":9}}