{"host":"f7mgfv1rcbv6ir5v","time":1611602624,"event":{"mods":["BaseMod","Bestiary","Colored Map","Colored Powertips","Highlight Path","Minty Spire (QoL Compilation)","Relic Stats","StSLib"],"gold_per_floor":[10,23,42,60,60,60,92,92,145,161,9,42,42,73,73,196,196,215,215,45,66,66,66,81,99,122,147,172,188,214,214,214,315,315,330,344,63,78,89,89,114,74,99,60,80,95,113,142,142,142,142,142,68,95,95],"floor_reached":56,"language":"ENG","playtime":6047,"items_purged":["Strike_G","Strike_G"],"score":1665,"play_id":"8db33dae-261f-4b7d-a80d-da7f7ae4cc92","local_time":"20210125112344","is_ascension_mode":true,"campfire_choices":[{"data":"Apotheosis","floor":6.0,"key":"SMITH"},{"floor":8.0,"key":"REST"},{"data":"Noxious Fumes","floor":15.0,"key":"SMITH"},{"floor":23,"key":"REST"},{"floor":32,"key":"RECALL"},{"floor":40,"key":"REST"},{"floor":49,"key":"REST"},{"floor":52,"key":"REST"}],"circlet_count":0,"master_deck":["Survivor","Neutralize","Apotheosis+1","Noxious Fumes+1","Acrobatics","Skewer","PiercingWail","Cloak And Dagger","Crippling Poison","Blade Dance","Accuracy","Adrenaline","Well Laid Plans+1","Necronomicurse","Footwork","Blade Dance+1","Prepared+1","Dash","Dagger Spray+1","Corpse Explosion","Calculated Gamble+1","Quick Slash","Dash","Blade Dance","Backflip","Dodge and Roll","Accuracy","Outmaneuver","Escape Plan","Dagger Throw+1","Dash+1","Calculated Gamble","Venomology","Footwork","Skewer+1"],"relics":["Ring of the Snake","Kunai","PreservedInsect","Pen Nib","Bloody Idol","Ninja Scroll","Fusion Hammer","Necronomicon","Orichalcum","Tough Bandages","Red Mask","CaptainsWheel","Vajra","Pandora\u0027s Box","Mummified Hand","Bag of Marbles","Boot","Bottled Flame"],"acts_visited":["Exordium","TheCity","TheBeyond","TheEnding"],"potions_floor_usage":[27,45,48,50,55,55,55],"damage_taken":[{"damage":0.0,"enemies":"Cultist","floor":1.0,"turns":4.0},{"damage":1.0,"enemies":"Jaw Worm","floor":2.0,"turns":5.0},{"damage":7.0,"enemies":"2 Louse","floor":3.0,"turns":3.0},{"damage":0.0,"enemies":"Looter","floor":4.0,"turns":4.0},{"damage":39.0,"enemies":"Gremlin Nob","floor":7.0,"turns":5.0},{"damage":0.0,"enemies":"Blue Slaver","floor":10.0,"turns":4.0},{"damage":3.0,"enemies":"3 Sentries","floor":12.0,"turns":6.0},{"damage":5.0,"enemies":"Lagavulin","floor":14.0,"turns":4.0},{"damage":21.0,"enemies":"Slime Boss","floor":16.0,"turns":7.0},{"damage":1,"enemies":"Spheric Guardian","floor":18,"turns":4},{"damage":0,"enemies":"3 Byrds","floor":21,"turns":4},{"damage":1,"enemies":"Cultist and Chosen","floor":24,"turns":4},{"damage":0,"enemies":"Snecko","floor":25,"turns":3},{"damage":4,"enemies":"Slavers","floor":27,"turns":3},{"damage":0,"enemies":"Masked Bandits","floor":28,"turns":3},{"damage":12,"enemies":"Snake Plant","floor":29,"turns":3},{"damage":3,"enemies":"Book of Stabbing","floor":30,"turns":4},{"damage":0,"enemies":"Automaton","floor":33,"turns":6},{"damage":0,"enemies":"Orb Walker","floor":35,"turns":2},{"damage":0,"enemies":"3 Shapes","floor":36,"turns":3},{"damage":0,"enemies":"Maw","floor":38,"turns":5},{"damage":0,"enemies":"4 Shapes","floor":39,"turns":3},{"damage":0,"enemies":"Nemesis","floor":41,"turns":5},{"damage":0,"enemies":"Writhing Mass","floor":45,"turns":3},{"damage":0,"enemies":"Maw","floor":46,"turns":4},{"damage":5,"enemies":"4 Shapes","floor":47,"turns":5},{"damage":0,"enemies":"Giant Head","floor":48,"turns":4},{"damage":19,"enemies":"Time Eater","floor":50,"turns":8},{"damage":17,"enemies":"Shield and Spear","floor":54,"turns":2},{"damage":26,"enemies":"The Heart","floor":55,"turns":10}],"seed_played":"-4614005286049512678","potions_obtained":[{"floor":3.0,"key":"BlessingOfTheForge"},{"floor":7.0,"key":"Regen Potion"},{"floor":10.0,"key":"BlessingOfTheForge"},{"floor":12.0,"key":"FearPotion"},{"floor":25,"key":"DistilledChaos"},{"floor":29,"key":"EssenceOfSteel"},{"floor":36,"key":"Swift Potion"},{"floor":45,"key":"Fire Potion"}],"is_trial":false,"path_per_floor":["M","M","M","M","?","R","E","R","T","M","$","E","?","E","R","B",null,"M","?","$","M","?","R","M","M","T","E","?","M","E","?","R","B",null,"M","M","$","M","M","R","E","?","T","$","M","M","M","E","R","B",null,"R","$","E","B",null],"character_chosen":"THE_SILENT","items_purchased":["Crippling Poison","Footwork","Mummified Hand","Escape Plan","Calculated Gamble","LiquidMemories"],"campfire_rested":5,"item_purchase_floors":[11,20,37,37,44,53],"current_hp_per_floor":[63,62,55,55,60,60,21,43,43,43,43,40,40,35,35,14,55,54,38,38,38,38,58,62,67,69,69,69,62,64,64,64,69,69,69,69,69,69,69,69,69,69,69,69,69,69,69,69,69,50,64,69,69,57,31],"gold":95,"neow_bonus":"RANDOM_COLORLESS_2","is_daily":false,"chose_seed":false,"campfire_upgraded":2,"win_rate":0.0,"timestamp":1611602624,"path_taken":["M","M","M","?","?","R","E","R","T","M","$","E","?","E","R","BOSS","M","?","$","M","?","R","M","?","T","E","?","M","E","?","R","BOSS","M","M","$","M","M","R","E","?","T","$","M","M","?","E","R","BOSS","R","$","E","BOSS"],"items_purchased_type":["Card","Card","Relic","Card","Card","Potion"],"build_version":"2020-12-22","purchased_purges":2,"victory":true,"max_hp_per_floor":[70,70,70,70,75,75,75,75,75,75,75,75,69,69,69,69,69,69,69,69,69,69,69,69,69,69,69,69,69,69,69,69,69,69,69,69,69,69,69,69,69,69,69,69,69,69,69,69,69,69,69,69,69,69,69],"relic_stats":{"counters":[30,130],"PreservedInsect":380,"Pen Nib":[40],"Orichalcum":[30],"Boot":[0],"Tough Bandages":[288],"Mummified Hand":[39],"Bloody Idol":41,"Pandora\u0027s Box":["Calculated Gamble","Quick Slash","Dash","Blade Dance","Backflip","Dodge and Roll","Accuracy","Outmaneuver"],"Necronomicon":[38],"Kunai":[106],"obtain_stats":[{"Golden Idol":13,"Vajra":31,"PreservedInsect":9,"Pen Nib":12,"Orichalcum":26,"Boot":48,"Tough Bandages":27,"CaptainsWheel":30,"Bottled Flame":54,"Ninja Scroll":14,"Mummified Hand":37,"Bloody Idol":22,"Pandora\u0027s Box":34,"Fusion Hammer":17,"Necronomicon":19,"Red Mask":28,"Bag of Marbles":41,"Kunai":7,"Ring of the Snake":0},{"Golden Idol":7,"Vajra":17,"PreservedInsect":5,"Pen Nib":7,"Orichalcum":13,"Boot":27,"Tough Bandages":14,"CaptainsWheel":17,"Bottled Flame":29,"Ninja Scroll":8,"Mummified Hand":20,"Bloody Idol":11,"Pandora\u0027s Box":18,"Fusion Hammer":9,"Necronomicon":10,"Red Mask":15,"Bag of Marbles":23,"Kunai":5,"Ring of the Snake":0},{"Golden Idol":31,"Vajra":70,"PreservedInsect":21,"Pen Nib":31,"Orichalcum":57,"Boot":110,"Tough Bandages":60,"CaptainsWheel":70,"Bottled Flame":120,"Ninja Scroll":35,"Mummified Hand":81,"Bloody Idol":50,"Pandora\u0027s Box":76,"Fusion Hammer":42,"Necronomicon":46,"Red Mask":63,"Bag of Marbles":94,"Kunai":21,"Ring of the Snake":0}],"Ring of the Snake":[60]},"card_choices":[{"not_picked":["Magnetism","Sadistic Nature"],"picked":"Apotheosis","floor":0.0},{"not_picked":["Dagger Throw","Dagger Spray"],"picked":"Noxious Fumes","floor":1.0},{"not_picked":["Choke","Slice"],"picked":"Acrobatics","floor":2.0},{"not_picked":["Deadly Poison","Calculated Gamble"],"picked":"Skewer","floor":3.0},{"not_picked":["Distraction","Backflip"],"picked":"PiercingWail","floor":4.0},{"not_picked":["Masterful Stab","Slice","Prepared"],"picked":"SKIP","floor":7.0},{"not_picked":["Sucker Punch","Unload"],"picked":"Cloak And Dagger","floor":10.0},{"not_picked":["Deadly Poison","Bullet Time"],"picked":"Blade Dance","floor":12.0},{"not_picked":["Dagger Spray","Flechettes"],"picked":"Accuracy","floor":14.0},{"not_picked":["Die Die Die","Envenom"],"picked":"Adrenaline","floor":16.0},{"not_picked":["Acrobatics","Terror"],"picked":"Well Laid Plans+1","floor":18},{"not_picked":["Dagger Spray","Underhanded Strike","Dagger Throw"],"picked":"SKIP","floor":21},{"not_picked":["PiercingWail","Dagger Spray"],"picked":"Blade Dance+1","floor":24},{"not_picked":["Bane","Accuracy"],"picked":"Prepared+1","floor":25},{"not_picked":["Backflip","Expertise"],"picked":"Dash","floor":27},{"not_picked":["Flying Knee","Doppelganger"],"picked":"Dagger Spray+1","floor":29},{"not_picked":["Deadly Poison","Dagger Spray","Blur"],"picked":"SKIP","floor":30},{"not_picked":["Envenom","Unload"],"picked":"Corpse Explosion","floor":33},{"not_picked":["Sucker Punch","Outmaneuver","Slice+1"],"picked":"SKIP","floor":35},{"not_picked":["Riddle With Holes","Masterful Stab+1","Flechettes"],"picked":"SKIP","floor":36},{"not_picked":["Dagger Spray","Quick Slash","Deadly Poison"],"picked":"SKIP","floor":38},{"not_picked":["Slice","Eviscerate+1"],"picked":"Dagger Throw+1","floor":39},{"not_picked":["Die Die Die","Outmaneuver+1"],"picked":"Dash+1","floor":41},{"not_picked":["Masterful Stab+1","Skewer","Setup"],"picked":"SKIP","floor":45},{"not_picked":["Dodge and Roll+1","Cloak And Dagger"],"picked":"Venomology","floor":46},{"not_picked":["PiercingWail","Setup+1","Dagger Spray"],"picked":"SKIP","floor":47},{"not_picked":["Tactician+1","Crippling Poison+1"],"picked":"Footwork","floor":48},{"not_picked":["Deflect+1","Flying Knee+1"],"picked":"Skewer+1","floor":54}],"player_experience":378052,"relics_obtained":[{"floor":7.0,"key":"Kunai"},{"floor":9.0,"key":"PreservedInsect"},{"floor":12.0,"key":"Pen Nib"},{"floor":14.0,"key":"Ninja Scroll"},{"floor":19,"key":"Necronomicon"},{"floor":26,"key":"Orichalcum"},{"floor":27,"key":"Tough Bandages"},{"floor":28,"key":"Red Mask"},{"floor":30,"key":"CaptainsWheel"},{"floor":41,"key":"Bag of Marbles"},{"floor":48,"key":"Boot"},{"floor":54,"key":"Bottled Flame"}],"event_choices":[{"damage_healed":0.0,"max_hp_gain":5.0,"max_hp_loss":0.0,"gold_gain":0.0,"event_name":"Big Fish","player_choice":"Donut","floor":5.0,"gold_loss":0.0,"damage_taken":0.0},{"damage_healed":0.0,"max_hp_gain":0.0,"max_hp_loss":6.0,"gold_gain":0.0,"event_name":"Golden Idol","player_choice":"Lose Max HP","floor":13.0,"gold_loss":0.0,"damage_taken":0.0,"relics_obtained":["Golden Idol"]},{"damage_healed":0,"gold_gain":0,"player_choice":"Obtained Book","damage_taken":16,"max_hp_gain":0,"max_hp_loss":0,"event_name":"Cursed Tome","floor":19,"gold_loss":0},{"damage_healed":0,"gold_gain":0,"player_choice":"Gave Idol","damage_taken":0,"relics_obtained":["Bloody Idol"],"max_hp_gain":0,"max_hp_loss":0,"event_name":"Forgotten Altar","floor":22,"relics_lost":["Golden Idol"],"gold_loss":0},{"damage_healed":0,"gold_gain":0,"player_choice":"Fought Bandits","damage_taken":0,"max_hp_gain":0,"max_hp_loss":0,"event_name":"Masked Bandits","floor":28,"gold_loss":0},{"damage_healed":0,"gold_gain":0,"player_choice":"Opened","damage_taken":0,"relics_obtained":["Vajra"],"max_hp_gain":0,"max_hp_loss":0,"event_name":"The Mausoleum","floor":31,"gold_loss":0},{"damage_healed":0,"gold_gain":0,"player_choice":"Upgrade","damage_taken":0,"max_hp_gain":0,"max_hp_loss":0,"event_name":"Designer","floor":42,"gold_loss":40,"cards_upgraded":["Calculated Gamble"]}],"is_beta":false,"boss_relics":[{"not_picked":["Sozu","Cursed Key"],"picked":"Fusion Hammer"},{"not_picked":["Velvet Choker","Runic Dome"],"picked":"Pandora\u0027s Box"}],"items_purged_floors":[11,20],"is_endless":false,"potions_floor_spawned":[3,7,10,12,21,25,29,33,36,39,41,45],"ascension_level":6}}