{"host":"fligtxqnrbjmaaid","time":1611561409,"event":{"mods":["ATMod(°¢èªMod)","AchievementEnabler","Act Like it!","BaseMod","Dota2Spire","Downfall","Hallownest","Infinite Spire","Lobotomy","Marisa£¨ìFÓê¡¡Ä§ÀíÉ³£©","Minty Spire (QoL Compilation)","Replay The Spire","StSLib","The Blackbeard","The Construct","The Cursed","The Gatherer","The Runesmith","[IsaacMod]ÒÔÈö¼âËþ"],"gold_per_floor":[110,130,146,166,55,90,108,108,132,132,132,132,165,165,165,269,269,281,299,224,244,256,256,12,12,12,12,24,43,43,43,43,147,147,162,179,197,211,224,224,73,92,92,104,104,104,104,116,116,116,116,116,58,86,86,86],"floor_reached":55,"language":"ZHS","playtime":3991,"items_purged":["Strike_R"],"score":708,"play_id":"9e5bf7d8-c45e-4852-aecd-56bd729ff815","local_time":"20210125155649","is_ascension_mode":false,"campfire_choices":[{"floor":8,"key":"REST"},{"floor":10,"key":"RECALL"},{"data":"AT_ShrugMaster","floor":12,"key":"SMITH"},{"floor":15,"key":"DIG"},{"floor":25,"key":"REST"},{"data":"AT_Dispersion","floor":27,"key":"SMITH"},{"data":"Evolve","floor":40,"key":"SMITH"},{"floor":47,"key":"REST"},{"data":"Strike_R","floor":49,"key":"PURGE"},{"data":"Ghostly Armor","floor":52,"key":"SMITH"}],"circlet_count":0,"master_deck":["Strike_R","Strike_R","Defend_R","Defend_R","Defend_R","Defend_R","Bash","DoctorFetus+1","Iron Wave","Evolve+1","Armaments","Armaments","AT_ShrugMaster+1","AT_Dispersion+1","Fire Breathing+1","Necronomicurse","Berserk","Armaments","Shrug It Off+1","Ghostly Armor+1","Fire Breathing","Life Link","Life Link","Combust+1"],"relics":["Burning Blood","HushsDoor","AT_ATBox","DoctorsRemote","Mummified Hand","ReplayTheSpireMod:Shallot","Kunai","Dota2Spire:Bloodstone","Necronomicon","Runesmith:Nanobots","infinitespire:PuzzleCube","MutagenicStrength","FaceOfCleric","construct:WeddingRing","King of Hearts","AT_ForceNature","AT_RedTearstoneRing"],"acts_visited":["Exordium","TheCity","TheBeyond","TheEnding"],"potions_floor_usage":[33,33,38,50,50,50],"damage_taken":[{"damage":1,"enemies":"Cultist","floor":1,"turns":3},{"damage":1,"enemies":"2 Louse","floor":2,"turns":2},{"damage":6,"enemies":"Jaw Worm","floor":3,"turns":4},{"damage":11,"enemies":"Large Slime","floor":4,"turns":4},{"damage":16,"enemies":"Lagavulin","floor":6,"turns":6},{"damage":19,"enemies":"Exordium Wildlife","floor":7,"turns":4},{"damage":23,"enemies":"Gremlin Nob","floor":13,"turns":5},{"damage":30,"enemies":"Hexaghost","floor":16,"turns":12},{"damage":1,"enemies":"Shell Parasite","floor":18,"turns":6},{"damage":0,"enemies":"Chosen","floor":19,"turns":5},{"damage":0,"enemies":"3 Cultists","floor":21,"turns":5},{"damage":0,"enemies":"Shelled Parasite and Fungi","floor":22,"turns":7},{"damage":0,"enemies":"Centurion and Healer","floor":28,"turns":5},{"damage":0,"enemies":"3 Cultists","floor":29,"turns":4},{"damage":0,"enemies":"Champ","floor":33,"turns":9},{"damage":5,"enemies":"3 Shapes","floor":35,"turns":3},{"damage":0,"enemies":"3 Darklings","floor":36,"turns":4},{"damage":10,"enemies":"Transient","floor":37,"turns":5},{"damage":27,"enemies":"Jaw Worm Horde","floor":38,"turns":4},{"damage":0,"enemies":"Sphere and 2 Shapes","floor":39,"turns":4},{"damage":0,"enemies":"4 Shapes","floor":42,"turns":4},{"damage":7,"enemies":"Jaw Worm Horde","floor":44,"turns":4},{"damage":0,"enemies":"Sphere and 2 Shapes","floor":48,"turns":4},{"damage":55,"enemies":"Time Eater","floor":50,"turns":13},{"damage":18,"enemies":"Shield and Spear","floor":54,"turns":6},{"damage":85,"enemies":"LittleHush","floor":55,"turns":7}],"seed_played":"1520710294751751075","potions_obtained":[{"floor":2,"key":"LiquidBronze"},{"floor":7,"key":"BlessingOfTheForge"},{"floor":16,"key":"SpeedPotion"},{"floor":21,"key":"ColorlessPotion"},{"floor":22,"key":"Milkshake"},{"floor":33,"key":"Adrenaline Potion"},{"floor":36,"key":"LiquidMemories"},{"floor":48,"key":"SkillPotion"}],"is_trial":false,"path_per_floor":["M","M","M","M","$","E","M","R","T","R","?","R","E","?","R","B",null,"M","M","?","M","M","?","$","R","T","R","M","M","?","$","R","B",null,"M","M","M","M","M","R","$","M","T","M","?","?","R","M","R","B",null,"R","$","E","B"],"character_chosen":"IRONCLAD","items_purchased":["Armaments","Runesmith:Nanobots","King of Hearts","Life Link"],"campfire_rested":3,"item_purchase_floors":[5,24,41,53],"current_hp_per_floor":[80,80,80,75,75,65,52,76,76,76,81,81,64,85,85,61,85,85,85,85,85,85,69,69,85,85,85,85,85,85,85,85,86,86,87,88,85,65,72,72,72,79,79,79,79,79,93,94,94,46,95,95,95,84,0,0],"gold":86,"neow_bonus":"UPGRADE_CARD","is_daily":false,"chose_seed":false,"campfire_upgraded":4,"win_rate":0.0,"timestamp":1611561409,"path_taken":["M","M","M","M","$","E","M","R","T","R","?","R","E","?","R","BOSS","M","M","?","M","M","?","?","R","T","R","?","M","?","$","R","BOSS","M","M","M","M","M","R","$","M","T","M","?","?","R","?","R","BOSS","R","$","E","BOSS"],"items_purchased_type":["Card","Relic","Relic","Card"],"build_version":"2020-12-22","purchased_purges":1,"victory":false,"max_hp_per_floor":[80,80,80,80,80,80,80,80,80,80,85,85,85,85,85,85,85,85,85,85,85,85,85,85,85,85,85,85,85,85,85,85,86,86,87,88,89,90,91,91,91,92,92,93,93,93,93,94,94,95,95,95,95,96,96,96],"card_choices":[{"not_picked":[],"picked":"DoctorFetus","floor":0},{"not_picked":["Havoc","Flex"],"picked":"Iron Wave","floor":1},{"not_picked":["Pommel Strike","Body Slam","Clothesline"],"picked":"SKIP","floor":2},{"not_picked":["Defy Death","Havoc","Flex"],"picked":"SKIP","floor":3},{"not_picked":["Feel No Pain","Thunderclap"],"picked":"Evolve","floor":4},{"not_picked":["Rampage","AT_GerminateFire","Twin Strike"],"picked":"SKIP","floor":6},{"not_picked":["Clash","Iron Wave"],"picked":"AT_ShrugMaster","floor":7},{"not_picked":["Dark Embrace","Corruption","Run Through"],"picked":"SKIP","floor":13},{"not_picked":["Exhume","Limit Break"],"picked":"AT_Dispersion","floor":16},{"not_picked":["Hemokinesis","AT_IchimonjiDouble+1","Headbutt+1"],"picked":"SKIP","floor":18},{"not_picked":["Rage","True Grit"],"picked":"Fire Breathing+1","floor":19},{"not_picked":["infinitespire:OneForAll","AT_DiedThrough","Abandon"],"picked":"SKIP","floor":21},{"not_picked":["Shockwave","Thunderclap+1","AT_BodySlamDance"],"picked":"SKIP","floor":22},{"not_picked":["Disarm","ReplayReversal","Thunderclap+1"],"picked":"SKIP","floor":28},{"not_picked":["Perfected Strike","Warcry","Twin Strike"],"picked":"SKIP","floor":29},{"not_picked":["Corruption","Double Tap"],"picked":"Berserk","floor":33},{"not_picked":["Clothesline","Clash+1"],"picked":"Armaments","floor":35},{"not_picked":["Clothesline","Double Tap"],"picked":"Shrug It Off+1","floor":36},{"not_picked":["Clothesline","AT_BodySlamDance+1","ReplayTheSpireMod:Strike From Hell"],"picked":"SKIP","floor":37},{"not_picked":["Feel No Pain+1","Perfected Strike"],"picked":"Ghostly Armor","floor":38},{"not_picked":["Sword Boomerang","Pommel Strike","Clash+1"],"picked":"SKIP","floor":39},{"not_picked":["Perfected Strike+1","Thunderclap"],"picked":"Fire Breathing","floor":42},{"not_picked":["Infernal Blade","Replay:Undeath\u0027s Touch+1","Heavy Blade"],"picked":"SKIP","floor":44},{"not_picked":["Body Slam+1","Carnage+1","Rupture+1"],"picked":"SKIP","floor":48},{"not_picked":["Pommel Strike+1","AT_BodySlamDance"],"picked":"Combust+1","floor":54}],"player_experience":74650,"relics_obtained":[{"floor":6,"key":"Mummified Hand"},{"floor":13,"key":"ReplayTheSpireMod:Shallot"},{"floor":15,"key":"Kunai"},{"floor":23,"key":"Necronomicon"},{"floor":26,"key":"infinitespire:PuzzleCube"},{"floor":43,"key":"AT_ForceNature"},{"floor":54,"key":"AT_RedTearstoneRing"}],"event_choices":[{"damage_healed":0,"gold_gain":0,"player_choice":"Donut","damage_taken":0,"max_hp_gain":5,"max_hp_loss":0,"event_name":"Big Fish","floor":11,"gold_loss":0},{"cards_removed":["Strike_R"],"damage_healed":0,"gold_gain":0,"player_choice":"Gave Gold","damage_taken":0,"max_hp_gain":0,"max_hp_loss":0,"event_name":"Beggar","floor":20,"gold_loss":75},{"damage_healed":0,"gold_gain":0,"player_choice":"Obtained Book","damage_taken":16,"max_hp_gain":0,"max_hp_loss":0,"event_name":"Cursed Tome","floor":23,"gold_loss":0},{"damage_healed":0,"gold_gain":0,"player_choice":"Inject Mutagens","damage_taken":0,"relics_obtained":["MutagenicStrength"],"max_hp_gain":0,"max_hp_loss":0,"event_name":"Drug Dealer","floor":30,"gold_loss":0},{"damage_healed":0,"gold_gain":0,"player_choice":"Trade","damage_taken":0,"relics_obtained":["FaceOfCleric"],"max_hp_gain":0,"max_hp_loss":0,"event_name":"FaceTrader","floor":32,"gold_loss":0}],"is_beta":false,"boss_relics":[{"not_picked":["AT_MortalBlade","ReplayTheSpireMod:SealedPack"],"picked":"Dota2Spire:Bloodstone"},{"not_picked":[]},{"not_picked":["Black Blood","Replay:Grab Bag"],"picked":"construct:WeddingRing"},{"not_picked":[]}],"items_purged_floors":[5],"is_endless":false,"potions_floor_spawned":[2,7,16,21,22,33,36,37,48],"killed_by":"LittleHush","ascension_level":0}}