{"host":"ynimr9ugvc6f046i","time":1611583323,"event":{"mods":["2.2 Compatiblity","BaseMod","Colored Map","DeckTracker","Highlight Path","Keyboard Shortcuts","Minty Spire (QoL Compilation)","Permanent Neow","Quick Restart","StSLib","SuperFastMode"],"gold_per_floor":[110,260,260,260,260,260,284,284,284,298,223,244,244,258,258,347,347,360,360,375,394,417,417,457,357,383,383,408,426,133,133,133,227,227,252,252,268,95,114,155,155,155,155],"floor_reached":42,"language":"KOR","playtime":1049,"items_purged":["Strike_P","Defend_P","Strike_P+1"],"score":1026,"play_id":"1bfa01f9-2381-4105-a9cf-859050afe2b2","local_time":"20210125230203","is_ascension_mode":true,"campfire_choices":[{"data":"Eruption","floor":6.0,"key":"SMITH"},{"data":"CrushJoints","floor":8.0,"key":"SMITH"},{"data":"EmptyFist","floor":13.0,"key":"SMITH"},{"floor":15.0,"key":"RECALL"},{"floor":23.0,"key":"REST"},{"floor":32.0,"key":"REST"},{"floor":41.0,"key":"REST"}],"circlet_count":0,"master_deck":["AscendersBane","Strike_P+1","Defend_P","Defend_P+1","Defend_P+1","Eruption+1","Vigilance","CrushJoints+1","FearNoEvil+1","EmptyFist+1","FlurryOfBlows+1","LessonLearned+1","MentalFortress","TalkToTheHand","Fasting2+1","Fasting2+1","Adaptation+1","Tantrum"],"relics":["HolyWater","Golden Idol","FossilizedHelix","Fusion Hammer","Yang","OrangePellets","DollysMirror","Peace Pipe"],"acts_visited":["Exordium","TheCity","TheBeyond"],"potions_floor_usage":[42],"damage_taken":[{"damage":0.0,"enemies":"Small Slimes","floor":1.0,"turns":2.0},{"damage":4.0,"enemies":"Jaw Worm","floor":7.0,"turns":2.0},{"damage":0.0,"enemies":"Cultist","floor":10.0,"turns":2.0},{"damage":0.0,"enemies":"Looter","floor":12.0,"turns":3.0},{"damage":0.0,"enemies":"Blue Slaver","floor":14.0,"turns":3.0},{"damage":0.0,"enemies":"Slime Boss","floor":16.0,"turns":3.0},{"damage":17.0,"enemies":"Shell Parasite","floor":18.0,"turns":4.0},{"damage":22.0,"enemies":"3 Byrds","floor":20.0,"turns":5.0},{"damage":11.0,"enemies":"Snake Plant","floor":21.0,"turns":4.0},{"damage":0.0,"enemies":"Centurion and Healer","floor":22.0,"turns":4.0},{"damage":4.0,"enemies":"Gremlin Leader","floor":24.0,"turns":6.0},{"damage":0.0,"enemies":"Snecko","floor":28.0,"turns":3.0},{"damage":0.0,"enemies":"Cultist and Chosen","floor":29.0,"turns":5.0},{"damage":51.0,"enemies":"Champ","floor":33.0,"turns":12.0},{"damage":0.0,"enemies":"3 Shapes","floor":35.0,"turns":4.0},{"damage":48.0,"enemies":"3 Darklings","floor":37.0,"turns":5.0},{"damage":0.0,"enemies":"Maw","floor":39.0,"turns":4.0},{"damage":0.0,"enemies":"Giant Head","floor":40.0,"turns":5.0},{"damage":25,"enemies":"Reptomancer","floor":42,"turns":2}],"seed_played":"3152142217488235606","potions_obtained":[{"floor":7.0,"key":"StancePotion"},{"floor":10.0,"key":"EssenceOfSteel"},{"floor":14.0,"key":"SteroidPotion"},{"floor":20.0,"key":"Ambrosia"},{"floor":24.0,"key":"Strength Potion"},{"floor":33.0,"key":"EssenceOfSteel"},{"floor":35.0,"key":"FearPotion"},{"floor":37.0,"key":"FearPotion"}],"is_trial":false,"path_per_floor":["M","?","?","?","?","R","M","R","T","M","$","M","R","M","R","B",null,"M","?","M","M","M","R","E","$","T","?","M","M","$","?","R","B",null,"M","?","M","$","M","E","R","E"],"character_chosen":"WATCHER","items_purchased":["OrangePellets","DollysMirror"],"campfire_rested":3,"item_purchase_floors":[30,38],"current_hp_per_floor":[61,61,61,61,66,66,62,62,62,62,62,62,62,62,62,62,66,49,49,27,16,16,36,32,32,32,32,32,32,32,32,52,1,51,51,51,3,3,3,3,23,0,0],"gold":155,"neow_bonus":"TRANSFORM_CARD","is_daily":false,"chose_seed":false,"campfire_upgraded":3,"win_rate":0.0,"timestamp":1611583323,"path_taken":["M","?","?","?","?","R","M","R","T","M","$","?","R","M","R","BOSS","M","?","?","M","M","R","E","$","T","?","M","M","$","?","R","BOSS","M","?","M","$","M","E","R","E"],"items_purchased_type":["Relic","Relic"],"build_version":"2020-12-22","purchased_purges":3,"victory":false,"max_hp_per_floor":[68,68,62,62,67,67,67,67,67,67,67,67,67,67,67,67,67,67,67,67,67,67,67,67,67,67,67,67,67,67,67,67,67,67,67,67,67,67,67,67,67,67,67],"card_choices":[{"not_picked":["Protect","SashWhip"],"picked":"FearNoEvil","floor":1.0},{"not_picked":["WaveOfTheHand","Prostrate","Conclude"],"picked":"SKIP","floor":7.0},{"not_picked":["Weave","JustLucky"],"picked":"EmptyFist","floor":10.0},{"not_picked":["Halt","Brilliance"],"picked":"FlurryOfBlows","floor":12.0},{"not_picked":["CutThroughFate","EmptyFist","FlyingSleeves"],"picked":"SKIP","floor":14.0},{"not_picked":["SpiritShield","Vault"],"picked":"LessonLearned","floor":16.0},{"not_picked":["Crescendo","FlyingSleeves","SashWhip"],"picked":"SKIP","floor":18.0},{"not_picked":["Crescendo+1","WindmillStrike"],"picked":"MentalFortress","floor":20.0},{"not_picked":["Protect","ThirdEye"],"picked":"TalkToTheHand","floor":21.0},{"not_picked":["Collect+1","Halt","FlurryOfBlows+1"],"picked":"SKIP","floor":22.0},{"not_picked":["BowlingBash","Halt","FlyingSleeves+1"],"picked":"SKIP","floor":24.0},{"not_picked":["FollowUp","Evaluate","Halt"],"picked":"SKIP","floor":28.0},{"not_picked":["CrushJoints","Wallop","Vengeance+1"],"picked":"SKIP","floor":29.0},{"not_picked":["FollowUp+1","ThirdEye","Fasting2"],"picked":"SKIP","floor":35.0},{"not_picked":["FollowUp+1","ThirdEye"],"picked":"Fasting2","floor":35.0},{"not_picked":["Consecrate","FlurryOfBlows","PathToVictory+1"],"picked":"SKIP","floor":37.0},{"not_picked":["Protect","DeceiveReality"],"picked":"Adaptation+1","floor":39.0},{"not_picked":["ClearTheMind","CutThroughFate"],"picked":"Tantrum","floor":40.0}],"player_experience":537481,"relics_obtained":[{"floor":9.0,"key":"FossilizedHelix"},{"floor":24.0,"key":"Yang"},{"floor":40.0,"key":"Peace Pipe"}],"event_choices":[{"damage_healed":0.0,"max_hp_gain":0.0,"max_hp_loss":0.0,"gold_gain":150.0,"event_name":"Liars Game","player_choice":"AGREE","floor":2.0,"gold_loss":0.0,"damage_taken":0.0,"cards_obtained":["Doubt"]},{"damage_healed":0.0,"max_hp_gain":0.0,"max_hp_loss":6.0,"gold_gain":0.0,"event_name":"Golden Idol","player_choice":"Lose Max HP","floor":3.0,"gold_loss":0.0,"damage_taken":0.0,"relics_obtained":["Golden Idol"]},{"cards_removed":["Doubt"],"damage_healed":0.0,"max_hp_gain":0.0,"max_hp_loss":0.0,"gold_gain":0.0,"event_name":"Living Wall","player_choice":"Forget","floor":4.0,"gold_loss":0.0,"damage_taken":0.0},{"damage_healed":0.0,"max_hp_gain":5.0,"max_hp_loss":0.0,"gold_gain":0.0,"event_name":"Big Fish","player_choice":"Donut","floor":5.0,"gold_loss":0.0,"damage_taken":0.0},{"damage_healed":0.0,"max_hp_gain":0.0,"max_hp_loss":0.0,"gold_gain":0.0,"event_name":"Duplicator","player_choice":"Ignored","floor":19.0,"gold_loss":0.0,"damage_taken":0.0},{"damage_healed":0.0,"max_hp_gain":0.0,"max_hp_loss":0.0,"gold_gain":0.0,"event_name":"Vampires","player_choice":"Ignored","floor":27.0,"gold_loss":0.0,"damage_taken":0.0},{"damage_healed":0.0,"max_hp_gain":0.0,"max_hp_loss":0.0,"gold_gain":0.0,"event_name":"The Mausoleum","player_choice":"Ignored","floor":31.0,"gold_loss":0.0,"damage_taken":0.0},{"damage_healed":0.0,"max_hp_gain":0.0,"max_hp_loss":0.0,"gold_gain":0.0,"event_name":"Mysterious Sphere","player_choice":"Ignored","floor":36.0,"gold_loss":0.0,"damage_taken":0.0}],"is_beta":false,"boss_relics":[{"not_picked":["Sozu","Pandora\u0027s Box"],"picked":"Fusion Hammer"},{"not_picked":["SacredBark","Black Star"],"picked":"HolyWater"}],"items_purged_floors":[11,25,30],"is_endless":false,"potions_floor_spawned":[7,10,14,20,22,24,33,35,37],"killed_by":"Reptomancer","ascension_level":20}}