{"host":"rzjc4nrqz5d54r3r","time":1611574230,"event":{"mods":["BaseMod","Colored Map","Keyboard Shortcuts","Minty Spire (QoL Compilation)","Quick Restart","StSLib","SuperFastMode","everything is the same but u backflip on backflip"],"gold_per_floor":[118,136,153,173,173,208,31,60,109,143,143,0,0,14,14,115,115,135,146,158,83,102,134,134,153,198,210,222,249,293,340,352,467,479,507,191,202,2,2,2,17,48,48,58,71,85,97,112,112,112],"floor_reached":51,"language":"KOR","playtime":1721,"items_purged":["Strike_R","Strike_R"],"score":901,"play_id":"e8876e29-6d07-4c49-bb3e-c5c844c2cc7e","local_time":"20210125203030","is_ascension_mode":true,"campfire_choices":[{"data":"Armaments","floor":13.0,"key":"SMITH"},{"data":"True Grit","floor":15.0,"key":"SMITH"},{"floor":24.0,"key":"REST"},{"data":"Demon Form","floor":32.0,"key":"SMITH"},{"floor":40.0,"key":"REST"},{"floor":49,"key":"REST"}],"circlet_count":0,"master_deck":["Defend_R","Defend_R","Defend_R","Defend_R","Bash","Shrug It Off","Wild Strike","Whirlwind","Pommel Strike","Inflame","Armaments+1","True Grit+1","Reaper","Rampage","Power Through","Demon Form+1","Disarm","Evolve+1","Offering","Burning Pact","Limit Break+1","Double Tap","Disarm+1","Battle Trance+1","Sword Boomerang+1"],"relics":["Runic Dome","Gremlin Horn","Kunai","Strawberry","PreservedInsect","Bag of Preparation","Empty Cage","Molten Egg 2","MawBank","Ornamental Fan","Oddly Smooth Stone","Red Mask","Fusion Hammer","Membership Card","White Beast Statue","Sundial","Vajra","Toxic Egg 2"],"acts_visited":["Exordium","TheCity","TheBeyond"],"potions_floor_usage":[46,46,50,50],"damage_taken":[{"damage":1.0,"enemies":"Cultist","floor":1.0,"turns":3.0},{"damage":4.0,"enemies":"Small Slimes","floor":2.0,"turns":3.0},{"damage":1.0,"enemies":"2 Louse","floor":3.0,"turns":2.0},{"damage":0.0,"enemies":"Exordium Wildlife","floor":4.0,"turns":4.0},{"damage":34.0,"enemies":"Gremlin Nob","floor":6.0,"turns":5.0},{"damage":15.0,"enemies":"Lagavulin","floor":8.0,"turns":6.0},{"damage":10.0,"enemies":"3 Sentries","floor":10.0,"turns":5.0},{"damage":8.0,"enemies":"Blue Slaver","floor":14.0,"turns":3.0},{"damage":45.0,"enemies":"The Guardian","floor":16.0,"turns":8.0},{"damage":24.0,"enemies":"Spheric Guardian","floor":18.0,"turns":5.0},{"damage":0.0,"enemies":"3 Byrds","floor":19.0,"turns":4.0},{"damage":26.0,"enemies":"Snake Plant","floor":20.0,"turns":4.0},{"damage":2.0,"enemies":"Sentry and Sphere","floor":22.0,"turns":5.0},{"damage":15.0,"enemies":"Book of Stabbing","floor":23.0,"turns":7.0},{"damage":2.0,"enemies":"Snecko","floor":25.0,"turns":5.0},{"damage":27.0,"enemies":"Cultist and Chosen","floor":29.0,"turns":8.0},{"damage":6.0,"enemies":"Gremlin Leader","floor":30.0,"turns":6.0},{"damage":0.0,"enemies":"Masked Bandits","floor":31.0,"turns":1.0},{"damage":34.0,"enemies":"Automaton","floor":33.0,"turns":10.0},{"damage":18.0,"enemies":"3 Darklings","floor":35.0,"turns":5.0},{"damage":8.0,"enemies":"3 Shapes","floor":37.0,"turns":4.0},{"damage":46.0,"enemies":"Spire Growth","floor":41.0,"turns":5.0},{"damage":12.0,"enemies":"Giant Head","floor":42.0,"turns":6.0},{"damage":17.0,"enemies":"3 Darklings","floor":44.0,"turns":7.0},{"damage":76.0,"enemies":"Transient","floor":45.0,"turns":5.0},{"damage":40,"enemies":"Maw","floor":46,"turns":8},{"damage":41,"enemies":"4 Shapes","floor":47,"turns":6},{"damage":15,"enemies":"Writhing Mass","floor":48,"turns":7},{"damage":24,"enemies":"Time Eater","floor":50,"turns":6}],"seed_played":"2424467055258996051","potions_obtained":[{"floor":3.0,"key":"LiquidBronze"},{"floor":8.0,"key":"Regen Potion"},{"floor":10.0,"key":"HeartOfIron"},{"floor":14.0,"key":"PowerPotion"},{"floor":20.0,"key":"SteroidPotion"},{"floor":22.0,"key":"AttackPotion"},{"floor":37.0,"key":"Regen Potion"},{"floor":46,"key":"PowerPotion"},{"floor":47,"key":"PowerPotion"}],"is_trial":false,"path_per_floor":["M","M","M","M","?","E","$","E","T","E","?","$","R","M","R","B",null,"M","M","M","$","M","E","R","M","T","?","T","M","E","?","R","B",null,"M","$","M","$","?","R","M","E","T","M","M","M","M","M","R","B",null],"character_chosen":"IRONCLAD","items_purchased":["Inflame","Armaments","True Grit","Bag of Preparation","Membership Card","White Beast Statue","Limit Break","Sundial"],"campfire_rested":3,"item_purchase_floors":[7,7,7,12,36,36,38,38],"current_hp_per_floor":[79,75,74,74,67,33,33,18,25,50,55,55,55,47,47,18,92,68,68,42,42,40,39,66,82,82,64,64,57,84,84,84,93,97,97,97,97,97,97,97,97,87,87,97,49,70,97,97,97,73],"gold":112,"neow_bonus":"BOSS_RELIC","is_daily":false,"chose_seed":false,"campfire_upgraded":3,"win_rate":0.0,"timestamp":1611574230,"path_taken":["M","M","?","?","?","E","$","E","T","E","?","?","R","M","R","BOSS","M","M","M","$","M","E","R","M","T","?","?","M","E","?","R","BOSS","M","$","M","$","?","R","?","E","T","M","M","M","M","M","R","BOSS"],"items_purchased_type":["Card","Card","Card","Relic","Relic","Relic","Card","Relic"],"build_version":"2020-12-22","purchased_purges":2,"victory":true,"max_hp_per_floor":[80,80,80,80,80,80,80,80,87,87,92,92,92,92,92,92,92,92,92,92,92,92,92,92,92,92,97,97,97,97,97,97,97,97,97,97,97,97,97,97,97,97,97,97,97,97,97,97,97,97],"card_choices":[{"not_picked":["Pommel Strike","Cleave"],"picked":"Shrug It Off","floor":1.0},{"not_picked":["Searing Blow","Shrug It Off"],"picked":"Wild Strike","floor":2.0},{"not_picked":["Dual Wield","Dark Embrace","Perfected Strike"],"picked":"SKIP","floor":3.0},{"not_picked":["Heavy Blade","Cleave"],"picked":"Whirlwind","floor":4.0},{"not_picked":["Whirlwind","Cleave"],"picked":"Pommel Strike","floor":6.0},{"not_picked":["Shockwave","Whirlwind"],"picked":"Reaper","floor":8.0},{"not_picked":["Iron Wave","Barricade"],"picked":"Rampage","floor":10.0},{"not_picked":["Thunderclap","Spot Weakness"],"picked":"Power Through","floor":14.0},{"not_picked":["Barricade","Double Tap"],"picked":"Demon Form","floor":16.0},{"not_picked":["Clothesline","Perfected Strike+1","Pommel Strike"],"picked":"SKIP","floor":18.0},{"not_picked":["Hemokinesis","Rage","Shrug It Off+1"],"picked":"SKIP","floor":19.0},{"not_picked":["Dark Embrace","Pummel+1"],"picked":"Disarm","floor":20.0},{"not_picked":["Headbutt","Clash"],"picked":"Evolve+1","floor":22.0},{"not_picked":["Berserk","Twin Strike+1","Ghostly Armor+1"],"picked":"SKIP","floor":23.0},{"not_picked":["Warcry+1","Bloodletting","Twin Strike+1"],"picked":"SKIP","floor":25.0},{"not_picked":["Clash+1","Inflame+1","Headbutt+1"],"picked":"SKIP","floor":29.0},{"not_picked":["Twin Strike+1","Spot Weakness"],"picked":"Offering","floor":30.0},{"not_picked":["Wild Strike+1","Clothesline+1","Clash+1"],"picked":"SKIP","floor":35.0},{"not_picked":["Warcry","Wild Strike+1"],"picked":"Burning Pact","floor":37.0},{"not_picked":["Thunderclap+1","Wild Strike+1"],"picked":"Double Tap","floor":41.0},{"not_picked":["Iron Wave+1","Fire Breathing","Thunderclap+1"],"picked":"SKIP","floor":42.0},{"not_picked":["Flex+1","Entrench+1","Brutality"],"picked":"SKIP","floor":44.0},{"not_picked":["Wild Strike+1","Flex+1","Heavy Blade+1"],"picked":"SKIP","floor":45.0},{"not_picked":["Shrug It Off+1","Shockwave+1"],"picked":"Disarm+1","floor":46},{"not_picked":["Dropkick+1","Body Slam+1"],"picked":"Battle Trance+1","floor":47},{"not_picked":["Perfected Strike+1","Twin Strike+1"],"picked":"Sword Boomerang+1","floor":48}],"player_experience":7363,"relics_obtained":[{"floor":6.0,"key":"Gremlin Horn"},{"floor":8.0,"key":"Kunai"},{"floor":9.0,"key":"Strawberry"},{"floor":10.0,"key":"PreservedInsect"},{"floor":23.0,"key":"Molten Egg 2"},{"floor":26.0,"key":"MawBank"},{"floor":28.0,"key":"Ornamental Fan"},{"floor":30.0,"key":"Oddly Smooth Stone"},{"floor":31.0,"key":"Red Mask"},{"floor":42.0,"key":"Vajra"},{"floor":43.0,"key":"Toxic Egg 2"}],"event_choices":[{"cards_removed":["Strike_R"],"damage_healed":0.0,"max_hp_gain":0.0,"max_hp_loss":0.0,"gold_gain":0.0,"event_name":"Golden Wing","player_choice":"Card Removal","floor":5.0,"gold_loss":0.0,"damage_taken":7.0},{"damage_healed":0.0,"max_hp_gain":5.0,"max_hp_loss":0.0,"gold_gain":0.0,"event_name":"Big Fish","player_choice":"Donut","floor":11.0,"gold_loss":0.0,"damage_taken":0.0},{"damage_healed":0.0,"max_hp_gain":5.0,"max_hp_loss":0.0,"gold_gain":0.0,"event_name":"Forgotten Altar","player_choice":"Shed Blood","floor":27.0,"gold_loss":0.0,"damage_taken":23.0},{"damage_healed":0.0,"max_hp_gain":0.0,"max_hp_loss":0.0,"gold_gain":0.0,"event_name":"Masked Bandits","player_choice":"Fought Bandits","floor":31.0,"gold_loss":0.0,"damage_taken":0.0},{"damage_healed":0.0,"max_hp_gain":0.0,"max_hp_loss":0.0,"gold_gain":0.0,"event_name":"Upgrade Shrine","player_choice":"Upgraded","floor":39.0,"gold_loss":0.0,"damage_taken":0.0,"cards_upgraded":["Limit Break"]}],"is_beta":false,"boss_relics":[{"not_picked":["Snecko Eye","Cursed Key"],"picked":"Empty Cage"},{"not_picked":["Sozu","Tiny House"],"picked":"Fusion Hammer"}],"items_purged_floors":[21,36],"is_endless":false,"potions_floor_spawned":[3,8,10,14,20,22,23,37,41,42,44,45,46,47,48],"ascension_level":3}}