{"host":"v3mpq6flurzldi5g","time":1611612808,"event":{"mods":["AchievementEnabler","BaseMod","Colored Powertips","Highlight Path","Minty Spire (QoL Compilation)","StSLib"],"gold_per_floor":[109,128,142,142,56,56,89,89,162,189,207,207,207,226,226,298,298,316,231,231,246,5,5,5],"floor_reached":23,"language":"ENG","playtime":1107,"items_purged":[],"score":363,"play_id":"85a3f83a-7cdd-44c9-b51f-4d2fa787dfef","local_time":"20210125171328","is_ascension_mode":true,"campfire_choices":[{"data":"Defend_R","floor":6,"key":"SMITH"},{"data":"Defend_R","floor":8,"key":"SMITH"},{"data":"Defend_R","floor":12,"key":"SMITH"},{"floor":15,"key":"REST"}],"circlet_count":0,"master_deck":["AscendersBane","Strike_R","Strike_R","Strike_R","Strike_R","Strike_R","Defend_R","Defend_R+1","Defend_R+1","Defend_R+1","Bash+1","Shrug It Off","Twin Strike","Madness","Bludgeon","Cleave","Reckless Charge","Shockwave","Inflame+1"],"relics":["Black Blood","Centennial Puzzle","Pear","Bag of Preparation","Strawberry","Kunai"],"acts_visited":["Exordium","TheCity"],"potions_floor_usage":[7,10,18,21],"damage_taken":[{"damage":13,"enemies":"Jaw Worm","floor":1,"turns":4},{"damage":1,"enemies":"Cultist","floor":2,"turns":4},{"damage":4,"enemies":"Small Slimes","floor":3,"turns":4},{"damage":16,"enemies":"Gremlin Nob","floor":7,"turns":4},{"damage":24,"enemies":"3 Sentries","floor":10,"turns":7},{"damage":5,"enemies":"Blue Slaver","floor":11,"turns":4},{"damage":12,"enemies":"Exordium Wildlife","floor":14,"turns":3},{"damage":73,"enemies":"Slime Boss","floor":16,"turns":13},{"damage":31,"enemies":"3 Byrds","floor":18,"turns":6},{"damage":14,"enemies":"Shell Parasite","floor":21,"turns":4},{"damage":45,"enemies":"Gremlin Leader","floor":23,"turns":5}],"seed_played":"10762026027656391","potions_obtained":[{"floor":3,"key":"Block Potion"},{"floor":7,"key":"DuplicationPotion"},{"floor":10,"key":"EssenceOfSteel"},{"floor":14,"key":"Weak Potion"}],"is_trial":false,"path_per_floor":["M","M","M","?","$","R","E","R","T","E","M","R","?","M","R","B",null,"M","?","?","M","$","E"],"character_chosen":"IRONCLAD","items_purchased":["Madness","Kunai"],"campfire_rested":1,"item_purchase_floors":[5,22],"current_hp_per_floor":[61,66,68,73,73,73,63,63,73,55,56,56,56,50,77,10,70,51,58,39,37,37,0,0],"gold":5,"neow_bonus":"UPGRADE_CARD","is_daily":false,"chose_seed":false,"campfire_upgraded":3,"win_rate":0.0,"timestamp":1611612808,"path_taken":["M","M","M","?","$","R","E","R","T","E","M","R","?","?","R","BOSS","M","?","?","M","?","E"],"items_purchased_type":["Card","Relic"],"build_version":"2020-12-22","purchased_purges":0,"victory":false,"max_hp_per_floor":[75,75,75,80,80,80,80,80,90,90,90,90,90,90,90,90,90,90,97,102,102,102,102,102],"card_choices":[{"not_picked":["Warcry","Anger"],"picked":"Shrug It Off","floor":1},{"not_picked":["Wild Strike","Headbutt"],"picked":"Whirlwind","floor":2},{"not_picked":["Sentinel","Wild Strike"],"picked":"Twin Strike","floor":3},{"not_picked":["Iron Wave","Sword Boomerang","Dropkick"],"picked":"SKIP","floor":7},{"not_picked":["Combust","Clash"],"picked":"Bludgeon","floor":10},{"not_picked":["Havoc","Wild Strike"],"picked":"Cleave","floor":11},{"not_picked":["Rupture","Dropkick","Blood for Blood"],"picked":"SKIP","floor":14},{"not_picked":["Burning Pact","Intimidate"],"picked":"Shockwave","floor":18},{"not_picked":["Wild Strike","Headbutt+1"],"picked":"Inflame+1","floor":21}],"player_experience":1062244,"relics_obtained":[{"floor":7,"key":"Centennial Puzzle"},{"floor":9,"key":"Pear"},{"floor":10,"key":"Bag of Preparation"}],"event_choices":[{"damage_healed":0,"gold_gain":0,"player_choice":"Donut","damage_taken":0,"max_hp_gain":5,"max_hp_loss":0,"event_name":"Big Fish","floor":4,"gold_loss":0},{"damage_healed":0,"gold_gain":0,"cards_transformed":["Whirlwind"],"player_choice":"Transformed","damage_taken":0,"max_hp_gain":0,"max_hp_loss":0,"event_name":"Transmorgrifier","floor":13,"gold_loss":0,"cards_obtained":["Reckless Charge"]},{"damage_healed":0,"gold_gain":0,"player_choice":"Obtained Relic","damage_taken":0,"relics_obtained":["Strawberry"],"max_hp_gain":0,"max_hp_loss":0,"event_name":"Addict","floor":19,"gold_loss":85},{"damage_healed":0,"gold_gain":0,"player_choice":"Shed Blood","damage_taken":24,"max_hp_gain":5,"max_hp_loss":0,"event_name":"Forgotten Altar","floor":20,"gold_loss":0}],"is_beta":false,"boss_relics":[{"not_picked":["Empty Cage","Runic Dome"],"picked":"Black Blood"}],"items_purged_floors":[],"is_endless":false,"potions_floor_spawned":[3,7,10,14],"killed_by":"Gremlin Leader","ascension_level":14}}