{"host":"n0aqkby80ppfgdru","time":1611533398,"event":{"mods":["BaseMod","Block Reminder","Minty Spire (QoL Compilation)","Permanent Neow","Quick Restart"],"gold_per_floor":[116,136,211,225,243,243,271,271,298,310,336,360,389,326,326,326,326],"floor_reached":16,"language":"ENG","playtime":696,"items_purged":["Strike_G"],"score":94,"play_id":"ae8f170c-a357-43a1-9847-8b4ffc952189","local_time":"20210124190958","is_ascension_mode":false,"campfire_choices":[{"data":"Neutralize","floor":6.0,"key":"SMITH"},{"floor":8.0,"key":"REST"},{"data":"Masterful Stab","floor":10.0,"key":"SMITH"},{"data":"Concentrate","floor":15.0,"key":"SMITH"}],"circlet_count":0,"master_deck":["Strike_G","Strike_G","Strike_G","Strike_G","Defend_G","Defend_G","Defend_G","Defend_G","Defend_G","Survivor","Neutralize+1","Masterful Stab+1","Concentrate+1"],"relics":["Ring of the Snake","Unceasing Top","Odd Mushroom","MawBank"],"acts_visited":["Exordium"],"potions_floor_usage":[16,16],"damage_taken":[{"damage":0.0,"enemies":"Jaw Worm","floor":1.0,"turns":5.0},{"damage":0.0,"enemies":"2 Louse","floor":2.0,"turns":4.0},{"damage":0.0,"enemies":"Small Slimes","floor":4.0,"turns":6.0},{"damage":2.0,"enemies":"Blue Slaver","floor":5.0,"turns":6.0},{"damage":8.0,"enemies":"The Mushroom Lair","floor":7.0,"turns":5.0},{"damage":6.0,"enemies":"Exordium Thugs","floor":11.0,"turns":7.0},{"damage":0.0,"enemies":"Red Slaver","floor":12.0,"turns":4.0},{"damage":0.0,"enemies":"2 Fungi Beasts","floor":13.0,"turns":2.0},{"damage":46,"enemies":"Hexaghost","floor":16,"turns":16}],"seed_played":"-2965417200539393166","potions_obtained":[{"floor":2.0,"key":"CunningPotion"},{"floor":5.0,"key":"LiquidMemories"},{"floor":13.0,"key":"Strength Potion"}],"is_trial":false,"path_per_floor":["M","M","?","M","M","R","?","R","T","R","M","M","M","$","R","B"],"character_chosen":"THE_SILENT","items_purchased":[],"campfire_rested":1,"item_purchase_floors":[],"current_hp_per_floor":[49,49,38,38,36,36,28,49,49,49,43,43,43,43,43,0,0],"gold":326,"neow_bonus":"ONE_RARE_RELIC","is_daily":false,"chose_seed":false,"campfire_upgraded":3,"win_rate":0.0,"timestamp":1611533398,"path_taken":["M","M","?","M","M","R","?","R","T","R","M","M","M","$","R","BOSS"],"items_purchased_type":[],"build_version":"2020-12-22","purchased_purges":1,"victory":false,"max_hp_per_floor":[70,70,70,70,70,70,70,70,70,70,70,70,70,70,70,70,70],"card_choices":[{"not_picked":["Quick Slash","Poisoned Stab","Noxious Fumes"],"picked":"SKIP","floor":1.0},{"not_picked":["Blade Dance","Poisoned Stab","Cloak And Dagger"],"picked":"SKIP","floor":2.0},{"not_picked":["Poisoned Stab","Acrobatics","Backflip"],"picked":"SKIP","floor":4.0},{"not_picked":["Bane","Quick Slash","Flechettes"],"picked":"SKIP","floor":5.0},{"not_picked":["Leg Sweep","Bouncing Flask"],"picked":"Masterful Stab","floor":7.0},{"not_picked":["Underhanded Strike","Setup"],"picked":"Concentrate","floor":11.0},{"not_picked":["Deadly Poison","Cloak And Dagger","Choke"],"picked":"SKIP","floor":12.0},{"not_picked":["PiercingWail","Accuracy","Poisoned Stab"],"picked":"SKIP","floor":13.0}],"player_experience":1267056,"relics_obtained":[{"floor":7.0,"key":"Odd Mushroom"},{"floor":9.0,"key":"MawBank"}],"event_choices":[{"damage_healed":0.0,"max_hp_gain":0.0,"max_hp_loss":0.0,"gold_gain":75.0,"event_name":"World of Goop","player_choice":"Gather Gold","floor":3.0,"gold_loss":0.0,"damage_taken":11.0},{"damage_healed":0.0,"max_hp_gain":0.0,"max_hp_loss":0.0,"gold_gain":0.0,"event_name":"Mushrooms","player_choice":"Fought Mushrooms","floor":7.0,"gold_loss":0.0,"damage_taken":0.0}],"is_beta":false,"boss_relics":[],"items_purged_floors":[14],"is_endless":false,"potions_floor_spawned":[2,5,13],"killed_by":"Hexaghost","ascension_level":0}}