{"host":"jk128xwopof5cegv","time":1611617414,"event":{"mods":["AchievementEnabler","BaseMod","BetterRewards","Downfall","Gold Saver","Hermit","Minty Spire (QoL Compilation)","Quick Restart","StSLib","The Blackbeard","The Disciple","Wandering Minibosses"],"gold_per_floor":[399,412,431,450,450,350,376,53,80,94,94,106,6,21,31,129,129,129,129,144,144,144,144,144,144,144,169,54,77,77,111,128,231,231,131,147,147,132,144,262,337,337,337,355,355,11,30,64,81,81,81,107,25,25,25,25,25],"floor_reached":55,"language":"ENG","playtime":4726,"items_purged":["hexamod:Strike","Pride","hexamod:Defend"],"score":775,"play_id":"bc2af8a0-7bbd-4953-a902-75145e735f50","local_time":"20210126003014","is_ascension_mode":false,"campfire_choices":[{"floor":1,"key":"RECALL"},{"data":"hexamod:Sear","floor":6,"key":"SMITH"},{"floor":11,"key":"REST"},{"data":"hexamod:ShieldOfDarkness","floor":13,"key":"SMITH"},{"data":"hexamod:SearingWound","floor":18,"key":"SMITH"},{"data":"hexamod:GhostShield","floor":23,"key":"SMITH"},{"floor":26,"key":"REST"},{"floor":30,"key":"REST"},{"data":"hexamod:VolcanoVisage","floor":35,"key":"SMITH"},{"data":"hexamod:BurningTouch","floor":43,"key":"SMITH"},{"data":"hexamod:HeatMetal","floor":45,"key":"SMITH"},{"floor":54,"key":"REST"}],"circlet_count":0,"master_deck":["hexamod:Strike","hexamod:Defend","hexamod:Defend+1","hexamod:Sear+1","hexamod:Float","hexamod:StepThrough+1","hexamod:HeatMetal+1","hexamod:DynamicBlow+1","hexamod:FlamesFromBeyond+1","hexamod:SpectersWail","hexamod:ShieldOfDarkness+1","hexamod:NightmareGuise+1","hexamod:EmpoweredFlame","hexamod:SearingWound+1","hexamod:GhostShield+1","hexamod:NightmareStrike+1","hexamod:VolcanoVisage+1","hexamod:Firestarter+1","hexamod:BurningTouch+1","hexamod:PowerFromBeyond+1"],"relics":["hexamod:SpiritBrand","Old Coin","downfall:HeartBlessingRed","Happy Flower","Odd Mushroom","downfall:HeartBlessingBlue","Empty Cage","hexamod:MatchstickCase","Bag of Preparation","HornCleat","TungstenRod","hexamod:TheBrokenSeal","Strawberry","Busted Crown","downfall:HeartBlessingGreen","The Courier","Bag of Marbles","Blood Vial","ClockworkSouvenir","War Paint","Anchor"],"acts_visited":["Exordium","TheCity","TheBeyond","TheEnding"],"potions_floor_usage":[8,9,9,14,16,16,20,29,29,31,40,40,47,50,50,55,55],"damage_taken":[{"damage":0,"enemies":"Jaw Worm","floor":2,"turns":4},{"damage":0,"enemies":"Cultist","floor":3,"turns":3},{"damage":0,"enemies":"Small Slimes","floor":4,"turns":3},{"damage":5,"enemies":"downfall:FleeingMerchant","floor":8,"turns":4},{"damage":2,"enemies":"The Mushroom Lair","floor":9,"turns":3},{"damage":2,"enemies":"Blue Slaver","floor":10,"turns":3},{"damage":8,"enemies":"Exordium Wildlife","floor":12,"turns":4},{"damage":6,"enemies":"2 Fungi Beasts","floor":14,"turns":4},{"damage":0,"enemies":"Red Slaver","floor":15,"turns":3},{"damage":13,"enemies":"WA_ARCHETYPE_RETAIN","floor":16,"turns":6},{"damage":0,"enemies":"Chosen","floor":20,"turns":4},{"damage":51,"enemies":"Slavers","floor":27,"turns":7},{"damage":0,"enemies":"downfall:FleeingMerchant","floor":28,"turns":4},{"damage":4,"enemies":"Spheric Guardian","floor":29,"turns":5},{"damage":46,"enemies":"Book of Stabbing","floor":31,"turns":6},{"damage":0,"enemies":"Centurion and Healer","floor":32,"turns":4},{"damage":47,"enemies":"IC_MUSHROOM_ARCHETYPE","floor":33,"turns":10},{"damage":0,"enemies":"Orb Walker","floor":36,"turns":3},{"damage":0,"enemies":"downfall:FleeingMerchant","floor":38,"turns":4},{"damage":4,"enemies":"3 Shapes","floor":39,"turns":4},{"damage":0,"enemies":"downfall:FleeingMerchant","floor":40,"turns":3},{"damage":0,"enemies":"Transient","floor":44,"turns":5},{"damage":0,"enemies":"Maw","floor":47,"turns":5},{"damage":15,"enemies":"Reptomancer","floor":48,"turns":4},{"damage":1,"enemies":"3 Darklings","floor":49,"turns":4},{"damage":5,"enemies":"DF_ARCHETYPE_ORBS","floor":50,"turns":10},{"damage":122,"enemies":"downfall:CharBossMerchant","floor":52,"turns":9},{"damage":69,"enemies":"downfall:NeowBoss","floor":55,"turns":11}],"seed_played":"864118795845291869","potions_obtained":[{"floor":2,"key":"Strength Potion"},{"floor":3,"key":"hexamod:DoubleChargePotion"},{"floor":4,"key":"Explosive Potion"},{"floor":12,"key":"Fruit Juice"},{"floor":12,"key":"champ:CounterPotion"},{"floor":14,"key":"bronze:BurnAndBuffPotion"},{"floor":14,"key":"EssenceOfSteel"},{"floor":15,"key":"FairyPotion"},{"floor":16,"key":"SkillPotion"},{"floor":27,"key":"EntropicBrew"},{"floor":29,"key":"SmokeBomb"},{"floor":31,"key":"GamblersBrew"},{"floor":33,"key":"Ancient Potion"},{"floor":39,"key":"DuplicationPotion"},{"floor":44,"key":"AttackPotion"},{"floor":48,"key":"hexamod:EctoCoolerPotion"}],"is_trial":false,"path_per_floor":["R","M","M","M","?","R","T","$","?","M","R","M","R","M","M","B",null,"R","?","M","?","?","R","T","?","R","E","$","M","R","E","M","B",null,"R","M","?","$","M","?","T","?","R","M","R","$","M","E","M","B",null,"E","$","R","B"],"character_chosen":"THE_SPIRIT","items_purchased":["hexamod:ThirdSeal","Happy Flower","hexamod:FlamesFromBeyond","Fruit Juice","Bag of Marbles","Blood Vial","ClockworkSouvenir","AttackPotion","SpeedPotion"],"campfire_rested":4,"item_purchase_floors":[8,8,8,40,46,46,46,53,53],"current_hp_per_floor":[49,49,49,49,49,49,49,44,42,40,61,53,63,62,62,49,85,85,85,85,69,69,69,69,60,87,43,50,53,80,90,90,43,107,107,107,107,107,103,108,108,108,108,108,108,108,110,97,98,95,112,33,33,66,0,0,0],"gold":25,"neow_bonus":"ONE_RARE_RELIC","is_daily":false,"chose_seed":false,"campfire_upgraded":7,"win_rate":0.0,"timestamp":1611617414,"path_taken":["R","M","M","M","?","R","T","$","?","M","R","?","R","M","M","BOSS","R","?","M","?","?","R","T","?","R","E","$","?","R","E","M","BOSS","R","M","?","$","M","?","T","?","R","M","R","$","M","E","M","BOSS","E","$","R","BOSS"],"items_purchased_type":["Card","Relic","Card","Potion","Relic","Relic","Relic","Potion","Potion"],"build_version":"2020-12-22","purchased_purges":3,"victory":false,"max_hp_per_floor":[70,70,70,70,70,70,70,70,70,70,70,70,80,85,85,85,85,85,85,85,90,90,90,90,90,90,90,90,90,90,107,107,107,107,107,107,107,107,107,112,112,112,112,112,112,112,112,112,112,112,112,112,112,112,112,112,112],"card_choices":[{"not_picked":["hexamod:Rewind","hexamod:Incineration"],"picked":"hexamod:StepThrough","floor":2},{"not_picked":["hexamod:RecurringNightmare","hexamod:GhostLash"],"picked":"hexamod:HeatMetal","floor":3},{"not_picked":["hexamod:RainOfEmbers","hexamod:ExtraCrispy"],"picked":"hexamod:DynamicBlow","floor":4},{"not_picked":["hexamod:GhostOfSpirePast","hexamod:PowerFromBeyond","hexamod:HeatMetal"],"picked":"SKIP","floor":8},{"not_picked":["hexamod:RetreatToShadows","hexamod:GhostOfSpireFuture"],"picked":"hexamod:SpectersWail","floor":9},{"not_picked":["hexamod:WildfireWeapon","hexamod:AdvancingGuard"],"picked":"hexamod:FourthSeal","floor":10},{"not_picked":["hexamod:Hexaguard","hexamod:BurningTouch","hexamod:InspiringFlames"],"picked":"SKIP","floor":10},{"not_picked":["hexamod:EmpoweredFlame","hexamod:RetreatToShadows"],"picked":"hexamod:ShieldOfDarkness","floor":12},{"not_picked":["hexamod:Rewind","hexamod:RainOfEmbers","hexamod:AdvancingGuard"],"picked":"SKIP","floor":12},{"not_picked":["hexamod:BurningTouch","hexamod:SpectersWail"],"picked":"hexamod:NightmareGuise","floor":14},{"not_picked":["hexamod:FlamesFromBeyond","hexamod:CatchUp","hexamod:StepThrough"],"picked":"SKIP","floor":14},{"not_picked":["hexamod:Incineration","hexamod:ThermalTransfer"],"picked":"hexamod:EmpoweredFlame","floor":15},{"not_picked":["hexamod:RainOfEmbers","hexamod:BurningTouch","hexamod:Haunt"],"picked":"SKIP","floor":15},{"not_picked":["hexamod:TurnItUp","hexamod:GhostflameInferno"],"picked":"hexamod:SearingWound","floor":16},{"not_picked":["hexamod:GhostOfSpirePresent","hexamod:UnlimitedPower"],"picked":"hexamod:FifthSeal","floor":16},{"not_picked":["hexamod:FourthSeal","hexamod:FirstSeal"],"picked":"hexamod:SixthSeal","floor":20},{"not_picked":["hexamod:RainOfEmbers","hexamod:DynamicBlow"],"picked":"hexamod:GhostShield","floor":20},{"not_picked":["hexamod:GhostLash","hexamod:HeatMetal","hexamod:GhostflameBarrier"],"picked":"SKIP","floor":20},{"not_picked":["hexamod:SixthSeal","hexamod:FirstSeal","hexamod:FourthSeal"],"picked":"SKIP","floor":27},{"not_picked":["hexamod:SpectersWail","hexamod:SwordOfDarkness","hexamod:Again"],"picked":"SKIP","floor":27},{"not_picked":["hexamod:SixthSeal","hexamod:FirstSeal"],"picked":"hexamod:SecondSeal","floor":28},{"not_picked":["hexamod:StepThrough","hexamod:SecondSeal"],"picked":"hexamod:NightmareStrike","floor":28},{"not_picked":["hexamod:Again","hexamod:GhostflameBarrier","hexamod:SpectralAdrenaline+1"],"picked":"SKIP","floor":29},{"not_picked":["hexamod:GhostLash+1","hexamod:SwordOfDarkness+1","hexamod:WildfireWeapon"],"picked":"SKIP","floor":31},{"not_picked":["hexamod:FastForward","hexamod:Firestarter","hexamod:GhostOfSpirePast"],"picked":"SKIP","floor":32},{"not_picked":["hexamod:UnleashSpirits","hexamod:UnlimitedPower"],"picked":"hexamod:VolcanoVisage","floor":33},{"not_picked":["hexamod:ShieldOfDarkness"],"picked":"SKIP","floor":36},{"not_picked":["hexamod:RecurringNightmare"],"picked":"SKIP","floor":38},{"not_picked":["hexamod:HeatCrush"],"picked":"SKIP","floor":39},{"not_picked":[],"picked":"hexamod:Firestarter+1","floor":40},{"not_picked":["hexamod:CatchUp"],"picked":"SKIP","floor":44},{"not_picked":["hexamod:FlamesFromBeyond+1"],"picked":"SKIP","floor":47},{"not_picked":["hexamod:FlamesFromBeyond+1"],"picked":"SKIP","floor":48},{"not_picked":[],"picked":"hexamod:PowerFromBeyond+1","floor":49},{"not_picked":["hexamod:FastForward+1"],"picked":"SKIP","floor":52}],"player_experience":351457,"relics_obtained":[{"floor":9,"key":"Odd Mushroom"},{"floor":24,"key":"Bag of Preparation"},{"floor":27,"key":"TungstenRod"},{"floor":31,"key":"Strawberry"},{"floor":41,"key":"The Courier"},{"floor":48,"key":"War Paint"},{"floor":52,"key":"Anchor"}],"event_choices":[{"damage_healed":0,"gold_gain":0,"player_choice":"Forge","damage_taken":0,"max_hp_gain":0,"max_hp_loss":0,"event_name":"Accursed Blacksmith","floor":5,"gold_loss":0,"cards_upgraded":["hexamod:DynamicBlow"]},{"damage_healed":0,"gold_gain":0,"player_choice":"Fought Mushrooms","damage_taken":0,"max_hp_gain":0,"max_hp_loss":0,"event_name":"Mushrooms","floor":9,"gold_loss":0},{"damage_healed":0,"gold_gain":0,"player_choice":"Read","damage_taken":0,"max_hp_gain":0,"max_hp_loss":0,"event_name":"The Library","floor":19,"gold_loss":0,"cards_obtained":["hexamod:FirstSeal"]},{"damage_healed":0,"gold_gain":0,"player_choice":"Stole Relic","damage_taken":0,"relics_obtained":["hexamod:MatchstickCase"],"max_hp_gain":0,"max_hp_loss":0,"event_name":"Addict","floor":22,"gold_loss":0,"cards_obtained":["Pride"]},{"damage_healed":0,"gold_gain":0,"player_choice":"HornCleat","damage_taken":0,"relics_obtained":["HornCleat"],"max_hp_gain":0,"max_hp_loss":0,"event_name":"blackbeard:ShipwreckEvent","floor":25,"gold_loss":0}],"is_beta":false,"boss_relics":[{"not_picked":["Tiny House","SlaversCollar"],"picked":"Empty Cage"},{"not_picked":["Pandora\u0027s Box","Runic Pyramid"],"picked":"Busted Crown"}],"items_purged_floors":[8,28,40],"is_endless":false,"potions_floor_spawned":[2,3,4,12,14,29,31,33,39,44,48],"killed_by":"downfall:NeowBoss","ascension_level":0}}