{"host":"ewslc4o3o167ipk9","time":1611548311,"event":{"mods":["BaseMod","Colored Powertips","GifTheSpireLib","HexUI Lib","Minty Spire (QoL Compilation)","Quick Restart","Shop Mod","StSLib","The Bug Knight","The Trickster"],"gold_per_floor":[116,116,130,144,1,1,35,51,51,51,62,62,78,43,43,145,145,155,155,70,70,101,131,131,79,79,91,91,104,4,22,22,124,124,140,153,153,153,164,183,218,228,253,263,263,280,330,345,345,345],"floor_reached":51,"language":"ENG","playtime":5165,"items_purged":["Defend_B","Zap"],"score":726,"play_id":"d3c6152f-820e-44fb-a996-e6b471dd9981","local_time":"20210124231831","is_ascension_mode":false,"campfire_choices":[{"data":"Gash","floor":6,"key":"SMITH"},{"floor":15,"key":"REST"},{"data":"Hologram","floor":28,"key":"SMITH"},{"data":"Seek","floor":32,"key":"SMITH"},{"floor":45,"key":"REST"},{"floor":49,"key":"REST"}],"circlet_count":0,"master_deck":["Defend_B","Defend_B","Dualcast","Gash+1","Hologram","Seek+1","Hologram+1","Rebound","Hologram","Multi-Cast+1","Chill+1","Seek+1","Go for the Eyes+1","Bite","Bite","Bite","Bite","Bite","Streamline+1","Gash","Coolheaded+1","Hologram+1","Machine Learning","Coolheaded+1","The Bomb+1","Streamline","Static Discharge","Streamline+1","Gash+1","Hologram+1","Undo+1"],"relics":["FrozenCore","White Beast Statue","Toxic Egg 2","Meat on the Bone","Red Mask","Ice Cream","Incense Burner","Fusion Hammer","Strawberry","Bag of Preparation","Torii"],"acts_visited":["Exordium","TheCity","TheBeyond"],"potions_floor_usage":[16,16,16,33,33,33,36,40,46,46,50,50,50],"damage_taken":[{"damage":2,"enemies":"Small Slimes","floor":1,"turns":3},{"damage":1,"enemies":"Cultist","floor":3,"turns":3},{"damage":11,"enemies":"Jaw Worm","floor":4,"turns":3},{"damage":23,"enemies":"Lagavulin","floor":7,"turns":5},{"damage":7,"enemies":"Looter","floor":8,"turns":2},{"damage":16,"enemies":"Exordium Wildlife","floor":11,"turns":3},{"damage":4,"enemies":"Blue Slaver","floor":13,"turns":3},{"damage":37,"enemies":"Slime Boss","floor":16,"turns":8},{"damage":17,"enemies":"Spheric Guardian","floor":18,"turns":6},{"damage":20,"enemies":"Masked Bandits","floor":22,"turns":7},{"damage":19,"enemies":"HollowMod:Nosk","floor":23,"turns":9},{"damage":9,"enemies":"Shell Parasite","floor":27,"turns":5},{"damage":13,"enemies":"Shelled Parasite and Fungi","floor":29,"turns":5},{"damage":23,"enemies":"Sentry and Sphere","floor":31,"turns":7},{"damage":54,"enemies":"Champ","floor":33,"turns":10},{"damage":8,"enemies":"3 Darklings","floor":35,"turns":5},{"damage":7,"enemies":"Orb Walker","floor":36,"turns":4},{"damage":31,"enemies":"Transient","floor":39,"turns":5},{"damage":9,"enemies":"Sphere and 2 Shapes","floor":40,"turns":6},{"damage":19,"enemies":"Nemesis","floor":41,"turns":7},{"damage":11,"enemies":"4 Shapes","floor":42,"turns":5},{"damage":32,"enemies":"Maw","floor":44,"turns":8},{"damage":32,"enemies":"Spire Growth","floor":46,"turns":4},{"damage":8,"enemies":"Mind Bloom Boss Battle","floor":47,"turns":6},{"damage":46,"enemies":"Sphere and 2 Shapes","floor":48,"turns":5},{"damage":42,"enemies":"Donu and Deca","floor":50,"turns":10}],"seed_played":"7851890153666965047","potions_obtained":[{"floor":7,"key":"Ancient Potion"},{"floor":8,"key":"Explosive Potion"},{"floor":11,"key":"FocusPotion"},{"floor":13,"key":"Block Potion"},{"floor":16,"key":"Regen Potion"},{"floor":18,"key":"LiquidBronze"},{"floor":22,"key":"SkillPotion"},{"floor":27,"key":"Swift Potion"},{"floor":33,"key":"Energy Potion"},{"floor":35,"key":"DuplicationPotion"},{"floor":36,"key":"DuplicationPotion"},{"floor":39,"key":"BlessingOfTheForge"},{"floor":40,"key":"Fruit Juice"},{"floor":41,"key":"SmokeBomb"},{"floor":42,"key":"SkillPotion"},{"floor":46,"key":"SpeedPotion"},{"floor":47,"key":"Ancient Potion"}],"is_trial":false,"path_per_floor":["M","?","M","M","$","R","E","M","T","?","M","$","M","?","R","B",null,"M","?","?","$","?","E","?","$","T","M","R","M","$","M","R","B",null,"M","M","?","?","M","M","E","M","T","M","R","M","?","M","R","B",null],"character_chosen":"DEFECT","items_purchased":["Hologram","Rebound","Gash"],"campfire_rested":3,"item_purchase_floors":[5,5,25],"current_hp_per_floor":[80,82,81,70,70,70,47,40,40,40,24,24,20,40,64,27,82,65,57,57,57,53,54,54,54,54,54,54,48,48,35,35,23,57,57,52,52,52,29,35,39,38,38,36,56,44,44,16,36,20],"gold":345,"neow_bonus":"TEN_PERCENT_HP_BONUS","is_daily":false,"chose_seed":false,"campfire_upgraded":3,"win_rate":0.0,"timestamp":1611548311,"path_taken":["M","?","?","M","$","R","E","M","T","?","?","$","?","?","R","BOSS","M","?","?","?","?","E","?","$","T","M","R","M","$","M","R","BOSS","M","?","?","?","?","M","E","M","T","M","R","M","?","M","R","BOSS"],"items_purchased_type":["Card","Card","Card"],"build_version":"2020-12-22","purchased_purges":2,"victory":true,"max_hp_per_floor":[82,82,82,82,82,82,82,82,82,82,82,82,82,82,82,82,82,82,57,57,57,57,57,57,57,57,57,57,57,57,57,57,57,57,57,57,57,57,57,62,69,69,69,69,69,69,69,69,69,69],"card_choices":[{"not_picked":["Coolheaded","Cold Snap"],"picked":"Gash","floor":1},{"not_picked":["Sweeping Beam","Coolheaded"],"picked":"Hologram","floor":3},{"not_picked":["Steam","Streamline"],"picked":"Seek","floor":4},{"not_picked":["Chaos","Compile Driver","Hello World"],"picked":"SKIP","floor":7},{"not_picked":["Consume","Redo"],"picked":"Hologram","floor":8},{"not_picked":["Beam Cell","Stack+1"],"picked":"Chill+1","floor":11},{"not_picked":["Rip and Tear","Beam Cell","Leap+1"],"picked":"SKIP","floor":13},{"not_picked":["Reboot+1","Rainbow+1"],"picked":"Seek+1","floor":16},{"not_picked":["Consume+1","Stack+1"],"picked":"Go for the Eyes+1","floor":18},{"not_picked":["Loop","Reprogram+1"],"picked":"Streamline+1","floor":23},{"not_picked":["Redo+1","Undo+1","Lockon"],"picked":"SKIP","floor":27},{"not_picked":["Beam Cell","Leap+1"],"picked":"Coolheaded+1","floor":29},{"not_picked":["Consume+1","Scrape+1"],"picked":"Hologram+1","floor":31},{"not_picked":["Thunder Strike","Biased Cognition"],"picked":"Machine Learning","floor":33},{"not_picked":["Steam+1","Barrage"],"picked":"Coolheaded+1","floor":35},{"not_picked":["Sweeping Beam+1","Stack+1","Chill+1"],"picked":"SKIP","floor":36},{"not_picked":["Purity+1","Mind Blast"],"picked":"The Bomb+1","floor":37},{"not_picked":["Chill+1","Beam Cell+1","Cold Snap"],"picked":"SKIP","floor":39},{"not_picked":["FTL","Coolheaded+1"],"picked":"Static Discharge","floor":40},{"not_picked":["Ball Lightning+1","Rainbow+1"],"picked":"Streamline+1","floor":41},{"not_picked":["Force Field+1","Capacitor+1"],"picked":"Gash+1","floor":42},{"not_picked":["Streamline+1","Sweeping Beam+1","Ball Lightning+1"],"picked":"SKIP","floor":44},{"not_picked":["Reinforced Body+1","Rebound","Streamline"],"picked":"SKIP","floor":46},{"not_picked":["Coolheaded+1","Go for the Eyes+1"],"picked":"Hologram+1","floor":47},{"not_picked":["Sweeping Beam","Genetic Algorithm+1"],"picked":"Undo+1","floor":48}],"player_experience":41184,"relics_obtained":[{"floor":7,"key":"White Beast Statue"},{"floor":9,"key":"Toxic Egg 2"},{"floor":22,"key":"Red Mask"},{"floor":23,"key":"Ice Cream"},{"floor":26,"key":"Incense Burner"},{"floor":41,"key":"Strawberry"},{"floor":43,"key":"Bag of Preparation"},{"floor":47,"key":"Torii"}],"event_choices":[{"damage_healed":2,"gold_gain":0,"player_choice":"Full Heal","damage_taken":0,"max_hp_gain":0,"max_hp_loss":0,"event_name":"Wheel of Change","floor":2,"gold_loss":0},{"damage_healed":0,"gold_gain":0,"cards_transformed":["Strike_B"],"player_choice":"Transformed","damage_taken":0,"max_hp_gain":0,"max_hp_loss":0,"event_name":"Transmorgrifier","floor":10,"gold_loss":0,"cards_obtained":["Multi-Cast"]},{"damage_healed":20,"gold_gain":0,"player_choice":"Healed","damage_taken":0,"max_hp_gain":0,"max_hp_loss":0,"event_name":"The Cleric","floor":14,"gold_loss":35},{"damage_healed":0,"gold_gain":0,"player_choice":"Became a vampire","damage_taken":0,"max_hp_gain":0,"max_hp_loss":25,"event_name":"Vampires","floor":19,"gold_loss":0,"cards_obtained":["Bite","Bite","Bite","Bite","Bite"]},{"damage_healed":0,"gold_gain":0,"player_choice":"Obtained Relic","damage_taken":0,"relics_obtained":["Meat on the Bone"],"max_hp_gain":0,"max_hp_loss":0,"event_name":"Addict","floor":20,"gold_loss":85},{"damage_healed":0,"gold_gain":0,"player_choice":"Fought Bandits","damage_taken":0,"max_hp_gain":0,"max_hp_loss":0,"event_name":"Masked Bandits","floor":22,"gold_loss":0},{"damage_healed":0,"gold_gain":0,"player_choice":"0 cards matched","damage_taken":0,"max_hp_gain":0,"max_hp_loss":0,"event_name":"Match and Keep!","floor":24,"gold_loss":0,"cards_obtained":[]},{"damage_healed":0,"gold_gain":0,"player_choice":"Memory 1","damage_taken":0,"max_hp_gain":0,"max_hp_loss":0,"event_name":"SensoryStone","floor":37,"gold_loss":0},{"damage_healed":0,"gold_gain":0,"cards_transformed":["Defend_B"],"player_choice":"Transformed","damage_taken":0,"max_hp_gain":0,"max_hp_loss":0,"event_name":"Transmorgrifier","floor":38,"gold_loss":0,"cards_obtained":["Streamline"]},{"damage_healed":0,"gold_gain":0,"player_choice":"Fight","damage_taken":0,"max_hp_gain":0,"max_hp_loss":0,"event_name":"MindBloom","floor":47,"gold_loss":0}],"is_beta":false,"boss_relics":[{"not_picked":["Busted Crown","Ectoplasm"],"picked":"FrozenCore"},{"not_picked":["Black Star","Runic Pyramid"],"picked":"Fusion Hammer"}],"items_purged_floors":[5,30],"is_endless":false,"potions_floor_spawned":[7,8,11,13,16,18,22,23,27,29,31,33,35,36,39,40,41,42,44,46,47,48],"ascension_level":0}}