{"host":"bq4pt811tk9yrmjl","time":1611588627,"event":{"mods":["AchievementEnabler","BaseMod","Colored Map","Colored Powertips","Defuse TimeMaze Blight","Hermit","Minty Spire (QoL Compilation)","StSLib","SuperFastMode"],"gold_per_floor":[114,114,114,131,151,151,167,199,199,19,34,34,34,59,59,178,178,193,193,193,193,271,271,271],"floor_reached":23,"language":"ENG","playtime":1370,"items_purged":[],"score":198,"play_id":"12767d76-00af-4fa4-9a09-f2a69655ed55","local_time":"20210125133027","is_ascension_mode":true,"campfire_choices":[{"data":"Rampage","floor":6,"key":"SMITH"},{"data":"Apotheosis","floor":12,"key":"SMITH"},{"floor":15,"key":"REST"}],"circlet_count":0,"master_deck":["Strike_R","Strike_R","Strike_R","Strike_R","Strike_R","Defend_R","Defend_R","Defend_R","Defend_R","Bash+1","Clash+1","Rampage+1","Whirlwind","Apotheosis+1","Spot Weakness","Limit Break"],"relics":["Burning Blood","NeowsBlessing","Centennial Puzzle","Bloody Idol","Busted Crown","Enchiridion","Eternal Feather"],"acts_visited":["Exordium","TheCity"],"potions_floor_usage":[7,8,8,16],"damage_taken":[{"damage":0,"enemies":"2 Louse","floor":1,"turns":1},{"damage":0,"enemies":"Small Slimes","floor":4,"turns":1},{"damage":0,"enemies":"Cultist","floor":5,"turns":1},{"damage":6,"enemies":"Large Slime","floor":7,"turns":4},{"damage":43,"enemies":"3 Sentries","floor":8,"turns":7},{"damage":5,"enemies":"Looter","floor":11,"turns":3},{"damage":6,"enemies":"3 Louse","floor":14,"turns":2},{"damage":42,"enemies":"Hexaghost","floor":16,"turns":8},{"damage":18,"enemies":"Shell Parasite","floor":18,"turns":4},{"damage":33,"enemies":"Slavers","floor":23,"turns":3}],"seed_played":"-3056445957836538275","potions_obtained":[{"floor":7,"key":"EntropicBrew"},{"floor":8,"key":"AttackPotion"},{"floor":14,"key":"CultistPotion"}],"is_trial":false,"path_per_floor":["M","?","?","M","M","R","M","E","T","$","M","R","?","M","R","B",null,"M","?","?","?","T","E"],"character_chosen":"IRONCLAD","items_purchased":["Apotheosis"],"campfire_rested":1,"item_purchase_floors":[10],"current_hp_per_floor":[80,80,80,80,80,80,80,43,43,43,44,44,44,44,66,30,74,62,46,46,46,51,18,18],"gold":271,"neow_bonus":"THREE_ENEMY_KILL","is_daily":false,"chose_seed":false,"campfire_upgraded":2,"win_rate":0.0,"timestamp":1611588627,"path_taken":["M","?","?","M","?","R","M","E","T","$","M","R","?","M","R","BOSS","M","?","?","?","?","E"],"items_purchased_type":["Card"],"build_version":"2020-12-22","purchased_purges":0,"victory":false,"max_hp_per_floor":[80,80,80,80,80,80,80,80,80,80,80,80,74,74,74,74,74,74,74,74,74,74,74,74],"card_choices":[{"not_picked":["Flex","Heavy Blade"],"picked":"Clash","floor":1},{"not_picked":["Thunderclap","Pommel Strike"],"picked":"Rampage","floor":4},{"not_picked":["Rampage","Battle Trance"],"picked":"Whirlwind","floor":5},{"not_picked":["Heavy Blade","Sever Soul","Headbutt"],"picked":"SKIP","floor":7},{"not_picked":["Pommel Strike","Whirlwind","Body Slam"],"picked":"SKIP","floor":8},{"not_picked":["Anger","Uppercut"],"picked":"Spot Weakness","floor":11},{"not_picked":["Exhume","Clothesline","Power Through"],"picked":"SKIP","floor":14},{"not_picked":["Bludgeon","Feed"],"picked":"Limit Break","floor":16},{"not_picked":["Havoc"],"picked":"SKIP","floor":18}],"player_experience":241927,"relics_obtained":[{"floor":8,"key":"Centennial Puzzle"},{"floor":19,"key":"Enchiridion"},{"floor":22,"key":"Eternal Feather"}],"event_choices":[{"damage_healed":0,"gold_gain":0,"player_choice":"Grow","damage_taken":0,"max_hp_gain":0,"max_hp_loss":0,"event_name":"Living Wall","floor":2,"gold_loss":0,"cards_upgraded":["Bash"]},{"damage_healed":0,"gold_gain":0,"player_choice":"Upgraded","damage_taken":0,"max_hp_gain":0,"max_hp_loss":0,"event_name":"Upgrade Shrine","floor":3,"gold_loss":0,"cards_upgraded":["Clash"]},{"damage_healed":0,"gold_gain":0,"player_choice":"Lose Max HP","damage_taken":0,"relics_obtained":["Golden Idol"],"max_hp_gain":0,"max_hp_loss":6,"event_name":"Golden Idol","floor":13,"gold_loss":0},{"damage_healed":0,"gold_gain":0,"player_choice":"Obtained Book","damage_taken":16,"max_hp_gain":0,"max_hp_loss":0,"event_name":"Cursed Tome","floor":19,"gold_loss":0},{"damage_healed":0,"gold_gain":0,"player_choice":"Ignored","damage_taken":0,"max_hp_gain":0,"max_hp_loss":0,"event_name":"Ghosts","floor":20,"gold_loss":0},{"damage_healed":0,"gold_gain":0,"player_choice":"Gave Idol","damage_taken":0,"relics_obtained":["Bloody Idol"],"max_hp_gain":0,"max_hp_loss":0,"event_name":"Forgotten Altar","floor":21,"relics_lost":["Golden Idol"],"gold_loss":0}],"is_beta":false,"boss_relics":[{"not_picked":["Empty Cage","SacredBark"],"picked":"Busted Crown"}],"items_purged_floors":[],"is_endless":false,"potions_floor_spawned":[7,8,14],"killed_by":"Slavers","ascension_level":1}}