{"host":"gzsdmyo07u314vug","time":1611606676,"event":{"mods":["2.2 Compatiblity","Astrologer","BaseMod","Colored Powertips","GifTheSpireLib","Gremlin Mod","Hermit","Jorbs\u0027s Wanderer Trilogy","Minty Spire (QoL Compilation)","Quick Restart","Rare Cards Sparkle","Relic Stats","Replay The Spire","Robot Space Explorer","Shop Mod","StSLib","The Bug Knight","The Construct","The Cursed","The Elementalist","The Hierophant","The IronCluck","The Marked","The Necromancer","The Runesmith","The Servant 0.9.4","Unceasing Turn Reminder","everything is the same but u backflip on backflip","slay the spire mod where everything is the same but ironclad has a cowboy hat"],"gold_per_floor":[111,130,55,70,145,145,145,155,155,165,165,14,25,52,52,124,124,121,81,81,81,96,96,76,110,135,135,134,148,25,51,51,106,106,122,22,39,39,39,39,64,64,114,114,119,119,107,125,125,105],"floor_reached":51,"language":"ENG","playtime":2263,"items_purged":["hierophant:Strike_Hierophant","hierophant:Strike_Hierophant"],"score":1635,"play_id":"90fb6e13-ed3c-4d96-9aff-35e415924ff1","local_time":"20210125173116","is_ascension_mode":true,"campfire_choices":[{"data":"hierophant:Punish","floor":6.0,"key":"SMITH"},{"data":"hierophant:Smite","floor":11.0,"key":"SMITH"},{"data":"hierophant:PassingBell","floor":15.0,"key":"SMITH"},{"data":"hierophant:Chorus","floor":23.0,"key":"SMITH"},{"data":"hierophant:Exaltation","floor":27.0,"key":"SMITH"},{"data":"hierophant:Kindle","floor":32.0,"key":"SMITH"},{"data":"hierophant:Repentance","floor":40.0,"key":"SMITH"},{"data":"hierophant:Bribe","floor":42.0,"key":"SMITH"},{"data":"hierophant:MorningPrayer","floor":44.0,"key":"SMITH"},{"data":"hierophant:Batter","floor":46.0,"key":"SMITH"},{"floor":49.0,"key":"DIG"}],"circlet_count":0,"master_deck":["hierophant:Strike_Hierophant","hierophant:Strike_Hierophant","hierophant:Punish+1","hierophant:Defend_Hierophant","hierophant:Defend_Hierophant","hierophant:Defend_Hierophant","hierophant:Defend_Hierophant","hierophant:ChurchCoffers+1","hierophant:MorningPrayer+1","hierophant:Smite+1","hierophant:Bribe+1","hierophant:Kindle+1","hierophant:Exaltation+1","hierophant:Chorus+1","hierophant:Endure+1","hierophant:Repentance+1","hierophant:ThreeLashes","hierophant:HolyVerse+1","hierophant:Batter+1","hierophant:Invocation"],"relics":["hierophant:PropheticMaskRelic","Juzu Bracelet","Medical Kit","Kunai","construct:ClawGrip","Divine Protection","HollowMod:PaleOreRelic","Replay:Wax Seal","Blood Vial","CaptainsWheel","Coffee Dripper","Mirror","Nunchaku","Replay:Baseball","Ice Cream","Anchor"],"acts_visited":["Exordium","TheCity","TheBeyond"],"potions_floor_usage":[50,50,50],"damage_taken":[{"damage":0.0,"enemies":"2 Louse","floor":1.0,"turns":2.0},{"damage":0.0,"enemies":"Cultist","floor":2.0,"turns":4.0},{"damage":0.0,"enemies":"Jaw Worm","floor":4.0,"turns":3.0},{"damage":0.0,"enemies":"Large Slime","floor":8.0,"turns":4.0},{"damage":0.0,"enemies":"Exordium Wildlife","floor":10.0,"turns":1.0},{"damage":0.0,"enemies":"3 Louse","floor":13.0,"turns":2.0},{"damage":7.0,"enemies":"3 Sentries","floor":14.0,"turns":4.0},{"damage":0.0,"enemies":"The Guardian","floor":16.0,"turns":10.0},{"damage":1.0,"enemies":"2 Thieves","floor":18.0,"turns":2.0},{"damage":0.0,"enemies":"3 Byrds","floor":22.0,"turns":5.0},{"damage":13.0,"enemies":"Snecko","floor":24.0,"turns":8.0},{"damage":5.0,"enemies":"Replay:Snechameleon","floor":25.0,"turns":2.0},{"damage":9.0,"enemies":"Slavers","floor":28.0,"turns":3.0},{"damage":0.0,"enemies":"Chosen and Byrds","floor":29.0,"turns":4.0},{"damage":0.0,"enemies":"Gremlin Leader","floor":31.0,"turns":3.0},{"damage":6.0,"enemies":"Collector","floor":33.0,"turns":7.0},{"damage":0.0,"enemies":"3 Darklings","floor":35.0,"turns":2.0},{"damage":0.0,"enemies":"Orb Walker","floor":37.0,"turns":3.0},{"damage":0.0,"enemies":"Giant Head","floor":41.0,"turns":5.0},{"damage":21.0,"enemies":"Reptomancer","floor":45.0,"turns":4.0},{"damage":0.0,"enemies":"Nemesis","floor":47.0,"turns":3.0},{"damage":0.0,"enemies":"Sphere and 2 Shapes","floor":48.0,"turns":2.0},{"damage":36,"enemies":"Donu and Deca","floor":50,"turns":9}],"seed_played":"-1793973285937580098","potions_obtained":[{"floor":1.0,"key":"DistilledChaos"},{"floor":8.0,"key":"Fire Potion"},{"floor":10.0,"key":"Milkshake"},{"floor":14.0,"key":"Block Potion"},{"floor":22.0,"key":"construct:ShiftPotion"},{"floor":25.0,"key":"Swift Potion"},{"floor":37.0,"key":"ColorlessPotion"},{"floor":47.0,"key":"BlessingOfTheForge"},{"floor":48.0,"key":"Energy Potion"}],"is_trial":false,"path_per_floor":["M","M","$","M","?","R","?","M","T","M","R","$","M","E","R","B",null,"M","$","?","?","M","R","M","E","T","R","E","M","$","E","R","B",null,"M","$","M","?","$","R","E","R","T","R","E","R","E","M","R","B",null],"character_chosen":"HIEROPHANT","items_purchased":["Medical Kit","hierophant:Exaltation","hierophant:Repentance","hierophant:ThreeLashes"],"campfire_rested":0,"item_purchase_floors":[12,19,30,30],"current_hp_per_floor":[75,75,75,75,64,64,64,64,64,64,64,64,64,57,57,57,75,74,74,74,74,74,74,61,56,56,56,47,49,49,51,51,47,75,75,75,75,75,75,75,75,75,75,75,54,54,56,58,58,24],"gold":105,"neow_bonus":"UPGRADE_CARD","is_daily":false,"chose_seed":false,"campfire_upgraded":10,"win_rate":0.0,"timestamp":1611606676,"path_taken":["M","M","$","M","?","R","?","?","T","M","R","$","M","E","R","BOSS","M","$","?","?","M","R","M","E","T","R","E","M","$","E","R","BOSS","M","$","M","?","$","R","E","R","T","R","E","R","E","M","R","BOSS"],"items_purchased_type":["Relic","Card","Card","Card"],"build_version":"2020-12-22","purchased_purges":2,"victory":true,"max_hp_per_floor":[75,75,75,75,75,75,75,75,75,75,75,75,75,75,75,75,75,75,75,75,75,75,75,75,75,75,75,75,75,75,75,75,75,75,75,75,75,75,75,75,75,75,75,75,75,75,75,75,75,75],"relic_stats":{"Blood Vial":12,"Nunchaku":[2],"counters":[23,92],"Juzu Bracelet":0,"Kunai":[14],"Medical Kit":[5],"obtain_stats":[{"Ice Cream":47,"Divine Protection":20,"construct:ClawGrip":17,"hierophant:PropheticMaskRelic":0,"Juzu Bracelet":9,"Medical Kit":12,"Blood Vial":28,"CaptainsWheel":31,"Nunchaku":43,"Replay:Baseball":45,"Anchor":49,"Coffee Dripper":34,"Kunai":14,"HollowMod:PaleOreRelic":25,"Replay:Wax Seal":26,"Mirror":41},{"Ice Cream":21,"Divine Protection":9,"construct:ClawGrip":8,"hierophant:PropheticMaskRelic":0,"Juzu Bracelet":4,"Medical Kit":5,"Blood Vial":13,"CaptainsWheel":15,"Nunchaku":19,"Replay:Baseball":20,"Anchor":22,"Coffee Dripper":16,"Kunai":7,"HollowMod:PaleOreRelic":12,"Replay:Wax Seal":12,"Mirror":19},{"Ice Cream":81,"Divine Protection":32,"construct:ClawGrip":30,"hierophant:PropheticMaskRelic":0,"Juzu Bracelet":13,"Medical Kit":14,"Blood Vial":50,"CaptainsWheel":57,"Nunchaku":74,"Replay:Baseball":78,"Anchor":83,"Coffee Dripper":64,"Kunai":20,"HollowMod:PaleOreRelic":47,"Replay:Wax Seal":47,"Mirror":74}]},"card_choices":[{"not_picked":["hierophant:SecretStash","hierophant:OrnateBuckler"],"picked":"hierophant:MorningPrayer","floor":1.0},{"not_picked":["hierophant:FieryStrike","hierophant:ConvertCurrency"],"picked":"hierophant:PassingBell","floor":2.0},{"not_picked":["hierophant:Charity","hierophant:DisplayOfPower","hierophant:Mercenaries"],"picked":"SKIP","floor":4.0},{"not_picked":["hierophant:Encroach","hierophant:Chorus"],"picked":"hierophant:Smite","floor":8.0},{"not_picked":["hierophant:ThreeLashes","hierophant:HammerAndAnvil","hierophant:Remorse"],"picked":"SKIP","floor":10.0},{"not_picked":["hierophant:AuricShield","hierophant:Remorse","hierophant:SealAway"],"picked":"SKIP","floor":13.0},{"not_picked":["hierophant:SealAway","hierophant:FlamingChariot"],"picked":"hierophant:Bribe","floor":14.0},{"not_picked":["hierophant:Batter","hierophant:AuricForm"],"picked":"hierophant:Kindle","floor":16.0},{"not_picked":["hierophant:AuricBeam+1","hierophant:CursedGold","hierophant:Upheaval"],"picked":"SKIP","floor":18.0},{"not_picked":["hierophant:CoinFling","hierophant:Doomsaying"],"picked":"hierophant:Chorus","floor":22.0},{"not_picked":["hierophant:OrnateJavelin+1","hierophant:RepressedViolence"],"picked":"hierophant:Endure+1","floor":24.0},{"not_picked":["hierophant:Doubloon","hierophant:FlamingChariot","hierophant:SealAway"],"picked":"SKIP","floor":25.0},{"not_picked":["hierophant:AuricShield","hierophant:Refuge+1","hierophant:Charity"],"picked":"SKIP","floor":28.0},{"not_picked":["hierophant:Zeal","hierophant:Encroach","hierophant:FlamingChariot"],"picked":"SKIP","floor":29.0},{"not_picked":["hierophant:Sermon","hierophant:FieryStrike"],"picked":"hierophant:HolyVerse+1","floor":31.0},{"not_picked":["hierophant:Invocation","hierophant:LocustPlague"],"picked":"hierophant:Batter","floor":33.0},{"not_picked":["hierophant:Community","hierophant:HolyVerse","hierophant:ConvertCurrency+1"],"picked":"SKIP","floor":35.0},{"not_picked":["hierophant:Dazzle+1","hierophant:Blessing","hierophant:ThreeLashes+1"],"picked":"SKIP","floor":37.0},{"not_picked":["hierophant:Purify","hierophant:ThreeLashes","hierophant:MintersHammer"],"picked":"SKIP","floor":41.0},{"not_picked":["hierophant:Purify+1","hierophant:FieryStrike","hierophant:EyeForCoin+1"],"picked":"SKIP","floor":45.0},{"not_picked":["hierophant:SecretStash+1","hierophant:HolyVerse","hierophant:DisplayOfPower"],"picked":"SKIP","floor":47.0},{"not_picked":["hierophant:Encroach","hierophant:Shelter"],"picked":"hierophant:Invocation","floor":48.0}],"player_experience":783441,"relics_obtained":[{"floor":9.0,"key":"Juzu Bracelet"},{"floor":14.0,"key":"Kunai"},{"floor":25.0,"key":"HollowMod:PaleOreRelic"},{"floor":26.0,"key":"Replay:Wax Seal"},{"floor":28.0,"key":"Blood Vial"},{"floor":31.0,"key":"CaptainsWheel"},{"floor":41.0,"key":"Mirror"},{"floor":43.0,"key":"Nunchaku"},{"floor":45.0,"key":"Replay:Baseball"},{"floor":47.0,"key":"Ice Cream"},{"floor":49.0,"key":"Anchor"}],"event_choices":[{"damage_healed":0.0,"max_hp_gain":0.0,"max_hp_loss":0.0,"gold_gain":75.0,"event_name":"World of Goop","player_choice":"Gather Gold","floor":5.0,"gold_loss":0.0,"damage_taken":11.0},{"damage_healed":0.0,"max_hp_gain":0.0,"max_hp_loss":0.0,"gold_gain":0.0,"event_name":"Match and Keep!","player_choice":"0 cards matched","floor":7.0,"gold_loss":0.0,"damage_taken":0.0,"cards_obtained":[]},{"cards_removed":["hierophant:PassingBell"],"damage_healed":0.0,"max_hp_gain":0.0,"max_hp_loss":0.0,"gold_gain":0.0,"event_name":"Falling","player_choice":"Removed Attack","floor":38.0,"gold_loss":0.0,"damage_taken":0.0}],"is_beta":false,"boss_relics":[{"not_picked":["Velvet Choker","Ectoplasm"],"picked":"construct:ClawGrip"},{"not_picked":["Astrolabe","SlaversCollar"],"picked":"Coffee Dripper"}],"items_purged_floors":[3,36],"is_endless":false,"potions_floor_spawned":[1,8,10,14,22,25,37,47,48],"ascension_level":3}}