{"host":"fuszjwm6fqgjjp4d","time":1611543528,"event":{"mods":["BaseMod","Bestiary","Colored Map","DeckTracker","Minty Spire (QoL Compilation)","Permanent Neow","Relic Sorter","Relic Stats","StSLib"],"gold_per_floor":[109,126,137,287,287,327,22,37,37,37,37,37,81,81,81,177,177,201,221,257,277,277,277,316,316,339,339,355,380,380,405,405,405,405],"floor_reached":33,"language":"ENG","playtime":1442,"items_purged":["Doubt"],"score":620,"play_id":"f7aee243-0317-4e43-9c01-9519a2f654c4","local_time":"20210124205848","is_ascension_mode":true,"campfire_choices":[{"floor":10.0,"key":"REST"},{"data":"LessonLearned","floor":12.0,"key":"SMITH"},{"data":"Protect","floor":15.0,"key":"SMITH"},{"floor":23.0,"key":"REST"},{"data":"Alpha","floor":27,"key":"SMITH"},{"data":"ReachHeaven","floor":30,"key":"SMITH"},{"data":"ForeignInfluence","floor":32,"key":"SMITH"}],"circlet_count":0,"master_deck":["AscendersBane","Strike_P","Strike_P+1","Strike_P+1","Defend_P","Defend_P","Defend_P","Defend_P","Eruption+1","Vigilance+1","CutThroughFate","ReachHeaven+1","Prostrate+1","FollowUp","LessonLearned+1","Prostrate","ForeignInfluence+1","Protect+1","Alpha+1","Tantrum+1","DeceiveReality+1","Wallop+1","Necronomicurse","WheelKick+1","EmptyBody+1"],"relics":["Philosopher\u0027s Stone","Golden Idol","Matryoshka","TeardropLocket","Meat on the Bone","HornCleat","Runic Dome","Red Mask","Necronomicon","Bottled Flame","Regal Pillow","Akabeko"],"acts_visited":["Exordium","TheCity"],"potions_floor_usage":[],"damage_taken":[{"damage":13.0,"enemies":"Small Slimes","floor":1.0,"turns":4.0},{"damage":3.0,"enemies":"Jaw Worm","floor":2.0,"turns":3.0},{"damage":0.0,"enemies":"Cultist","floor":3.0,"turns":2.0},{"damage":18.0,"enemies":"Lagavulin","floor":6.0,"turns":5.0},{"damage":17.0,"enemies":"Exordium Thugs","floor":8.0,"turns":4.0},{"damage":0.0,"enemies":"Gremlin Nob","floor":11.0,"turns":1.0},{"damage":24.0,"enemies":"3 Sentries","floor":13.0,"turns":7.0},{"damage":32.0,"enemies":"The Guardian","floor":16.0,"turns":10.0},{"damage":0.0,"enemies":"Spheric Guardian","floor":18.0,"turns":3.0},{"damage":9.0,"enemies":"2 Thieves","floor":19.0,"turns":2.0},{"damage":0.0,"enemies":"Masked Bandits","floor":20.0,"turns":3.0},{"damage":3.0,"enemies":"Snecko","floor":21.0,"turns":4.0},{"damage":0.0,"enemies":"Slavers","floor":24.0,"turns":3.0},{"damage":9,"enemies":"Snake Plant","floor":28,"turns":3},{"damage":0,"enemies":"Centurion and Healer","floor":29,"turns":4},{"damage":0,"enemies":"Cultist and Chosen","floor":31,"turns":3},{"damage":78,"enemies":"Collector","floor":33,"turns":8}],"seed_played":"-1513366147045692933","potions_obtained":[{"floor":6.0,"key":"SmokeBomb"},{"floor":8.0,"key":"SteroidPotion"},{"floor":18.0,"key":"PowerPotion"},{"floor":24.0,"key":"FairyPotion"},{"floor":28,"key":"Block Potion"}],"is_trial":false,"path_per_floor":["M","M","M","?","?","E","$","M","T","R","E","R","E","?","R","B",null,"M","M","?","M","?","R","E","?","T","R","M","M","R","M","R","B"],"character_chosen":"WATCHER","items_purchased":["LessonLearned","Prostrate"],"campfire_rested":2,"item_purchase_floors":[7,7],"current_hp_per_floor":[48,45,45,45,45,27,27,10,10,28,40,40,28,33,33,13,54,54,45,45,42,21,41,41,41,41,41,44,44,44,44,44,0,0],"gold":405,"neow_bonus":"BOSS_RELIC","is_daily":false,"chose_seed":false,"campfire_upgraded":5,"win_rate":0.0,"timestamp":1611543528,"path_taken":["M","M","M","?","?","E","?","M","T","R","E","R","E","?","R","BOSS","M","M","?","M","?","R","E","?","T","R","?","M","R","M","R","BOSS"],"items_purchased_type":["Card","Card"],"build_version":"2020-12-22","purchased_purges":1,"victory":false,"max_hp_per_floor":[68,68,68,68,62,62,62,62,62,62,62,62,62,67,67,67,67,67,67,67,67,67,67,67,67,67,67,67,67,67,67,67,67,67],"relic_stats":{"Regal Pillow":0,"counters":[17,69],"Golden Idol":95,"Necronomicon":[13],"obtain_stats":[{"Regal Pillow":26,"Golden Idol":5,"TeardropLocket":9,"Akabeko":26,"Runic Dome":17,"Bottled Flame":24,"Matryoshka":6,"HornCleat":13,"Philosopher\u0027s Stone":0,"Red Mask":20,"Necronomicon":22,"PureWater":0,"Meat on the Bone":9},{"Regal Pillow":13,"Golden Idol":3,"TeardropLocket":5,"Akabeko":13,"Runic Dome":8,"Bottled Flame":13,"Matryoshka":4,"HornCleat":7,"Philosopher\u0027s Stone":0,"Red Mask":11,"Necronomicon":12,"PureWater":0,"Meat on the Bone":5},{"Regal Pillow":51,"Golden Idol":9,"TeardropLocket":18,"Akabeko":51,"Runic Dome":36,"Bottled Flame":51,"Matryoshka":14,"HornCleat":26,"Philosopher\u0027s Stone":0,"Red Mask":44,"Necronomicon":48,"PureWater":0,"Meat on the Bone":18}],"Meat on the Bone":48},"card_choices":[{"not_picked":["ThirdEye","FollowUp"],"picked":"CutThroughFate","floor":1.0},{"not_picked":["PathToVictory","SignatureMove"],"picked":"ReachHeaven","floor":2.0},{"not_picked":["Vengeance","WindmillStrike"],"picked":"Prostrate","floor":3.0},{"not_picked":["Meditate","Study"],"picked":"FollowUp","floor":6.0},{"not_picked":["CrushJoints","Protect"],"picked":"ForeignInfluence","floor":8.0},{"not_picked":["FollowUp","PathToVictory"],"picked":"Protect","floor":13.0},{"not_picked":["Establishment","Ragnarok"],"picked":"Alpha","floor":16.0},{"not_picked":["CrushJoints","Prostrate"],"picked":"Tantrum+1","floor":18.0},{"not_picked":["Collect","ReachHeaven"],"picked":"DeceiveReality+1","floor":19.0},{"not_picked":["SignatureMove","Wireheading"],"picked":"Wallop+1","floor":20.0},{"not_picked":["Wireheading","CutThroughFate+1","FlurryOfBlows"],"picked":"SKIP","floor":21.0},{"not_picked":["LikeWater","Alpha"],"picked":"WheelKick+1","floor":24.0},{"not_picked":["JustLucky+1","Crescendo"],"picked":"EmptyBody+1","floor":28},{"not_picked":["FollowUp","BowlingBash","Protect"],"picked":"SKIP","floor":29},{"not_picked":["Fasting2","FollowUp","Consecrate"],"picked":"SKIP","floor":31}],"player_experience":1339028,"relics_obtained":[{"floor":6.0,"key":"Matryoshka"},{"floor":9.0,"key":"TeardropLocket"},{"floor":9.0,"key":"Meat on the Bone"},{"floor":13.0,"key":"HornCleat"},{"floor":20.0,"key":"Red Mask"},{"floor":22.0,"key":"Necronomicon"},{"floor":24.0,"key":"Bottled Flame"},{"floor":26.0,"key":"Regal Pillow"},{"floor":26.0,"key":"Akabeko"}],"event_choices":[{"damage_healed":0.0,"max_hp_gain":0.0,"max_hp_loss":0.0,"gold_gain":150.0,"event_name":"Liars Game","player_choice":"AGREE","floor":4.0,"gold_loss":0.0,"damage_taken":0.0,"cards_obtained":["Doubt"]},{"damage_healed":0.0,"max_hp_gain":0.0,"max_hp_loss":6.0,"gold_gain":0.0,"event_name":"Golden Idol","player_choice":"Lose Max HP","floor":5.0,"gold_loss":0.0,"damage_taken":0.0,"relics_obtained":["Golden Idol"]},{"damage_healed":0.0,"max_hp_gain":5.0,"max_hp_loss":0.0,"gold_gain":0.0,"event_name":"Big Fish","player_choice":"Donut","floor":14.0,"gold_loss":0.0,"damage_taken":0.0},{"damage_healed":0.0,"max_hp_gain":0.0,"max_hp_loss":0.0,"gold_gain":0.0,"event_name":"Masked Bandits","player_choice":"Fought Bandits","floor":20.0,"gold_loss":0.0,"damage_taken":0.0},{"damage_healed":0.0,"max_hp_gain":0.0,"max_hp_loss":0.0,"gold_gain":0.0,"event_name":"Cursed Tome","player_choice":"Obtained Book","floor":22.0,"gold_loss":0.0,"damage_taken":21.0},{"cards_removed":["Strike_P"],"damage_healed":0.0,"max_hp_gain":0.0,"max_hp_loss":0.0,"gold_gain":0.0,"event_name":"Wheel of Change","player_choice":"Card Removal","floor":25.0,"gold_loss":0.0,"damage_taken":0.0}],"is_beta":false,"boss_relics":[{"not_picked":["Tiny House","Ectoplasm"],"picked":"Runic Dome"}],"items_purged_floors":[7],"is_endless":false,"potions_floor_spawned":[6,8,11,18,24,28,29],"killed_by":"Collector","ascension_level":20}}