{"host":"rwmcmr2m88k7tuzm","time":1611600801,"event":{"mods":["BaseMod","BetterRewards","Conspire","Downfall","Infinite Spire","Minty Spire (QoL Compilation)","Replay The Spire","Shop Mod","StSLib","SuperFastMode"],"gold_per_floor":[112,122,132,143,156,156,186,186,186,261,261,261,261,282,282,413,413,432,432,445,445,464,464,464],"floor_reached":23,"language":"ENG","playtime":762,"items_purged":["Strike_R"],"score":293,"play_id":"738940cd-73fc-4e4e-b0d2-7bdc02ecb544","local_time":"20210125185321","is_ascension_mode":false,"campfire_choices":[{"floor":6,"key":"REST"},{"floor":8,"key":"REST"},{"floor":13,"key":"REST"},{"floor":15,"key":"REST"}],"circlet_count":0,"master_deck":["Strike_R+1","Strike_R+1","Strike_R+1","Strike_R+1","Defend_R+1","Defend_R+1","Defend_R+1","Defend_R+1","Bash","Replay:Many Hands","Uppercut","Rampage","Shockwave","Sword Boomerang","ReplayTheSpireMod:Limb From Limb","Replay:Undeath\u0027s Touch","Bludgeon","Flex","Iron Wave+1","Inflame+1"],"relics":["Burning Blood","Bronze Scales","Ginger","Toolbox","Centennial Puzzle","Blue Doll","Golden Idol","SacredBark","Replay:Baseball"],"acts_visited":["Exordium","TheCity"],"potions_floor_usage":[7,16,16,23,23],"damage_taken":[{"damage":8,"enemies":"2 Louse","floor":1,"turns":3},{"damage":3,"enemies":"Small Slimes","floor":2,"turns":3},{"damage":12,"enemies":"conspire:RoseBush","floor":3,"turns":2},{"damage":18,"enemies":"Large Slime","floor":4,"turns":6},{"damage":8,"enemies":"Exordium Wildlife","floor":5,"turns":3},{"damage":17,"enemies":"Gremlin Nob","floor":7,"turns":4},{"damage":27,"enemies":"3 Louse","floor":14,"turns":3},{"damage":46,"enemies":"Fading Forest","floor":16,"turns":11},{"damage":16,"enemies":"conspire:FuzzyDice","floor":18,"turns":5},{"damage":20,"enemies":"Shell Parasite","floor":20,"turns":3},{"damage":19,"enemies":"Centurion and Healer","floor":22,"turns":8},{"damage":46,"enemies":"Nightmare","floor":23,"turns":4}],"seed_played":"6340847637120747336","potions_obtained":[{"floor":1,"key":"BlessingOfTheForge"},{"floor":5,"key":"Elixir"},{"floor":7,"key":"SteroidPotion"},{"floor":14,"key":"SteroidPotion"},{"floor":22,"key":"Swift Potion"}],"is_trial":false,"path_per_floor":["M","M","M","M","M","R","E","R","T","?","?","?","R","M","R","B",null,"M","?","M","?","M","NM"],"character_chosen":"IRONCLAD","items_purchased":["Bronze Scales","Ginger","Toolbox","Replay:Many Hands"],"campfire_rested":4,"item_purchase_floors":[0,0,0,0],"current_hp_per_floor":[54,57,51,39,37,61,50,74,74,63,43,43,67,46,70,40,80,70,70,56,56,43,0,0],"gold":464,"neow_bonus":"","is_daily":false,"chose_seed":false,"campfire_upgraded":0,"win_rate":0.0,"timestamp":1611600801,"path_taken":["M","M","M","M","M","R","E","R","T","?","?","?","R","M","R","BOSS","M","?","M","?","M","NM"],"items_purchased_type":["Relic","Relic","Relic","Card"],"build_version":"2020-12-22","purchased_purges":1,"victory":false,"max_hp_per_floor":[80,80,80,80,80,80,80,80,80,80,80,80,80,80,80,80,80,80,80,80,80,80,80,80],"card_choices":[{"not_picked":["Clash","ReplayTheSpireMod:Stacked"],"picked":"Uppercut","floor":1},{"not_picked":["Warcry","Wild Strike"],"picked":"Rampage","floor":2},{"not_picked":["Infernal Blade","Heavy Blade"],"picked":"Shockwave","floor":3},{"not_picked":["Perfected Strike","True Grit","Bloodletting"],"picked":"SKIP","floor":4},{"not_picked":["Perfected Strike","ReplayTheSpireMod:Stacked"],"picked":"Sword Boomerang","floor":5},{"not_picked":["Rampage","ReplayTheSpireMod:Strike From Hell"],"picked":"ReplayTheSpireMod:Limb From Limb","floor":7},{"not_picked":["conspire:Purge","Sword Boomerang"],"picked":"Replay:Undeath\u0027s Touch","floor":14},{"not_picked":["Brutality","conspire:Purge"],"picked":"Bludgeon","floor":16},{"not_picked":["True Grit","ReplayTheSpireMod:Muscle Training"],"picked":"Flex","floor":18},{"not_picked":["Armaments","Wild Strike"],"picked":"Iron Wave+1","floor":20},{"not_picked":["Rage","Clash"],"picked":"Inflame+1","floor":22}],"player_experience":159931,"relics_obtained":[{"floor":7,"key":"Centennial Puzzle"},{"floor":9,"key":"Blue Doll"}],"event_choices":[{"damage_healed":0,"gold_gain":75,"player_choice":"Gather Gold","damage_taken":11,"max_hp_gain":0,"max_hp_loss":0,"event_name":"World of Goop","floor":10,"gold_loss":0},{"damage_healed":0,"gold_gain":0,"player_choice":"Take Damage","damage_taken":20,"relics_obtained":["Golden Idol"],"max_hp_gain":0,"max_hp_loss":0,"event_name":"Golden Idol","floor":11,"gold_loss":0},{"damage_healed":0,"gold_gain":0,"player_choice":"Simplicity","damage_taken":0,"max_hp_gain":0,"max_hp_loss":0,"event_name":"Back to Basics","floor":21,"gold_loss":0,"cards_upgraded":["Strike_R","Strike_R","Strike_R","Strike_R","Defend_R","Defend_R","Defend_R","Defend_R"]}],"is_beta":false,"boss_relics":[{"not_picked":["Replay:Drink Me","bronze:MakeshiftBattery"],"picked":"SacredBark"}],"items_purged_floors":[0],"is_endless":false,"potions_floor_spawned":[1,5,7,14,22],"killed_by":"Nightmare","ascension_level":0}}