{"host":"xi8yg1ddhptuxb9d","time":1611597808,"event":{"mods":["AchievementEnabler","AlwaysNeverKeys","BaseMod","Block Reminder","Minty Spire (QoL Compilation)","Relic Sorter","StSLib"],"gold_per_floor":[119,84,103,119,119,119,149,169,169,183,183,212,212,212,212,284,284,302,313,313,59,59,59,70,70,70],"floor_reached":25,"language":"ENG","playtime":2758,"items_purged":[],"score":405,"play_id":"8e338939-ee65-49ea-bfaf-d5d5b70e53da","local_time":"20210125130328","is_ascension_mode":true,"campfire_choices":[{"data":"Tools of the Trade","floor":6,"key":"SMITH"},{"floor":11,"key":"REST"},{"floor":13,"key":"REST"},{"floor":15,"key":"REST"},{"floor":23,"key":"REST"}],"circlet_count":0,"master_deck":["AscendersBane","Strike_G","Strike_G","Strike_G","Strike_G","Defend_G","Defend_G","Defend_G","Defend_G","Defend_G","Survivor","Neutralize","Poisoned Stab","Leg Sweep","Burst","Tools of the Trade+1","Bouncing Flask","Backflip","Bane","Die Die Die","Tactician","Quick Slash","RitualDagger","Caltrops","Shame","Dagger Spray"],"relics":["Ring of the Snake","Bird Faced Urn","Calipers","Incense Burner","Cursed Key","Snake Skull","CaptainsWheel"],"acts_visited":["Exordium","TheCity"],"potions_floor_usage":[7,14,16,25,25],"damage_taken":[{"damage":7,"enemies":"Jaw Worm","floor":1,"turns":6},{"damage":2,"enemies":"Small Slimes","floor":3,"turns":4},{"damage":4,"enemies":"Cultist","floor":4,"turns":3},{"damage":48,"enemies":"Gremlin Nob","floor":7,"turns":6},{"damage":0,"enemies":"3 Louse","floor":8,"turns":5},{"damage":1,"enemies":"Blue Slaver","floor":10,"turns":5},{"damage":36,"enemies":"3 Sentries","floor":12,"turns":14},{"damage":0,"enemies":"Looter","floor":14,"turns":1},{"damage":7,"enemies":"Hexaghost","floor":16,"turns":9},{"damage":16,"enemies":"3 Byrds","floor":18,"turns":7},{"damage":36,"enemies":"Chosen","floor":19,"turns":6},{"damage":11,"enemies":"3 Cultists","floor":24,"turns":7},{"damage":29,"enemies":"Shelled Parasite and Fungi","floor":25,"turns":5}],"seed_played":"4844555886740837589","potions_obtained":[{"floor":1,"key":"Energy Potion"},{"floor":10,"key":"SmokeBomb"},{"floor":12,"key":"AttackPotion"},{"floor":16,"key":"Poison Potion"},{"floor":18,"key":"ColorlessPotion"}],"is_trial":false,"path_per_floor":["M","?","M","M","?","R","E","M","T","M","R","E","R","M","R","B",null,"M","M","?","$","?","R","M","M"],"character_chosen":"THE_SILENT","items_purchased":["Snake Skull","Caltrops"],"campfire_rested":4,"item_purchase_floors":[21,21],"current_hp_per_floor":[58,72,70,66,66,66,18,20,20,21,42,8,29,29,50,45,65,51,17,11,11,11,32,25,0,0],"gold":70,"neow_bonus":"TEN_PERCENT_HP_BONUS","is_daily":false,"chose_seed":false,"campfire_upgraded":1,"win_rate":0.0,"timestamp":1611597808,"path_taken":["M","?","M","M","?","R","E","?","T","M","R","E","R","M","R","BOSS","M","M","?","$","?","R","M","M"],"items_purchased_type":["Relic","Card"],"build_version":"2020-12-22","purchased_purges":0,"victory":false,"max_hp_per_floor":[72,72,72,72,72,72,72,72,72,72,72,72,72,72,72,72,72,72,72,72,72,72,72,72,72,72],"card_choices":[{"not_picked":["Endless Agony","Acrobatics"],"picked":"Poisoned Stab","floor":1},{"not_picked":["Dodge and Roll","All Out Attack"],"picked":"Leg Sweep","floor":3},{"not_picked":["Underhanded Strike","Backstab"],"picked":"Burst","floor":4},{"not_picked":["PiercingWail","Backflip"],"picked":"Bouncing Flask","floor":7},{"not_picked":["Reflex","Leg Sweep"],"picked":"Backflip","floor":8},{"not_picked":["Poisoned Stab","Outmaneuver"],"picked":"Bane","floor":10},{"not_picked":["Reflex","Riddle With Holes","Outmaneuver"],"picked":"SKIP","floor":12},{"not_picked":["Glass Knife","Doppelganger"],"picked":"Die Die Die","floor":16},{"not_picked":["Reflex","Skewer"],"picked":"Tactician","floor":18},{"not_picked":["Bane","Accuracy"],"picked":"Quick Slash","floor":19},{"not_picked":["Finisher","Skewer"],"picked":"Dagger Spray","floor":24}],"player_experience":668750,"relics_obtained":[{"floor":7,"key":"Bird Faced Urn"},{"floor":9,"key":"Calipers"},{"floor":12,"key":"Incense Burner"}],"event_choices":[{"damage_healed":18,"gold_gain":0,"player_choice":"Healed","damage_taken":0,"max_hp_gain":0,"max_hp_loss":0,"event_name":"The Cleric","floor":2,"gold_loss":35},{"damage_healed":0,"gold_gain":0,"cards_transformed":["Strike_G"],"player_choice":"Transformed","damage_taken":0,"max_hp_gain":0,"max_hp_loss":0,"event_name":"Transmorgrifier","floor":5,"gold_loss":0,"cards_obtained":["Tools of the Trade"]},{"damage_healed":0,"gold_gain":0,"player_choice":"Joined the Cult","damage_taken":6,"max_hp_gain":0,"max_hp_loss":0,"event_name":"Nest","floor":20,"gold_loss":0,"cards_obtained":["RitualDagger"]},{"damage_healed":0,"gold_gain":0,"player_choice":"Stole Relic","damage_taken":0,"relics_obtained":["CaptainsWheel"],"max_hp_gain":0,"max_hp_loss":0,"event_name":"Addict","floor":22,"gold_loss":0,"cards_obtained":["Shame"]}],"is_beta":false,"boss_relics":[{"not_picked":["SacredBark","Calling Bell"],"picked":"Cursed Key"}],"items_purged_floors":[],"is_endless":false,"potions_floor_spawned":[1,10,12,14,16,18],"killed_by":"Shelled Parasite and Fungi","ascension_level":18}}