{"host":"edwx0qgw8a8gox8u","time":1611553324,"event":{"mods":["2.2 Compatiblity","AchievementEnabler","Aspiration","Bard","BaseMod","Beaked The Cultist","Better Altar","Better Match","Better Note","Better Sensory Stone","Better Skull","Better Third Choice","BetterRewards","CCEM","Challenge The Spire","ChefMod","Colored Map","Conspire","Curses Come First","Custom Start","DeckTracker","Defuse TimeMaze Blight","Dio Mod","Displayed Cursed Tome","Dota2Spire","Downfall","Energized Spire","Fox Events","Friendly Minions","FruityMod","GifTheSpireLib","GungeonMod","Halation","Hermit","Hubris","Hunter ??","Infinite Spire","Jedi Mod","Jess\u0027s Bottle","Kiyohime????","Mad Scientist","Mari Mod (Legacy)","Mari\u0027s V1 Patch","Marisa????????","Marked Mod","Mimic Mod","Minty Spire (QoL Compilation)","MostiFishMod","Permanent Neow","Poor People Problems","Potionbrewer","Random Character Button","Relic Stats","Reliquary","Replay The Spire","Retaliation","Robot Space Explorer","RumiaBox-????????","SCP261 Mod","Shade Mod","Shedinja","Shop Mod","Spicy Shops","StS++","StSLib","Stuff the Spire","The Administrix","The Animator","The Blackbeard","The Blue Laboratory","The Bug Knight","The Cursed","The Dragon Tamer","The Gatherer","The Hierophant","The Jungle","The Mystic","The Necromancer","The Poker Player","The Problem Sleuth","The Runesmith","The Servant 0.9.4","The Spell Scribe","The Valiant","TheSwordswoman","TheVelvet","TheWitcher","Trackpad","Uncapped","Unceasing Turn Reminder","Useless Jewels Mod","Yuri Mod","??????REMEMod"],"gold_per_floor":[226,226,261,311,338,354,354],"floor_reached":6,"language":"ENG","playtime":661,"items_purged":[],"score":36,"play_id":"105b9a1f-4c6a-43b1-b1a6-3003332d44db","local_time":"20210125164204","is_ascension_mode":false,"campfire_choices":[],"circlet_count":0,"master_deck":["potionbrewer:PotionbrewerStrike","potionbrewer:PotionbrewerStrike","potionbrewer:PotionbrewerStrike","potionbrewer:PotionbrewerStrike","potionbrewer:PotionbrewerDefend","potionbrewer:PotionbrewerDefend","potionbrewer:PotionbrewerDefend","potionbrewer:PotionbrewerDefend","potionbrewer:Collect","potionbrewer:ChemicalSpill","blackbeard:BountyHunter","potionbrewer:LeftoverSpecimen","potionbrewer:HazardousWaste","potionbrewer:AnotherRound","potionbrewer:Biohazard"],"relics":["potionbrewer:PotionKit","REME_ComplimentaryCards","DaveBox","Membership Card","SynthV:TestCard","foxEvents:LuckyCharm"],"acts_visited":["Exordium"],"potions_floor_usage":[3,4,5,6],"damage_taken":[{"damage":1,"enemies":"conspire:RoseBush","floor":1,"turns":4},{"damage":0,"enemies":"infinitespire:Voidling","floor":3,"turns":3},{"damage":28,"enemies":"Colosseum Slavers","floor":4,"turns":5},{"damage":13,"enemies":"Jaw Worm","floor":5,"turns":4},{"damage":41,"enemies":"3 Sentries","floor":6,"turns":9}],"seed_played":"9030031746708960376","potions_obtained":[{"floor":1,"key":"blueLaboratory:FruitPunch"}],"is_trial":false,"path_per_floor":["M","?","M","?","M","E"],"character_chosen":"POTIONBREWER","items_purchased":[],"campfire_rested":0,"item_purchase_floors":[],"current_hp_per_floor":[74,74,76,48,35,0,0],"gold":354,"neow_bonus":"HUNDRED_GOLD","is_daily":false,"chose_seed":false,"campfire_upgraded":0,"win_rate":0.0,"timestamp":1611553324,"path_taken":["M","?","?","?","M","E"],"items_purchased_type":[],"build_version":"2020-12-22","purchased_purges":0,"victory":false,"max_hp_per_floor":[75,75,77,77,77,77,77],"relic_stats":{"counters":[5,25],"obtain_stats":[{"SynthV:TestCard":1,"DaveBox":0,"DemoMod:GlassGuonStoneRelic":1,"foxEvents:LuckyCharm":4,"Membership Card":0,"potionbrewer:PotionKit":0,"REME_ComplimentaryCards":0},{"SynthV:TestCard":1,"DaveBox":0,"DemoMod:GlassGuonStoneRelic":1,"foxEvents:LuckyCharm":3,"Membership Card":0,"potionbrewer:PotionKit":0,"REME_ComplimentaryCards":0},{"SynthV:TestCard":4,"DaveBox":0,"DemoMod:GlassGuonStoneRelic":4,"foxEvents:LuckyCharm":12,"Membership Card":0,"potionbrewer:PotionKit":0,"REME_ComplimentaryCards":0}]},"card_choices":[{"not_picked":["potionbrewer:WizBang","potionbrewer:UnstableFormula"],"picked":"potionbrewer:LeftoverSpecimen","floor":1},{"not_picked":["potionbrewer:MicrobeSpray","potionbrewer:Toxicity","potionbrewer:Smack","potionbrewer:TimeBomb"],"picked":"potionbrewer:HazardousWaste","floor":3},{"not_picked":["potionbrewer:FortifiedSerum","potionbrewer:Experimentation","potionbrewer:Biohazard","potionbrewer:Brandish"],"picked":"potionbrewer:AnotherRound","floor":4},{"not_picked":["potionbrewer:ExothermicReaction","potionbrewer:VolatileSolution","potionbrewer:EmptyBottle","potionbrewer:IronFist","potionbrewer:Prototype"],"picked":"potionbrewer:Biohazard","floor":5}],"player_experience":613713,"relics_obtained":[{"floor":1,"key":"SynthV:TestCard"},{"floor":4,"key":"foxEvents:LuckyCharm"}],"event_choices":[],"is_beta":false,"boss_relics":[],"items_purged_floors":[],"is_endless":false,"potions_floor_spawned":[1],"killed_by":"3 Sentries","ascension_level":0}}