{"host":"4ag909k4xupnj24b","time":1611561574,"event":{"mods":["BaseMod","Minty Spire (QoL Compilation)","StSLib"],"gold_per_floor":[109,135,159,187,199,211,240,284,346,358,370,382,406,436,448,460,460],"floor_reached":16,"language":"ENG","playtime":518,"items_purged":[],"score":179,"play_id":"2d8cc52e-8506-4d0e-94fe-bacf634acb1d","local_time":"20210124235934","is_ascension_mode":true,"campfire_choices":[{"data":"Sweeping Beam","floor":6,"key":"SMITH"},{"data":"Coolheaded","floor":10,"key":"SMITH"},{"floor":15,"key":"REST"}],"circlet_count":0,"master_deck":["AscendersBane","Strike_B+1","Strike_B","Strike_B","Defend_B","Defend_B","Defend_B","Defend_B","Zap","Dualcast","Glacier+1","Sweeping Beam+1","Turbo","Coolheaded+1","Electrodynamics","Leap","Rebound"],"relics":["Cracked Core","NeowsBlessing","MawBank","Bag of Marbles","PreservedInsect"],"acts_visited":["Exordium"],"potions_floor_usage":[8,8,16],"damage_taken":[{"damage":0,"enemies":"Cultist","floor":1,"turns":1},{"damage":0,"enemies":"Jaw Worm","floor":3,"turns":1},{"damage":0,"enemies":"2 Louse","floor":4,"turns":1},{"damage":2,"enemies":"Looter","floor":7,"turns":3},{"damage":7,"enemies":"3 Sentries","floor":8,"turns":7},{"damage":7,"enemies":"Large Slime","floor":13,"turns":5},{"damage":4,"enemies":"2 Fungi Beasts","floor":14,"turns":2},{"damage":44,"enemies":"Hexaghost","floor":16,"turns":12}],"seed_played":"-4715218709220599585","potions_obtained":[{"floor":3,"key":"SkillPotion"},{"floor":7,"key":"Fire Potion"},{"floor":8,"key":"FearPotion"}],"is_trial":false,"path_per_floor":["M","T","M","M","?","R","M","E","T","R","?","?","M","M","R","B"],"character_chosen":"DEFECT","items_purchased":[],"campfire_rested":1,"item_purchase_floors":[],"current_hp_per_floor":[64,64,64,64,43,43,41,34,34,34,27,27,20,16,37,0,0],"gold":460,"neow_bonus":"THREE_ENEMY_KILL","is_daily":false,"chose_seed":false,"campfire_upgraded":2,"win_rate":0.0,"timestamp":1611561574,"path_taken":["M","?","M","M","?","R","M","E","T","R","?","?","M","M","R","BOSS"],"items_purchased_type":[],"build_version":"2020-12-22","purchased_purges":0,"victory":false,"max_hp_per_floor":[71,71,71,71,71,71,71,71,71,71,71,71,71,71,71,71,71],"card_choices":[{"not_picked":["Rebound","Aggregate"],"picked":"Glacier","floor":1},{"not_picked":["FTL","Double Energy"],"picked":"Sweeping Beam","floor":3},{"not_picked":["Hologram","Steam"],"picked":"Turbo","floor":4},{"not_picked":["Leap","Heatsinks"],"picked":"Coolheaded","floor":7},{"not_picked":["Loop","Turbo"],"picked":"Electrodynamics","floor":8},{"not_picked":["Sweeping Beam","Steam"],"picked":"Leap","floor":13},{"not_picked":["Steam","Compile Driver"],"picked":"Rebound","floor":14}],"player_experience":869337,"relics_obtained":[{"floor":2,"key":"MawBank"},{"floor":8,"key":"Bag of Marbles"},{"floor":9,"key":"PreservedInsect"}],"event_choices":[{"damage_healed":0,"gold_gain":0,"player_choice":"Entered Light","damage_taken":21,"max_hp_gain":0,"max_hp_loss":0,"event_name":"Shining Light","floor":5,"gold_loss":0,"cards_upgraded":["Strike_B","Glacier"]},{"cards_removed":["Strike_B"],"damage_healed":0,"gold_gain":0,"player_choice":"Card Removal","damage_taken":7,"max_hp_gain":0,"max_hp_loss":0,"event_name":"Golden Wing","floor":11,"gold_loss":0},{"damage_healed":0,"gold_gain":0,"player_choice":"Ignored","damage_taken":0,"max_hp_gain":0,"max_hp_loss":0,"event_name":"Liars Game","floor":12,"gold_loss":0}],"is_beta":false,"boss_relics":[],"items_purged_floors":[],"is_endless":false,"potions_floor_spawned":[3,7,8],"killed_by":"Hexaghost","ascension_level":15}}