{"host":"pletss163z7s8pvv","time":1611613914,"event":{"mods":["AchievementEnabler","BaseMod","Better Altar","Better Match","Better Note","Better Sensory Stone","Better Skull","Better Third Choice","BetterRewards","CapriCore","ChefMod","Colored Map","Colored Powertips","Conspire","Energized Spire","Evolution","GifTheSpireLib","Hermit","Ironclad Rager","Marked Mod","Minty Spire (QoL Compilation)","Retaliation","Spicy Shops","StS++","StSLib","The Blue Laboratory","The Cursed","The Disciple","The Forsaken"],"gold_per_floor":[119,131,141,11,11,11,31,31,31,48,48,48,48,64,64,165,215,233,233,16,16,34,34,45,45,45,70,9,9,22,22,22],"floor_reached":31,"language":"ENG","playtime":681,"items_purged":[],"score":320,"play_id":"cd218d32-849b-47f3-b4cf-08161a8f47ee","local_time":"20210125163154","is_ascension_mode":false,"campfire_choices":[{"floor":6,"key":"RECALL"},{"floor":11,"key":"REST"},{"data":"MarkedMod:GentlePulse","floor":13,"key":"SMITH"},{"floor":15,"key":"REST"},{"data":"Sadistic Nature","floor":23,"key":"SMITH"},{"floor":25,"key":"REST"}],"circlet_count":0,"master_deck":["StSpp:LatentStrike","StSpp:LatentStrike","StSpp:LatentStrike","StSpp:LatentStrike","EmptyBody","EmptyBody","EmptyBody","Defend_P","Eruption","Vigilance","EmptyFist","Weave","MarkedMod:GentlePulse+1","CrushJoints","StSpp:Chanting","Consecrate+1","ClearTheMind","MarkedMod:PinPointDefense","MarkedMod:GentlePulse","MarkedMod:OneThousandNeedles","SandsOfTime","Tantrum","FlurryOfBlows","FearNoEvil","EmptyBody","SpiritShield","Devotion","MasterReality","EmptyBody","EmptyFist","MarkedMod:Acupuncture","Sadistic Nature","MarkedMod:GracefulMovements","Sadistic Nature+1","SashWhip","FearNoEvil+1","FlyingSleeves","LikeWater","MarkedMod:GentlePulse","FollowUp"],"relics":["EVO:Axolotl","energizedSpire:StickyHand","StSpp:SailorCap","Singing Bowl","Tiny House","Vajra","theForsaken:ScaryMask","Potion Belt"],"acts_visited":["Exordium","TheCity"],"potions_floor_usage":[16,16,27,31],"damage_taken":[{"damage":0,"enemies":"Cultist","floor":1,"turns":4},{"damage":0,"enemies":"Small Slimes","floor":2,"turns":2},{"damage":4,"enemies":"Jaw Worm","floor":3,"turns":3},{"damage":11,"enemies":"Lots of Slimes","floor":7,"turns":3},{"damage":11,"enemies":"2 Fungi Beasts","floor":10,"turns":3},{"damage":6,"enemies":"3 Louse","floor":14,"turns":2},{"damage":32,"enemies":"The Guardian","floor":16,"turns":5},{"damage":10,"enemies":"Spheric Guardian","floor":18,"turns":3},{"damage":3,"enemies":"Chosen","floor":22,"turns":4},{"damage":37,"enemies":"Snake Plant","floor":24,"turns":4},{"damage":26,"enemies":"Book of Stabbing","floor":27,"turns":5},{"damage":29,"enemies":"Centurion and Healer","floor":30,"turns":5},{"damage":10,"enemies":"Sentry and Sphere","floor":31,"turns":3}],"seed_played":"4219026425731677756","potions_obtained":[{"floor":2,"key":"Block Potion"},{"floor":10,"key":"blueLaboratory:AlphaPotion"},{"floor":14,"key":"blueLaboratory:RecallPotion"},{"floor":17,"key":"blueLaboratory:ExaltedPotion"},{"floor":22,"key":"SteroidPotion"},{"floor":24,"key":"Ancient Potion"},{"floor":27,"key":"SkillPotion"},{"floor":30,"key":"blueLaboratory:PolymorphPotion"}],"is_trial":false,"path_per_floor":["M","M","M","$","$","R","M","$","T","M","R","?","R","M","R","B",null,"M","?","$","?","M","R","M","R","T","E","?","$","M","M"],"character_chosen":"WATCHER","items_purchased":["StSpp:SailorCap","Vajra","MarkedMod:GracefulMovements"],"campfire_rested":3,"item_purchase_floors":[4,20,20],"current_hp_per_floor":[72,72,68,68,68,68,57,57,57,46,67,67,67,63,74,42,79,71,71,71,71,68,68,31,55,55,31,31,31,4,0,0],"gold":22,"neow_bonus":"BOSS_RELIC","is_daily":false,"chose_seed":false,"campfire_upgraded":2,"win_rate":0.0,"timestamp":1611613914,"path_taken":["M","M","?","?","$","R","M","?","T","M","R","?","R","M","R","BOSS","M","?","$","?","M","R","?","R","T","E","?","$","M","M"],"items_purchased_type":["Relic","Relic","Card"],"build_version":"2020-12-22","purchased_purges":0,"victory":false,"max_hp_per_floor":[72,72,72,72,72,72,72,72,72,72,72,72,72,74,74,74,79,81,81,81,81,81,81,81,81,81,83,83,83,85,85,85],"card_choices":[{"not_picked":["EmptyFist","MarkedMod:GentlePulse"],"picked":"Weave","floor":1},{"not_picked":["CrushJoints","StSpp:Chanting"],"picked":"Consecrate","floor":2},{"not_picked":["ClearTheMind","MarkedMod:GentlePulse"],"picked":"MarkedMod:PinPointDefense","floor":3},{"not_picked":["MarkedMod:OneThousandNeedles","Tantrum"],"picked":"SandsOfTime","floor":7},{"not_picked":["FlurryOfBlows","FearNoEvil"],"picked":"EmptyBody","floor":10},{"not_picked":["FlyingSleeves","Vengeance","EmptyMind"],"picked":"Singing Bowl","floor":14},{"not_picked":["SpiritShield","MasterReality"],"picked":"Devotion","floor":16},{"not_picked":["EmptyBody","EmptyFist"],"picked":"MarkedMod:Acupuncture","floor":17},{"not_picked":["SignatureMove","CrushJoints+1","Pray"],"picked":"Singing Bowl","floor":18},{"not_picked":["SashWhip","FlyingSleeves"],"picked":"FearNoEvil+1","floor":22},{"not_picked":["LikeWater","FollowUp"],"picked":"MarkedMod:GentlePulse","floor":24},{"not_picked":["StSpp:TimeDodge+1","FlyingSleeves","JustLucky"],"picked":"Singing Bowl","floor":27},{"not_picked":["FlurryOfBlows","StSpp:Purify","JustLucky"],"picked":"Singing Bowl","floor":30}],"player_experience":451476,"relics_obtained":[{"floor":9,"key":"Singing Bowl"},{"floor":27,"key":"theForsaken:ScaryMask"}],"event_choices":[{"damage_healed":0,"gold_gain":0,"player_choice":"Searched \u00270\u0027 times","damage_taken":0,"max_hp_gain":0,"max_hp_loss":0,"event_name":"Dead Adventurer","floor":12,"gold_loss":0},{"cards_removed":["Devotion"],"damage_healed":0,"gold_gain":0,"player_choice":"Take \u0026 Give","damage_taken":0,"max_hp_gain":0,"max_hp_loss":0,"event_name":"betterNote:BetterNote","floor":19,"gold_loss":0,"cards_obtained":["Sadistic Nature"]},{"damage_healed":0,"gold_gain":0,"player_choice":"Copied","damage_taken":0,"max_hp_gain":0,"max_hp_loss":0,"event_name":"Duplicator","floor":21,"gold_loss":0,"cards_obtained":["Sadistic Nature"]},{"damage_healed":0,"gold_gain":0,"player_choice":"Paid Gold","damage_taken":0,"relics_obtained":["Potion Belt"],"max_hp_gain":0,"max_hp_loss":0,"event_name":"WeMeetAgain","floor":28,"gold_loss":61}],"is_beta":false,"boss_relics":[{"not_picked":["Snecko Eye","energizedSpire:HugeHouse"],"picked":"Tiny House"}],"items_purged_floors":[],"is_endless":false,"potions_floor_spawned":[2,10,14,22,24,27,30],"killed_by":"Sentry and Sphere","ascension_level":0}}