{"host":"5nrsd95zehlinljn","time":1611592330,"event":{"mods":["2.2 Compatiblity","BaseMod","Beaked The Cultist","Better Note","Friendly Minions","GifTheSpireLib","GungeonMod","Minty Spire (QoL Compilation)","StS++","StSLib","everything is the same but u backflip on backflip","thorton"],"gold_per_floor":[133,133,11,27,45,45,66,66,66,121,140,157,183,205,205,217,217,217],"floor_reached":16,"language":"ENG","playtime":979,"items_purged":["Normality"],"score":96,"play_id":"928af4fb-001a-4544-9491-fad5c06f800f","local_time":"20210125163210","is_ascension_mode":false,"campfire_choices":[{"data":"thethorton:BusinessCard","floor":6.0,"key":"SMITH"},{"data":"thethorton:BusinessBash","floor":8.0,"key":"SMITH"},{"data":"1","floor":15.0,"key":"LIFT"}],"circlet_count":0,"master_deck":["thethorton:Strike","thethorton:Strike+1","thethorton:Strike","thethorton:Strike","thethorton:Defend+1","thethorton:Defend","thethorton:Defend","thethorton:Defend","thethorton:Heckle","thethorton:CreditCard","thethorton:BusinessBash+1","thethorton:PocketChange","thethorton:BusinessCard+1","thethorton:BoardroomBlast","thethorton:BusinessBoom","thethorton:BusinessCard","thethorton:BusinessBurst","thethorton:PocketChange"],"relics":["thethorton:CouragePotion","Boot","Meat on the Bone","Pen Nib","Nunchaku","Girya"],"acts_visited":["Exordium"],"potions_floor_usage":[16],"damage_taken":[{"damage":7.0,"enemies":"2 Louse","floor":1.0,"turns":4.0},{"damage":3.0,"enemies":"Jaw Worm","floor":4.0,"turns":3.0},{"damage":0.0,"enemies":"Cultist","floor":5.0,"turns":3.0},{"damage":4.0,"enemies":"Exordium Thugs","floor":7.0,"turns":5.0},{"damage":0.0,"enemies":"3 Louse","floor":11.0,"turns":3.0},{"damage":18.0,"enemies":"Gremlin Gang","floor":12.0,"turns":4.0},{"damage":9.0,"enemies":"Red Slaver","floor":13.0,"turns":4.0},{"damage":9.0,"enemies":"Looter","floor":14.0,"turns":4.0},{"damage":40,"enemies":"The Guardian","floor":16,"turns":7}],"seed_played":"-3290629583239230424","potions_obtained":[{"floor":1.0,"key":"Energy Potion"},{"floor":5.0,"key":"EssenceOfSteel"},{"floor":13.0,"key":"GamblersBrew"}],"is_trial":false,"path_per_floor":["M","?","$","M","M","R","M","R","T","T","M","M","M","M","R","B"],"character_chosen":"THE_THORT","items_purchased":["thethorton:PocketChange"],"campfire_rested":0,"item_purchase_floors":[3],"current_hp_per_floor":[61,47,47,44,44,44,40,40,40,40,40,34,37,40,40,0,0,0],"gold":217,"neow_bonus":"RANDOM_COMMON_RELIC","is_daily":false,"chose_seed":false,"campfire_upgraded":2,"win_rate":0.0,"timestamp":1611592330,"path_taken":["M","?","$","M","M","R","M","R","T","?","M","M","M","M","R","BOSS"],"items_purchased_type":["Card"],"build_version":"2020-12-22","purchased_purges":1,"victory":false,"max_hp_per_floor":[68,68,68,68,68,68,68,68,68,68,68,68,68,68,68,68,68,68],"card_choices":[{"not_picked":["thethorton:AngerMoment","thethorton:LongDaysWork"],"picked":"thethorton:BusinessBash","floor":1.0},{"not_picked":["thethorton:ChartProject","thethorton:RunningKick"],"picked":"thethorton:BusinessCard","floor":4.0},{"not_picked":["thethorton:LastDitchEffort","thethorton:BookBash"],"picked":"thethorton:BoardroomBlast","floor":5.0},{"not_picked":["thethorton:SicklyRun","thethorton:CallIn"],"picked":"thethorton:BusinessBoom","floor":7.0},{"not_picked":["thethorton:SheetShred","thethorton:CoinShield"],"picked":"thethorton:BusinessCard","floor":11.0},{"not_picked":["thethorton:HitAhead","thethorton:CoinClash"],"picked":"thethorton:BusinessBurst","floor":12.0},{"not_picked":["thethorton:BookBash","thethorton:BoardroomBlast","thethorton:LongTermPayoff"],"picked":"SKIP","floor":13.0},{"not_picked":["thethorton:SicklyRun","thethorton:RunningKick"],"picked":"thethorton:PocketChange","floor":14.0}],"player_experience":2708439,"relics_obtained":[{"floor":9.0,"key":"Meat on the Bone"},{"floor":10.0,"key":"Pen Nib"}],"event_choices":[{"damage_healed":0.0,"max_hp_gain":0.0,"max_hp_loss":0.0,"gold_gain":0.0,"event_name":"Shining Light","player_choice":"Entered Light","floor":2.0,"gold_loss":0.0,"damage_taken":14.0,"cards_upgraded":["thethorton:Strike","thethorton:Defend"]}],"is_beta":false,"boss_relics":[],"items_purged_floors":[3],"is_endless":false,"potions_floor_spawned":[1,5,13],"killed_by":"The Guardian","ascension_level":0}}