{"host":"d73an99q9oevilk5","time":1611576461,"event":{"mods":["2.2 Compatiblity","AchievementEnabler","Act Like it!","Aspiration","BaseMod","Beaked The Cultist","Better Third Choice","BetterRewards","Colored Map","Colored Powertips","Conspire","GifTheSpireLib","Halation","Hubris","Infinite Spire","Mimic Mod","Minty Spire (QoL Compilation)","Quick Restart","Relic Sorter","Replay The Spire","Shop Mod","Spikes Relics","StSLib","Stuff the Spire","The Cursed","The Necromancer","The Saiyan","Waifu the Spire","egg","slay the spire mod where everything is the same but ironclad has a cowboy hat"],"gold_per_floor":[115,115,135,135,135,135,161,161,161,161,86,105,120,137,137,235,235,251,65,65,65,77,77,77],"floor_reached":23,"language":"ENG","playtime":731,"items_purged":["hubris:Despair","Amnesia"],"score":189,"play_id":"24b05654-4125-4620-9830-1ecdc87aa69f","local_time":"20210125050741","is_ascension_mode":false,"campfire_choices":[{"data":"beaked:Ceremony","floor":6.0,"key":"SMITH"},{"data":"beaked:BloodRitual","floor":8.0,"key":"SMITH"},{"data":"beaked:Ceremony","floor":10.0,"key":"SMITH"},{"data":"beaked:Ceremony","floor":15.0,"key":"SMITH"}],"circlet_count":0,"master_deck":["beaked:Strike_Y","beaked:Strike_Y","beaked:Strike_Y","beaked:Strike_Y","beaked:Strike_Y","beaked:Strike_Y","beaked:Defend_Y","beaked:Defend_Y","beaked:Defend_Y","beaked:Defend_Y","beaked:Ceremony+1","beaked:Ceremony+1","beaked:Ceremony+1","Replay:Hysterical Blindness","Regret","beaked:BloodRitual+1","beaked:Foresight","beaked:AwakenedForm","Apotheosis","beaked:Insight"],"relics":["beaked:MendingPlumage","infinitespire:Eraser","aspiration:SecretTechniqueScroll","halation:LostSnail","Cursed Key","StuffTheSpire:RedRose","StuffTheSpire:TintedRock","halation:PromiseList","Replay:Grab Bag","conspire:SlowCooker","hubris:TerracottaHorce","hubris:HollowSoul","hubris:ScarierMask","Peace Pipe"],"acts_visited":["TheCity"],"potions_floor_usage":[23,23],"damage_taken":[{"damage":4.0,"enemies":"conspire:RoseBush","floor":1.0,"turns":4.0},{"damage":6.0,"enemies":"2 Louse","floor":3.0,"turns":3.0},{"damage":24.0,"enemies":"Lagavulin","floor":7.0,"turns":6.0},{"damage":17.0,"enemies":"Jaw Worm","floor":12.0,"turns":4.0},{"damage":20.0,"enemies":"Red Slaver","floor":13.0,"turns":4.0},{"damage":0.0,"enemies":"Large Slime","floor":14.0,"turns":5.0},{"damage":53.0,"enemies":"Hexaghost","floor":16.0,"turns":7.0},{"damage":46.0,"enemies":"2 Thieves","floor":18.0,"turns":5.0},{"damage":11.0,"enemies":"Shell Parasite","floor":22.0,"turns":6.0},{"damage":0,"enemies":"Gremlin Leader","floor":23,"turns":1}],"seed_played":"-9165124556925720411","potions_obtained":[{"floor":3.0,"key":"Explosive Potion"},{"floor":13.0,"key":"Strength Potion"},{"floor":16.0,"key":"Fire Potion"},{"floor":18.0,"key":"Milkshake"}],"is_trial":false,"path_per_floor":["M","AVR","M","?","?","R","E","R","T","R","$","M","M","M","R","B",null,"M","$","?","AVR","M","E"],"character_chosen":"BEAKED_THE_CULTIST","items_purchased":["Apotheosis"],"campfire_rested":0,"item_purchase_floors":[19],"current_hp_per_floor":[47,47,50,50,50,50,37,37,37,37,37,34,25,40,40,18,42,15,15,7,7,20,11,11],"gold":77,"neow_bonus":"CURSED_BOSS_RELIC","is_daily":false,"chose_seed":false,"campfire_upgraded":4,"win_rate":0.0,"timestamp":1611576461,"path_taken":["M","AVR","M","?","?","R","E","R","T","R","?","M","M","M","R","BOSS","M","$","?","AVR","M","E"],"items_purchased_type":["Card"],"build_version":"2020-12-22","purchased_purges":2,"victory":false,"max_hp_per_floor":[50,50,50,50,50,50,50,50,50,50,50,50,50,50,50,50,50,50,50,55,55,55,11,11],"card_choices":[{"not_picked":["beaked:FeelMyPain","beaked:RuinSticks","beaked:Redirect"],"picked":"SKIP","floor":1.0},{"not_picked":["beaked:BloodForTheGods","beaked:Resilience","beaked:SurvivalInstinct"],"picked":"SKIP","floor":3.0},{"not_picked":["beaked:Daydream","beaked:Redirect"],"picked":"beaked:BloodRitual","floor":7.0},{"not_picked":["beaked:WarriorEssence","beaked:SacrificialAttack","beaked:Redirect"],"picked":"SKIP","floor":12.0},{"not_picked":["beaked:RuinSticks","ReplayTheSpireMod:Owlgaze"],"picked":"beaked:Foresight","floor":13.0},{"not_picked":["beaked:Tweet","beaked:Devastation","beaked:Cower"],"picked":"SKIP","floor":14.0},{"not_picked":["ReplayTheSpireMod:Owlgaze","beaked:FakeOut"],"picked":"beaked:AwakenedForm","floor":16.0},{"not_picked":["beaked:Windmill+1","beaked:HuntressEssence+1","beaked:StunningBlow"],"picked":"SKIP","floor":18.0},{"not_picked":["beaked:BraceForImpact","beaked:FeelMyPain+1"],"picked":"beaked:Insight","floor":22.0}],"player_experience":1779513,"relics_obtained":[{"floor":4.0,"key":"infinitespire:Eraser"},{"floor":7.0,"key":"StuffTheSpire:TintedRock"},{"floor":9.0,"key":"halation:PromiseList"}],"event_choices":[{"damage_healed":0.0,"max_hp_gain":5.0,"max_hp_loss":0.0,"gold_gain":0.0,"event_name":"Forgotten Altar","player_choice":"Shed Blood","floor":20.0,"gold_loss":0.0,"damage_taken":13.0}],"is_beta":false,"boss_relics":[{"not_picked":["aspiration:FutureDiary","halation:ForbiddenBikini"],"picked":"Replay:Grab Bag"},{"not_picked":["Fusion Hammer","Philosopher\u0027s Stone"],"picked":"conspire:SlowCooker"},{"not_picked":["ReplayTheSpireMod:Onyx Gauntlets","hubris:GrandSneckoEye"],"picked":"hubris:TerracottaHorce"},{"not_picked":["halation:LoveArrow","halation:Prosthetics"],"picked":"hubris:HollowSoul"}],"items_purged_floors":[11,21],"is_endless":false,"potions_floor_spawned":[3,13,16,18],"killed_by":"Gremlin Leader","ascension_level":0}}