{"host":"39i3emxub3h8uyq3","time":1611540593,"event":{"mods":["AchievementEnabler","BaseMod","Clockwork Mod","Colored Map","Downfall","Glutton Mod","Gold Saver","Minty Spire (QoL Compilation)","StSLib","TheHeartMod"],"gold_per_floor":[113,89,89,89,101,101,111,111,138,152,171,18,38,38,38,141,141,159,12,12,32,32,32,48,48,74,86,104,124,124,124],"floor_reached":30,"language":"ENG","playtime":1594,"items_purged":[],"score":224,"play_id":"aed2e1f5-9efb-41e7-bdb9-d098a63894e3","local_time":"20210124210953","is_ascension_mode":false,"campfire_choices":[{"data":"Strike_R","floor":6,"key":"SMITH"},{"data":"Perfected Strike","floor":8,"key":"SMITH"},{"data":"Armaments","floor":15,"key":"SMITH"},{"data":"Fire Breathing","floor":23,"key":"SMITH"},{"floor":25,"key":"REST"}],"circlet_count":0,"master_deck":["Strike_R","Strike_R+1","Strike_R","Strike_R+1","Strike_R+1","Defend_R","Defend_R","Defend_R","Defend_R","Bash","Fire Breathing+1","Warcry","Perfected Strike+1","Pommel Strike","Dropkick","Armaments+1","Impervious","Power Through+1","Shame","Cleave+1","Power Through+1","Whirlwind","Anger+1","Shrug It Off+1"],"relics":["Black Blood","Ancient Tea Set","Whetstone","Bag of Marbles","Anchor","Blood Vial"],"acts_visited":["Exordium","TheCity"],"potions_floor_usage":[10,16,30],"damage_taken":[{"damage":6,"enemies":"2 Louse","floor":1,"turns":3},{"damage":11,"enemies":"Jaw Worm","floor":5,"turns":5},{"damage":0,"enemies":"Small Slimes","floor":7,"turns":3},{"damage":2,"enemies":"2 Fungi Beasts","floor":10,"turns":2},{"damage":18,"enemies":"Exordium Wildlife","floor":11,"turns":4},{"damage":5,"enemies":"Looter","floor":13,"turns":2},{"damage":55,"enemies":"The Guardian","floor":16,"turns":10},{"damage":36,"enemies":"Shell Parasite","floor":18,"turns":7},{"damage":5,"enemies":"3 Byrds","floor":21,"turns":7},{"damage":27,"enemies":"Snecko","floor":24,"turns":6},{"damage":18,"enemies":"Snake Plant","floor":27,"turns":5},{"damage":45,"enemies":"Sentry and Sphere","floor":28,"turns":6},{"damage":16,"enemies":"Centurion and Healer","floor":29,"turns":9},{"damage":51,"enemies":"Book of Stabbing","floor":30,"turns":7}],"seed_played":"-2650758726483967201","potions_obtained":[{"floor":5,"key":"BlessingOfTheForge"},{"floor":7,"key":"Explosive Potion"},{"floor":11,"key":"Ancient Potion"},{"floor":13,"key":"hexamod:SoulburnPotion"},{"floor":24,"key":"SmokeBomb"},{"floor":29,"key":"DuplicationPotion"}],"is_trial":false,"path_per_floor":["M","?","?","$","M","R","M","R","T","M","M","$","M","$","R","B",null,"M","$","?","M","?","R","M","R","T","M","M","M","E"],"character_chosen":"IRONCLAD","items_purchased":["Whetstone","Bag of Marbles"],"campfire_rested":1,"item_purchase_floors":[12,19],"current_hp_per_floor":[88,88,88,88,83,83,88,88,88,88,76,76,77,77,77,28,88,64,64,64,71,71,71,56,82,82,78,47,45,0,0],"gold":124,"neow_bonus":"TEN_PERCENT_HP_BONUS","is_daily":false,"chose_seed":false,"campfire_upgraded":4,"win_rate":0.0,"timestamp":1611540593,"path_taken":["M","?","?","$","M","R","M","R","T","M","M","$","M","$","R","BOSS","M","$","?","M","?","R","M","R","T","M","M","M","E"],"items_purchased_type":["Relic","Relic"],"build_version":"2020-12-22","purchased_purges":0,"victory":false,"max_hp_per_floor":[88,88,88,88,88,88,88,88,88,88,88,88,88,88,88,88,88,88,88,88,88,88,88,88,88,88,88,88,88,88,88],"card_choices":[{"not_picked":["Body Slam","Sword Boomerang"],"picked":"Fire Breathing","floor":1},{"not_picked":["Feel No Pain","Rupture"],"picked":"Warcry","floor":5},{"not_picked":["Clash","Flame Barrier"],"picked":"Perfected Strike","floor":7},{"not_picked":["Pummel","Perfected Strike"],"picked":"Pommel Strike","floor":10},{"not_picked":["Rage","Body Slam"],"picked":"Dropkick","floor":11},{"not_picked":["Iron Wave","Disarm"],"picked":"Armaments","floor":13},{"not_picked":["Barricade","Offering"],"picked":"Impervious","floor":16},{"not_picked":["Wild Strike","Flex+1"],"picked":"Power Through+1","floor":18},{"not_picked":["Clothesline","Wild Strike"],"picked":"Cleave+1","floor":21},{"not_picked":["Body Slam","Hemokinesis+1"],"picked":"Power Through+1","floor":24},{"not_picked":["Flex","Warcry"],"picked":"Whirlwind","floor":27},{"not_picked":["Clothesline","Havoc+1"],"picked":"Anger+1","floor":28},{"not_picked":["Iron Wave","Warcry"],"picked":"Shrug It Off+1","floor":29}],"player_experience":52285,"relics_obtained":[{"floor":9,"key":"Ancient Tea Set"},{"floor":26,"key":"Blood Vial"}],"event_choices":[{"damage_healed":0,"gold_gain":0,"player_choice":"Left Gold","damage_taken":0,"max_hp_gain":0,"max_hp_loss":0,"event_name":"World of Goop","floor":2,"gold_loss":24},{"damage_healed":0,"gold_gain":0,"player_choice":"Ignored","damage_taken":0,"max_hp_gain":0,"max_hp_loss":0,"event_name":"Shining Light","floor":3,"gold_loss":0},{"damage_healed":0,"gold_gain":0,"player_choice":"Stole Relic","damage_taken":0,"relics_obtained":["Anchor"],"max_hp_gain":0,"max_hp_loss":0,"event_name":"Addict","floor":20,"gold_loss":0,"cards_obtained":["Shame"]}],"is_beta":false,"boss_relics":[{"not_picked":["Sozu","Velvet Choker"],"picked":"Black Blood"}],"items_purged_floors":[],"is_endless":false,"potions_floor_spawned":[5,7,11,13,24,27,28,29],"killed_by":"Book of Stabbing","ascension_level":0}}