{"host":"y7b1p9nkx4idorr2","time":1611570211,"event":{"mods":["AchievementEnabler","Act Like it!","BaseMod","Colored Map","Downfall","GifTheSpireLib","Googly Eyes","Highlight Path","Mimic Mod","Minty Spire (QoL Compilation)","Shop Mod","Spicy Shops","StSLib","Unceasing Turn Reminder"],"gold_per_floor":[99,114,129,129,143,156,156,156,171,200,350,369,369,469,484,484,484,484],"floor_reached":16,"language":"ENG","playtime":1470,"items_purged":[],"score":104,"play_id":"b923c42f-3a69-459c-9740-d574bdb3abcb","local_time":"20210125042331","is_ascension_mode":false,"campfire_choices":[{"floor":1,"key":"RECALL"}],"circlet_count":0,"master_deck":["Guardian:Strike_Guardian","Guardian:Strike_Guardian","Guardian:Strike_Guardian","Guardian:Defend_Guardian+1","Guardian:Defend_Guardian","Guardian:Defend_Guardian","Guardian:Defend_Guardian+1","Guardian:CurlUp","Guardian:TwinSlam","Guardian:Gem_Purple","Guardian:BodySlam","Guardian:ShieldCharger+1","Guardian:AncientConstruct","Guardian:BronzeOrb","Guardian:Gem_Fragmented","downfall:Icky","Guardian:PolyBeam","Guardian:RevengeProtocol","Guardian:Gem_Cyan"],"relics":["Guardian:ModeShifter","Boot","Kunai","Potion Belt"],"acts_visited":["Exordium"],"potions_floor_usage":[14,14,16,16,16],"damage_taken":[{"damage":11,"enemies":"Jaw Worm","floor":2,"turns":4},{"damage":1,"enemies":"Cultist","floor":3,"turns":5},{"damage":0,"enemies":"2 Louse","floor":5,"turns":2},{"damage":5,"enemies":"2 Fungi Beasts","floor":6,"turns":4},{"damage":0,"enemies":"3 Louse","floor":9,"turns":5},{"damage":18,"enemies":"3 Sentries","floor":10,"turns":14},{"damage":8,"enemies":"Red Slaver","floor":12,"turns":4},{"damage":16,"enemies":"downfall:LadyInBlue","floor":14,"turns":10},{"damage":2,"enemies":"2 Fungi Beasts","floor":15,"turns":2},{"damage":25,"enemies":"IC_STATUS_ARCHETYPE","floor":16,"turns":8}],"seed_played":"-8384453345268959969","potions_obtained":[{"floor":5,"key":"SpeedPotion"},{"floor":6,"key":"hexamod:SoulburnPotion"},{"floor":10,"key":"LiquidBronze"},{"floor":14,"key":"Dexterity Potion"},{"floor":14,"key":"sneckomod:MuddlingPotion"},{"floor":14,"key":"BlessingOfTheForge"}],"is_trial":false,"path_per_floor":["R","M","M","?","M","M","T","?","M","E","?","M","?","?","M","B"],"character_chosen":"GUARDIAN","items_purchased":[],"campfire_rested":0,"item_purchase_floors":[],"current_hp_per_floor":[80,69,68,68,68,63,63,63,63,45,45,37,37,21,19,0,0,0],"gold":484,"neow_bonus":"RANDOM_COMMON_RELIC","is_daily":false,"chose_seed":false,"campfire_upgraded":0,"win_rate":0.0,"timestamp":1611570211,"path_taken":["R","M","M","?","?","M","T","?","M","E","?","M","?","?","M","BOSS"],"items_purchased_type":[],"build_version":"2020-12-22","purchased_purges":0,"victory":false,"max_hp_per_floor":[80,80,80,80,80,80,80,80,80,80,80,80,80,80,80,80,80,80],"card_choices":[{"not_picked":["Guardian:ChargeCore","Guardian:Gem_Fragmented"],"picked":"Guardian:Gem_Purple","floor":2},{"not_picked":["Guardian:BronzeArmor","Guardian:Gem_Cyan"],"picked":"Guardian:BodySlam","floor":3},{"not_picked":["Guardian:Incinerate","Guardian:Reroute"],"picked":"Guardian:ShieldCharger","floor":5},{"not_picked":["Guardian:Recover","Guardian:FloatingOrbs"],"picked":"Guardian:AncientConstruct","floor":6},{"not_picked":["Guardian:ChargeCore","Guardian:Reroute"],"picked":"Guardian:BronzeOrb","floor":9},{"not_picked":["Guardian:Suspension","Guardian:Orbwalk"],"picked":"Guardian:Gem_Fragmented","floor":10},{"not_picked":["Guardian:TemporalShield","Guardian:ChargeCore"],"picked":"Guardian:PolyBeam","floor":12},{"not_picked":["Guardian:ShieldCharger","Guardian:ArmoredProtocol"],"picked":"Guardian:RevengeProtocol","floor":14},{"not_picked":["Guardian:PiercingHide","Guardian:PrismaticBarrier"],"picked":"Guardian:Gem_Cyan","floor":15}],"player_experience":2192211,"relics_obtained":[{"floor":10,"key":"Kunai"},{"floor":14,"key":"Potion Belt"}],"event_choices":[{"cards_removed":["downfall:Malfunctioning"],"damage_healed":0,"gold_gain":0,"player_choice":"Card Removal","damage_taken":0,"max_hp_gain":0,"max_hp_loss":0,"event_name":"The Cleric","floor":13,"gold_loss":0}],"is_beta":false,"boss_relics":[],"items_purged_floors":[],"is_endless":false,"potions_floor_spawned":[5,6,10],"killed_by":"IC_STATUS_ARCHETYPE","ascension_level":0}}