{"host":"7sqhl7p0q0irnjd4","time":1611537265,"event":{"mods":["AchievementEnabler","BaseMod","Bestiary","Colored Map","Colored Powertips","Filter the Spire","Minty Spire (QoL Compilation)","Relic Stats","everything is the same but u backflip on backflip","ojb\u0027s Info Mod"],"gold_per_floor":[110,130,305,8,8,8,43,62,62,78,108,127,157,177,177,279,279,290,314,91,108,33,59,71,98,98,126,126,146,146,160,160,257,307,326,345,395,365,375,410,410,437,513,527,541,559,559,99,99,99,99,99,20,47,47],"floor_reached":56,"language":"ENG","playtime":4928,"items_purged":["Doubt","Strike_P","Defend_P"],"score":1415,"play_id":"d8a84d80-6664-49ec-824c-34c10d816ed4","local_time":"20210124201425","is_ascension_mode":true,"campfire_choices":[{"floor":6,"key":"RECALL"},{"floor":15,"key":"REST"},{"floor":32,"key":"REST"},{"floor":41,"key":"DIG"},{"floor":47,"key":"DIG"},{"floor":49,"key":"DIG"},{"floor":52,"key":"DIG"}],"circlet_count":0,"master_deck":["Strike_P+1","Strike_P+1","Defend_P","Defend_P","Defend_P","Eruption","Vigilance","Evaluate","Adaptation","BattleHymn","ThirdEye","ThirdEye","Consecrate","ReachHeaven","DeusExMachina+1","Apotheosis","Tantrum","Ragnarok","Ghostly","Ghostly","Ghostly","Ghostly","Ghostly","DevaForm","Halt+1","CutThroughFate+1","CutThroughFate+1"],"relics":["Fusion Hammer","Whetstone","Meat on the Bone","Singing Bowl","Smiling Mask","StoneCalendar","Runic Pyramid","Bag of Marbles","Bag of Preparation","Bird Faced Urn","Kunai","Calipers","Tiny House","Shovel","Pantograph","Anchor","Bronze Scales","Pear","Bottled Tornado","Toolbox","Happy Flower","Gremlin Horn","Pen Nib"],"acts_visited":["Exordium","TheCity","TheBeyond","TheEnding"],"potions_floor_usage":[7,13,13,18,23,25,27,36,40,42,42,45,50,50,50,55,55],"damage_taken":[{"damage":0,"enemies":"Small Slimes","floor":1,"turns":3},{"damage":0,"enemies":"2 Louse","floor":2,"turns":2},{"damage":29,"enemies":"3 Sentries","floor":7,"turns":9},{"damage":0,"enemies":"Cultist","floor":8,"turns":3},{"damage":5,"enemies":"3 Louse","floor":10,"turns":3},{"damage":9,"enemies":"Lagavulin","floor":11,"turns":6},{"damage":8,"enemies":"Looter","floor":12,"turns":3},{"damage":12,"enemies":"Gremlin Nob","floor":13,"turns":4},{"damage":0,"enemies":"Large Slime","floor":14,"turns":3},{"damage":47,"enemies":"The Guardian","floor":16,"turns":8},{"damage":25,"enemies":"2 Thieves","floor":18,"turns":4},{"damage":0,"enemies":"Chosen","floor":21,"turns":3},{"damage":35,"enemies":"Slavers","floor":23,"turns":4},{"damage":1,"enemies":"Snecko","floor":24,"turns":3},{"damage":0,"enemies":"Gremlin Leader","floor":25,"turns":3},{"damage":22,"enemies":"Book of Stabbing","floor":27,"turns":4},{"damage":17,"enemies":"Snake Plant","floor":29,"turns":3},{"damage":1,"enemies":"Centurion and Healer","floor":31,"turns":5},{"damage":6,"enemies":"Collector","floor":33,"turns":7},{"damage":3,"enemies":"3 Darklings","floor":35,"turns":6},{"damage":18,"enemies":"3 Shapes","floor":36,"turns":3},{"damage":0,"enemies":"Mind Bloom Boss Battle","floor":37,"turns":5},{"damage":0,"enemies":"Sphere and 2 Shapes","floor":39,"turns":5},{"damage":30,"enemies":"Reptomancer","floor":40,"turns":6},{"damage":0,"enemies":"Nemesis","floor":42,"turns":5},{"damage":7,"enemies":"4 Shapes","floor":44,"turns":6},{"damage":1,"enemies":"Writhing Mass","floor":45,"turns":6},{"damage":2,"enemies":"Jaw Worm Horde","floor":46,"turns":4},{"damage":3,"enemies":"Awakened One","floor":50,"turns":9},{"damage":28,"enemies":"Shield and Spear","floor":54,"turns":5},{"damage":64,"enemies":"The Heart","floor":55,"turns":9}],"seed_played":"-1666071289793470999","potions_obtained":[{"floor":2,"key":"Dexterity Potion"},{"floor":5,"key":"SkillPotion"},{"floor":5,"key":"Strength Potion"},{"floor":8,"key":"Swift Potion"},{"floor":10,"key":"DistilledChaos"},{"floor":16,"key":"Fire Potion"},{"floor":21,"key":"LiquidMemories"},{"floor":23,"key":"GamblersBrew"},{"floor":24,"key":"Ancient Potion"},{"floor":33,"key":"Explosive Potion"},{"floor":34,"key":"DistilledChaos"},{"floor":38,"key":"LiquidMemories"},{"floor":38,"key":"BottledMiracle"},{"floor":40,"key":"Block Potion"},{"floor":42,"key":"Energy Potion"},{"floor":44,"key":"Explosive Potion"},{"floor":46,"key":"ColorlessPotion"},{"floor":54,"key":"Fire Potion"}],"is_trial":false,"path_per_floor":["M","M","?","$","?","R","E","M","T","M","E","M","E","M","R","B",null,"M","T","$","M","?","E","M","E","T","E","?","M","?","M","R","B",null,"M","M","?","?","M","E","R","E","T","M","M","M","R","$","R","B",null,"R","$","E","B",null],"character_chosen":"WATCHER","items_purchased":["StancePotion","Whetstone","Apotheosis","Bottled Tornado","Toolbox","StancePotion"],"campfire_rested":2,"item_purchase_floors":[4,4,20,48,48,53],"current_hp_per_floor":[72,72,72,72,72,72,43,43,43,38,43,49,49,49,71,36,76,53,53,53,53,53,32,45,45,45,41,25,26,26,31,45,41,54,54,38,46,46,52,40,40,46,46,47,54,60,70,70,70,75,76,76,76,54,28],"gold":47,"neow_bonus":"BOSS_RELIC","is_daily":false,"chose_seed":false,"campfire_upgraded":0,"win_rate":0.0,"timestamp":1611537265,"path_taken":["M","M","?","$","?","R","E","M","T","M","E","M","E","M","R","BOSS","M","?","$","M","?","E","M","E","T","E","?","M","?","M","R","BOSS","M","M","?","?","M","E","R","E","T","M","?","M","R","$","R","BOSS","R","$","E","BOSS"],"items_purchased_type":["Potion","Relic","Card","Relic","Relic","Potion"],"build_version":"2020-12-22","purchased_purges":3,"victory":true,"max_hp_per_floor":[72,72,72,72,72,72,72,72,72,72,74,76,76,76,76,76,76,78,78,78,78,78,80,82,82,82,84,89,91,45,47,47,47,54,54,56,58,58,60,60,60,60,60,62,64,66,76,76,76,76,76,76,76,78,78],"relic_stats":{"Singing Bowl":32,"Happy Flower":[7],"Gremlin Horn":[1,1],"counters":[31,149],"StoneCalendar":[218],"Pen Nib":[2],"Bag of Preparation":[37],"Whetstone":["Strike_P","Strike_P"],"Smiling Mask":125,"Shovel":4,"Bird Faced Urn":[65],"Pantograph":30,"Bronze Scales":[204],"Kunai":[33],"obtain_stats":[{"Calipers":27,"Tiny House":34,"Pear":47,"Singing Bowl":9,"Happy Flower":49,"Gremlin Horn":52,"StoneCalendar":13,"Pen Nib":54,"Bag of Preparation":23,"Whetstone":4,"Bottled Tornado":48,"Smiling Mask":11,"Anchor":41,"Shovel":37,"Bird Faced Urn":25,"Pantograph":40,"Bronze Scales":42,"Toolbox":48,"Fusion Hammer":0,"Bag of Marbles":19,"Kunai":26,"PureWater":0,"Meat on the Bone":7,"Runic Pyramid":17},{"Calipers":16,"Tiny House":19,"Pear":28,"Singing Bowl":4,"Happy Flower":28,"Gremlin Horn":29,"StoneCalendar":8,"Pen Nib":30,"Bag of Preparation":13,"Whetstone":2,"Bottled Tornado":28,"Smiling Mask":6,"Anchor":24,"Shovel":22,"Bird Faced Urn":15,"Pantograph":24,"Bronze Scales":25,"Toolbox":28,"Fusion Hammer":0,"Bag of Marbles":11,"Kunai":15,"PureWater":0,"Meat on the Bone":3,"Runic Pyramid":10},{"Calipers":65,"Tiny House":80,"Pear":126,"Singing Bowl":17,"Happy Flower":126,"Gremlin Horn":135,"StoneCalendar":33,"Pen Nib":140,"Bag of Preparation":55,"Whetstone":5,"Bottled Tornado":126,"Smiling Mask":26,"Anchor":105,"Shovel":94,"Bird Faced Urn":61,"Pantograph":105,"Bronze Scales":110,"Toolbox":126,"Fusion Hammer":0,"Bag of Marbles":48,"Kunai":61,"PureWater":0,"Meat on the Bone":14,"Runic Pyramid":44}],"Meat on the Bone":120},"card_choices":[{"not_picked":["ClearTheMind","Protect"],"picked":"Evaluate","floor":1},{"not_picked":["EmptyBody","ClearTheMind"],"picked":"Adaptation","floor":2},{"not_picked":["Halt","JustLucky"],"picked":"BattleHymn","floor":7},{"not_picked":["Evaluate","InnerPeace"],"picked":"ThirdEye","floor":8},{"not_picked":["SignatureMove","SashWhip"],"picked":"ThirdEye","floor":10},{"not_picked":["BattleHymn","EmptyFist","FollowUp"],"picked":"Singing Bowl","floor":11},{"not_picked":["PathToVictory","Pray","Brilliance"],"picked":"Singing Bowl","floor":12},{"not_picked":["ClearTheMind","ThirdEye"],"picked":"Consecrate","floor":13},{"not_picked":["PathToVictory","Protect"],"picked":"ReachHeaven","floor":14},{"not_picked":["Devotion","Establishment"],"picked":"DeusExMachina","floor":16},{"not_picked":["Consecrate","WindmillStrike+1","CrushJoints"],"picked":"Singing Bowl","floor":18},{"not_picked":["FlyingSleeves","BattleHymn"],"picked":"Tantrum","floor":21},{"not_picked":["EmptyMind","FollowUp","Protect"],"picked":"Singing Bowl","floor":23},{"not_picked":["JustLucky","FollowUp","SashWhip"],"picked":"Singing Bowl","floor":24},{"not_picked":["Prostrate+1","SandsOfTime"],"picked":"Ragnarok","floor":25},{"not_picked":["BowlingBash","Consecrate","Collect"],"picked":"Singing Bowl","floor":27},{"not_picked":["PathToVictory","Crescendo","JustLucky"],"picked":"Singing Bowl","floor":29},{"not_picked":["Swivel","BowlingBash","WaveOfTheHand"],"picked":"Singing Bowl","floor":31},{"not_picked":["Omniscience","Blasphemy"],"picked":"DevaForm","floor":33},{"not_picked":["Conclude","WindmillStrike","Prostrate"],"picked":"Singing Bowl","floor":34},{"not_picked":["Evaluate","EmptyBody+1"],"picked":"Halt+1","floor":35},{"not_picked":["Vengeance","WindmillStrike","PathToVictory"],"picked":"Singing Bowl","floor":36},{"not_picked":["ThirdEye","EmptyMind","Judgement"],"picked":"Singing Bowl","floor":37},{"not_picked":["Meditate","FlurryOfBlows","FollowUp"],"picked":"Singing Bowl","floor":39},{"not_picked":["SashWhip","WreathOfFlame+1"],"picked":"CutThroughFate+1","floor":40},{"not_picked":["Prostrate+1","Crescendo"],"picked":"CutThroughFate+1","floor":42},{"not_picked":["Conclude+1","LikeWater+1","CutThroughFate"],"picked":"Singing Bowl","floor":44},{"not_picked":["JustLucky","Collect+1","Meditate"],"picked":"Singing Bowl","floor":45},{"not_picked":["Swivel+1","FollowUp","Pray"],"picked":"Singing Bowl","floor":46},{"not_picked":["Ragnarok","Worship","SignatureMove+1"],"picked":"Singing Bowl","floor":54}],"player_experience":338687,"relics_obtained":[{"floor":7,"key":"Meat on the Bone"},{"floor":9,"key":"Singing Bowl"},{"floor":11,"key":"Smiling Mask"},{"floor":13,"key":"StoneCalendar"},{"floor":19,"key":"Bag of Marbles"},{"floor":23,"key":"Bag of Preparation"},{"floor":25,"key":"Bird Faced Urn"},{"floor":26,"key":"Kunai"},{"floor":27,"key":"Calipers"},{"floor":37,"key":"Shovel"},{"floor":40,"key":"Pantograph"},{"floor":41,"key":"Anchor"},{"floor":42,"key":"Bronze Scales"},{"floor":47,"key":"Pear"},{"floor":49,"key":"Happy Flower"},{"floor":52,"key":"Gremlin Horn"},{"floor":54,"key":"Pen Nib"}],"event_choices":[{"damage_healed":0,"gold_gain":175,"player_choice":"AGREE","damage_taken":0,"max_hp_gain":0,"max_hp_loss":0,"event_name":"Liars Game","floor":3,"gold_loss":0,"cards_obtained":["Doubt"]},{"damage_healed":0,"gold_gain":0,"player_choice":"Got Potions","damage_taken":0,"max_hp_gain":0,"max_hp_loss":0,"event_name":"Lab","floor":5,"gold_loss":0},{"cards_removed":["Strike_P"],"damage_healed":0,"gold_gain":0,"player_choice":"Gave Gold","damage_taken":0,"max_hp_gain":0,"max_hp_loss":0,"event_name":"Beggar","floor":22,"gold_loss":75},{"damage_healed":0,"gold_gain":0,"player_choice":"Shed Blood","damage_taken":21,"max_hp_gain":5,"max_hp_loss":0,"event_name":"Forgotten Altar","floor":28,"gold_loss":0},{"damage_healed":0,"gold_gain":0,"player_choice":"Became a Ghost","damage_taken":0,"max_hp_gain":0,"max_hp_loss":46,"event_name":"Ghosts","floor":30,"gold_loss":0,"cards_obtained":["Ghostly","Ghostly","Ghostly","Ghostly","Ghostly"]},{"damage_healed":0,"gold_gain":0,"player_choice":"Fight","damage_taken":0,"max_hp_gain":0,"max_hp_loss":0,"event_name":"MindBloom","floor":37,"gold_loss":0},{"damage_healed":0,"gold_gain":0,"player_choice":"Bought 2 Potions","damage_taken":0,"max_hp_gain":0,"max_hp_loss":0,"event_name":"The Woman in Blue","floor":38,"gold_loss":0}],"is_beta":false,"boss_relics":[{"not_picked":["Ectoplasm","Empty Cage"],"picked":"Runic Pyramid"},{"not_picked":["Runic Dome","Snecko Eye"],"picked":"Tiny House"}],"items_purged_floors":[4,20,48],"is_endless":false,"potions_floor_spawned":[2,8,10,16,21,23,24,33,40,42,44,46,54],"ascension_level":2}}