{"host":"mhr97lg0mj90r8b2","time":1611554825,"event":{"mods":["BaseMod","Lobotomy","Minty Spire (QoL Compilation)","Quick Restart","StSLib","The Servant 0.9.4"],"gold_per_floor":[118,118,133,83,97,97,115,130,130,130,130,30,30,30,30,30,30],"floor_reached":16,"language":"ZHS","playtime":393,"items_purged":["Strike_S"],"score":90,"play_id":"b5354cef-2caa-4b23-a881-0a7b74acb0bc","local_time":"20210125140705","is_ascension_mode":false,"campfire_choices":[{"data":"TheWorld","floor":6,"key":"SMITH"},{"data":"ReturningBlade","floor":10,"key":"SMITH"},{"data":"ReturningBlade+1","floor":13,"key":"SMITH"},{"data":"ReturningBlade+2","floor":15,"key":"SMITH"}],"circlet_count":0,"master_deck":["Strike_S","Strike_S","Defend_S","Defend_S","Defend_S","Defend_S","KidneyShot","Exchange","Scorched","Starlight","MeatLantern","Contraction","WallGazer","TheWorld+1","ReturningBlade+3","SpiderBud","Rearm","SilverBlades","Revamp","Parasite"],"relics":["Uniform","CogitoBucket","Mango"],"acts_visited":["Exordium"],"potions_floor_usage":[],"damage_taken":[{"damage":0,"enemies":"2 Louse","floor":1,"turns":2},{"damage":0,"enemies":"Cultist","floor":3,"turns":3},{"damage":0,"enemies":"Small Slimes","floor":5,"turns":1},{"damage":32,"enemies":"Exordium Thugs","floor":7,"turns":8},{"damage":2,"enemies":"Exordium Wildlife","floor":8,"turns":2},{"damage":77,"enemies":"Hexaghost","floor":16,"turns":2}],"seed_played":"-6539956062841781045","potions_obtained":[{"floor":1,"key":"SpeedPotion"}],"is_trial":false,"path_per_floor":["M","?","M","?","M","R","M","M","T","R","?","$","R","?","R","B"],"character_chosen":"THE_SERVANT","items_purchased":["Revamp"],"campfire_rested":0,"item_purchase_floors":[12],"current_hp_per_floor":[65,65,65,65,65,65,33,31,45,45,45,45,45,64,64,0,0],"gold":30,"neow_bonus":"","is_daily":false,"chose_seed":false,"campfire_upgraded":4,"win_rate":0.0,"timestamp":1611554825,"path_taken":["M","?","?","?","M","R","M","M","T","R","?","$","R","?","R","BOSS"],"items_purchased_type":["Card"],"build_version":"2020-12-22","purchased_purges":1,"victory":false,"max_hp_per_floor":[65,65,65,65,65,65,65,65,79,79,79,79,79,79,79,79,79],"card_choices":[{"not_picked":["MeatLantern","WallGazer"],"picked":"Scorched","floor":1},{"not_picked":["Barrier","Replace"],"picked":"Starlight","floor":1},{"not_picked":["SingingMachine","BeautyBeast"],"picked":"MeatLantern","floor":3},{"not_picked":["ShatteredReality","Sabotage"],"picked":"Contraction","floor":3},{"not_picked":["CrumblingArmor","BeautyBeast","Murderer"],"picked":"Singing Bowl","floor":5},{"not_picked":["PunishingBird","Murderer"],"picked":"WallGazer","floor":5},{"not_picked":["Reset","Rewind"],"picked":"TheWorld","floor":5},{"not_picked":["SpiderBud","Laetitia"],"picked":"HeroicMonk","floor":7},{"not_picked":["Foresight","Desolation"],"picked":"ReturningBlade","floor":7},{"not_picked":["GalaxyChild","CherryBlossoms"],"picked":"SpiderBud","floor":8},{"not_picked":["Potential","TimeWarp"],"picked":"Rearm","floor":8}],"player_experience":107045,"relics_obtained":[{"floor":9,"key":"Mango"}],"event_choices":[{"damage_healed":0,"gold_gain":0,"player_choice":"Ignored","damage_taken":0,"max_hp_gain":0,"max_hp_loss":0,"event_name":"NoteForYourself","floor":2,"gold_loss":0},{"cards_removed":["Strike_S"],"damage_healed":0,"gold_gain":0,"player_choice":"Card Removal","damage_taken":0,"max_hp_gain":0,"max_hp_loss":0,"event_name":"The Cleric","floor":4,"gold_loss":50},{"damage_healed":0,"gold_gain":0,"cards_transformed":["HeroicMonk"],"player_choice":"Change","damage_taken":0,"max_hp_gain":0,"max_hp_loss":0,"event_name":"Living Wall","floor":11,"gold_loss":0,"cards_obtained":["SilverBlades"]},{"damage_healed":19,"gold_gain":0,"player_choice":"Healed and dodged fight","damage_taken":0,"max_hp_gain":0,"max_hp_loss":0,"event_name":"Mushrooms","floor":14,"gold_loss":0,"cards_obtained":["Parasite"]}],"is_beta":false,"boss_relics":[],"items_purged_floors":[12],"is_endless":false,"potions_floor_spawned":[1],"killed_by":"Hexaghost","ascension_level":0}}