{"host":"9tdk3zzhmpo6o3dg","time":1611585091,"event":{"mods":["AchievementEnabler","Act Like it!","BaseMod","Downfall","Hermit","Koishi","Marisa（F雨　魔理沙）","Minty Spire (QoL Compilation)","Remilia（蕾米莉亚）","SOS（斯巴达之子）","Shop Mod","StSLib","The Cursed","The Hierophant","The Marked","The Senshi","The Servant 0.9.4","WarShipGirlsR/战舰少女R mod"],"gold_per_floor":[115,35,47,67,79,107,107,136,136,164,164,190,37,47,47,144,144,160,18,18,30,42,79,79,89,116,16,25,25,47,77,77,188,238,255,264,281,381,9,9,34,34,58,102,129,129,129,145,145,145],"floor_reached":51,"language":"ZHS","playtime":4751,"items_purged":["Strike_MRS","Strike_MRS","Strike_MRS"],"score":838,"play_id":"d9ceabed-819e-4f95-b71c-35ba8e162adb","local_time":"20210125223131","is_ascension_mode":true,"campfire_choices":[{"data":"StarDustReverie","floor":7,"key":"SMITH"},{"floor":15,"key":"REST"},{"data":"MagicChant","floor":24,"key":"SMITH"},{"data":"CasketOfStar","floor":29,"key":"SMITH"},{"data":"MysteriousBeam","floor":32,"key":"SMITH"},{"data":"PulseMagic","floor":40,"key":"SMITH"},{"data":"JA","floor":42,"key":"SMITH"},{"data":"CasketOfStar","floor":47,"key":"SMITH"},{"data":"MilkyWay","floor":49,"key":"SMITH"}],"circlet_count":0,"master_deck":["Strike_MRS","Defend_MRS","Defend_MRS","Defend_MRS+1","Defend_MRS","MasterSpark","UpSweep","SporeBomb","EnergyFlow","MilkyWay+1","StarDustReverie+1","Acceleration+1","Singularity","MysteriousBeam+1","JA+1","ShootTheMoon","Acceleration","OrrerysSun","MagicChant+1","PulseMagic","CasketOfStar+1","GrandCross+1","Singularity","CasketOfStar+1","Acceleration+1","DragonMeteor+1","Writhe","PulseMagic+1","MaximisePower+1","Panache","SprinkleStarSeal+1","EventHorizon+1"],"relics":["MiniHakkero","Bird Faced Urn","War Paint","Bronze Scales","theSenshi:FeatherClipsRelic","Bottled Flame","AmplifyWand","ExperimentalFamiliar","CeramicFish","Vajra","Boot","Tiny House","Shuriken","Potion Belt","Oddly Smooth Stone","Frozen Egg 2"],"acts_visited":["Exordium","TheCity","TheBeyond"],"potions_floor_usage":[6,8,14,16,23,23,35,50,50,50,50],"damage_taken":[{"damage":3.0,"enemies":"Small Slimes","floor":1.0,"turns":3.0},{"damage":0.0,"enemies":"Cultist","floor":3.0,"turns":2.0},{"damage":1.0,"enemies":"2 Louse","floor":4.0,"turns":3.0},{"damage":2,"enemies":"2 Fungi Beasts","floor":5,"turns":3},{"damage":31,"enemies":"Lagavulin","floor":6,"turns":5},{"damage":19,"enemies":"3 Sentries","floor":8,"turns":5},{"damage":3,"enemies":"Gremlin Nob","floor":10,"turns":3},{"damage":20,"enemies":"3 Sentries","floor":12,"turns":5},{"damage":15,"enemies":"Exordium Thugs","floor":14,"turns":3},{"damage":0,"enemies":"Slime Boss","floor":16,"turns":3},{"damage":0,"enemies":"3 Byrds","floor":18,"turns":2},{"damage":5,"enemies":"Chosen","floor":21,"turns":4},{"damage":8,"enemies":"3 Cultists","floor":22,"turns":5},{"damage":20,"enemies":"Slavers","floor":23,"turns":4},{"damage":0,"enemies":"Centurion and Healer","floor":25,"turns":4},{"damage":13,"enemies":"Snake Plant","floor":30,"turns":2},{"damage":27,"enemies":"Book of Stabbing","floor":31,"turns":4},{"damage":33,"enemies":"Champ","floor":33,"turns":5},{"damage":24,"enemies":"3 Darklings","floor":35,"turns":2},{"damage":10,"enemies":"Orb Walker","floor":37,"turns":2},{"damage":13,"enemies":"Giant Head","floor":41,"turns":3},{"damage":9,"enemies":"Nemesis","floor":44,"turns":3},{"damage":19,"enemies":"Writhing Mass","floor":45,"turns":3},{"damage":4,"enemies":"4 Shapes","floor":48,"turns":3},{"damage":37,"enemies":"Awakened One","floor":50,"turns":5}],"seed_played":"9125486718696767457","potions_obtained":[{"floor":1.0,"key":"DuplicationPotion"},{"floor":5,"key":"AttackPotion"},{"floor":8,"key":"LiquidMemories"},{"floor":10,"key":"SpeedPotion"},{"floor":12,"key":"PowerPotion"},{"floor":16,"key":"Block Potion"},{"floor":18,"key":"BlessingOfTheForge"},{"floor":30,"key":"Explosive Potion"},{"floor":33,"key":"Explosive Potion"},{"floor":34,"key":"Ancient Potion"},{"floor":35,"key":"Strength Potion"},{"floor":44,"key":"Guardian:BlockOnCardUsePotion"},{"floor":48,"key":"AttackPotion"}],"is_trial":false,"path_per_floor":["M","$","M","M","M","E","R","E","T","E","?","E","$","M","R","B",null,"M","$","?","M","M","E","R","M","T","$","?","R","M","E","R","B",null,"M","?","M","?","$","R","E","R","T","E","M","$","R","M","R","B",null],"character_chosen":"MARISA","items_purchased":["EnergyFlow","OrrerysSun","MagicChant","Singularity","Shuriken"],"campfire_rested":1,"item_purchase_floors":[2,13,13,19,39],"current_hp_per_floor":[65,65,67,68,66,37,37,26,26,31,31,21,21,18,38,50,68,68,68,68,68,68,58,58,68,68,68,68,68,61,48,48,33,73,57,57,57,57,57,57,62,62,62,69,62,62,62,70,70,52],"gold":145,"neow_bonus":"ONE_RARE_RELIC","is_daily":false,"chose_seed":false,"campfire_upgraded":8,"win_rate":0.0,"timestamp":1611585091,"path_taken":["M","$","M","M","M","E","R","E","T","E","?","E","$","M","R","BOSS","M","$","?","M","M","E","R","?","T","?","?","R","M","E","R","BOSS","M","?","M","?","$","R","E","R","T","E","?","$","R","M","R","BOSS"],"items_purchased_type":["Card","Card","Card","Card","Relic"],"build_version":"2020-12-22","purchased_purges":3,"victory":true,"max_hp_per_floor":[68,68,68,68,68,68,68,68,68,68,68,68,68,68,68,68,68,68,68,68,68,68,68,68,68,68,68,68,68,68,68,68,68,73,73,73,73,73,73,73,73,73,73,73,73,73,73,73,73,73],"card_choices":[{"not_picked":["AsteroidBelt","GalacticHalo"],"picked":"SporeBomb","floor":1.0},{"not_picked":["PowerUp","OpenUniverse"],"picked":"MilkyWay","floor":3.0},{"not_picked":["GravityBeat","DC"],"picked":"StarDustReverie","floor":4.0},{"not_picked":["PulseMagic","EnergyRecoil"],"picked":"Acceleration","floor":5},{"not_picked":["GrandCross","DragonMeteor"],"picked":"Singularity","floor":6},{"not_picked":["LuminesStrike","6A"],"picked":"MysteriousBeam","floor":8},{"not_picked":["MilkyWay","NonDirectionalLaser"],"picked":"JA","floor":10},{"not_picked":["UnstableBomb","NonDirectionalLaser"],"picked":"Acceleration","floor":12},{"not_picked":["EarthLightRay","PowerUp"],"picked":"PulseMagic","floor":14},{"not_picked":["MaximisePower","SuperNova"],"picked":"CasketOfStar","floor":16},{"not_picked":["IllusionStar","ChargingUp"],"picked":"GrandCross+1","floor":18},{"not_picked":["EnergyFlow","OneTimeOff","GravityBeat+1"],"picked":"SKIP","floor":21},{"not_picked":["ShootingEcho","WitchOfGreed"],"picked":"Acceleration+1","floor":22},{"not_picked":["NonDirectionalLaser","SprinkleStarSeal"],"picked":"DragonMeteor+1","floor":23},{"not_picked":["EnergyFlow+1","WitchLeyline","PowerUp+1"],"picked":"SKIP","floor":25},{"not_picked":["UnstableBomb","SprinkleStarSeal"],"picked":"PulseMagic","floor":30},{"not_picked":["DC","Singularity","MeteoricShower"],"picked":"SKIP","floor":31},{"not_picked":["ManaRampage","EscapeVelocity"],"picked":"MaximisePower","floor":33},{"not_picked":["NonDirectionalLaser+1","DC","WitchOfGreed+1"],"picked":"SKIP","floor":35},{"not_picked":["Trip","PanicButton"],"picked":"Panache","floor":36},{"not_picked":["ChargeUpSpray","ShootTheMoon+1","Occultation"],"picked":"SKIP","floor":37},{"not_picked":["OpenUniverse","ChargeUpSpray","GalacticHalo"],"picked":"SKIP","floor":41},{"not_picked":["ShootingEcho","BlazeAway"],"picked":"SprinkleStarSeal+1","floor":44},{"not_picked":["Acceleration+1","DoubleSpark"],"picked":"EventHorizon+1","floor":45},{"not_picked":["StarBarrage+1","PowerUp","AsteroidBelt+1"],"picked":"SKIP","floor":48}],"player_experience":222645,"relics_obtained":[{"floor":6,"key":"War Paint"},{"floor":8,"key":"Bronze Scales"},{"floor":9,"key":"theSenshi:FeatherClipsRelic"},{"floor":10,"key":"Bottled Flame"},{"floor":12,"key":"AmplifyWand"},{"floor":23,"key":"CeramicFish"},{"floor":31,"key":"Boot"},{"floor":41,"key":"Potion Belt"},{"floor":43,"key":"Oddly Smooth Stone"},{"floor":44,"key":"Frozen Egg 2"}],"event_choices":[{"damage_healed":0,"gold_gain":0,"player_choice":"1 cards matched","damage_taken":0,"max_hp_gain":0,"max_hp_loss":0,"event_name":"Match and Keep!","floor":11,"gold_loss":0,"cards_obtained":["ShootTheMoon"]},{"damage_healed":0,"gold_gain":0,"player_choice":"Copied","damage_taken":0,"max_hp_gain":0,"max_hp_loss":0,"event_name":"Duplicator","floor":20,"gold_loss":0,"cards_obtained":["CasketOfStar"]},{"damage_healed":0,"gold_gain":0,"player_choice":"Opened","damage_taken":0,"relics_obtained":["Vajra"],"max_hp_gain":0,"max_hp_loss":0,"event_name":"The Mausoleum","floor":28,"gold_loss":0,"cards_obtained":["Writhe"]},{"damage_healed":0,"gold_gain":0,"player_choice":"Memory 1","damage_taken":0,"max_hp_gain":0,"max_hp_loss":0,"event_name":"SensoryStone","floor":36,"gold_loss":0},{"damage_healed":0,"gold_gain":100,"player_choice":"Pray","damage_taken":0,"max_hp_gain":0,"max_hp_loss":0,"event_name":"Golden Shrine","floor":38,"gold_loss":0}],"is_beta":false,"boss_relics":[{"not_picked":["Black Star","Philosopher\u0027s Stone"],"picked":"ExperimentalFamiliar"},{"not_picked":["Snecko Eye","Velvet Choker"],"picked":"Tiny House"}],"items_purged_floors":[19,27,39],"is_endless":false,"potions_floor_spawned":[1,5,8,10,12,16,18,22,30,33,35,44,48],"ascension_level":1}}