{"host":"1qhzi8r9ejho5yph","time":1611564723,"event":{"mods":["AchievementEnabler","BaseMod","Colored Map","Colored Powertips","Highlight Path","Minty Spire (QoL Compilation)","Permanent Neow","Quick Restart","Random Character Button","StSLib","SuperFastMode"],"gold_per_floor":[118,132,143,48,60,60,86,99,99,99,126,126,126,143,143,241,241,253,253,272,30,30,30],"floor_reached":22,"language":"ENG","playtime":687,"items_purged":[],"score":294,"play_id":"c0b9c2fd-b91c-43a8-9ddd-c5444389654c","local_time":"20210125165203","is_ascension_mode":true,"campfire_choices":[{"data":"Pommel Strike","floor":6,"key":"SMITH"},{"floor":10,"key":"REST"},{"floor":13,"key":"DIG"},{"floor":15,"key":"REST"}],"circlet_count":0,"master_deck":["AscendersBane","Strike_R","Strike_R","Strike_R","Strike_R","Defend_R","Defend_R","Defend_R","Defend_R","Bash","Cleave","Pommel Strike+1","Finesse","Inflame","Perfected Strike","Disarm","Perfected Strike","Double Tap","Headbutt","Pommel Strike","Pommel Strike","Shrug It Off"],"relics":["Burning Blood","Nunchaku","InkBottle","Shovel","Kunai","Runic Cube","Nilry\u0027s Codex","Medical Kit"],"acts_visited":["Exordium","TheCity"],"potions_floor_usage":[11,16,16,20],"damage_taken":[{"damage":1,"enemies":"Jaw Worm","floor":1,"turns":5},{"damage":1,"enemies":"Cultist","floor":2,"turns":3},{"damage":10,"enemies":"Small Slimes","floor":3,"turns":3},{"damage":9,"enemies":"3 Louse","floor":5,"turns":3},{"damage":43,"enemies":"3 Sentries","floor":7,"turns":10},{"damage":13,"enemies":"Red Slaver","floor":8,"turns":4},{"damage":16,"enemies":"Lagavulin","floor":11,"turns":4},{"damage":8,"enemies":"Blue Slaver","floor":14,"turns":5},{"damage":46,"enemies":"Hexaghost","floor":16,"turns":10},{"damage":27,"enemies":"Spheric Guardian","floor":18,"turns":4},{"damage":27,"enemies":"2 Thieves","floor":20,"turns":5},{"damage":12,"enemies":"Snake Plant","floor":22,"turns":2}],"seed_played":"-6099039398907569109","potions_obtained":[{"floor":1,"key":"AttackPotion"},{"floor":2,"key":"GamblersBrew"},{"floor":7,"key":"DistilledChaos"},{"floor":11,"key":"LiquidMemories"},{"floor":20,"key":"LiquidBronze"}],"is_trial":false,"path_per_floor":["M","M","M","$","M","R","E","M","T","R","E","?","R","M","R","B",null,"M","?","M","$","M"],"character_chosen":"IRONCLAD","items_purchased":["Finesse","Medical Kit","Pommel Strike","Shrug It Off"],"campfire_rested":2,"item_purchase_floors":[4,21,21,21],"current_hp_per_floor":[77,80,76,76,73,73,36,29,29,53,43,43,43,41,65,25,66,45,29,8,8,0,0],"gold":30,"neow_bonus":"REMOVE_CARD","is_daily":false,"chose_seed":false,"campfire_upgraded":1,"win_rate":0.0,"timestamp":1611564723,"path_taken":["M","M","M","$","M","R","E","M","T","R","E","?","R","?","R","BOSS","M","?","M","$","M"],"items_purchased_type":["Card","Relic","Card","Card"],"build_version":"2020-12-22","purchased_purges":0,"victory":false,"max_hp_per_floor":[80,80,80,80,80,80,80,80,80,80,80,80,80,80,80,80,80,80,80,80,80,80,80],"card_choices":[{"not_picked":["Armaments","Wild Strike"],"picked":"Cleave","floor":1},{"not_picked":["Thunderclap","Wild Strike","Warcry"],"picked":"SKIP","floor":2},{"not_picked":["Sword Boomerang","Infernal Blade"],"picked":"Pommel Strike","floor":3},{"not_picked":["Clothesline","Thunderclap","Second Wind"],"picked":"SKIP","floor":5},{"not_picked":["Anger","Warcry"],"picked":"Inflame","floor":7},{"not_picked":["Rampage","Seeing Red"],"picked":"Perfected Strike","floor":8},{"not_picked":["Blood for Blood","Double Tap"],"picked":"Disarm","floor":11},{"not_picked":["Clothesline","Searing Blow"],"picked":"Perfected Strike","floor":14},{"not_picked":["Reaper","Immolate"],"picked":"Double Tap","floor":16},{"not_picked":["Armaments","Iron Wave"],"picked":"Headbutt","floor":18},{"not_picked":["Armaments","Ghostly Armor"],"picked":"Pommel Strike","floor":20}],"player_experience":325920,"relics_obtained":[{"floor":7,"key":"Nunchaku"},{"floor":9,"key":"InkBottle"},{"floor":11,"key":"Shovel"},{"floor":13,"key":"Kunai"},{"floor":19,"key":"Nilry\u0027s Codex"}],"event_choices":[{"damage_healed":0,"gold_gain":0,"player_choice":"Bought 0 Potions","damage_taken":0,"max_hp_gain":0,"max_hp_loss":0,"event_name":"The Woman in Blue","floor":12,"gold_loss":0},{"damage_healed":0,"gold_gain":0,"player_choice":"Obtained Book","damage_taken":16,"max_hp_gain":0,"max_hp_loss":0,"event_name":"Cursed Tome","floor":19,"gold_loss":0}],"is_beta":false,"boss_relics":[{"not_picked":["Astrolabe","Pandora\u0027s Box"],"picked":"Runic Cube"}],"items_purged_floors":[],"is_endless":false,"potions_floor_spawned":[1,2,7,11,20],"killed_by":"Snake Plant","ascension_level":10}}