{"host":"8s7r99mpv862ws6o","time":1611584769,"event":{"mods":["AchievementEnabler","Act Like it!","BaseMod","Gensokyo","GifTheSpireLib","Koishi","Marisa£®ÏF”Í°°ƒß¿Ì…≥£©","Minty Spire (QoL Compilation)","Quick Restart","Reimu£®≤©¿ˆ¡È√Œ£©","Remilia£®¿Ÿ√◊¿Ú—«£©","StSLib","Youmu£®ªÍ∆«—˝√Œ£©","Yuyuko"],"gold_per_floor":[118,150,165,165,178,206,238,238,238,252,271,964,983,181,181,280,280,293,293,308,319,1286,1286,1286],"floor_reached":23,"language":"ZHS","playtime":1551,"items_purged":["Koishi:BasicStrike","Koishi:BasicDefend","Koishi:BasicStrike"],"score":238,"play_id":"e2e700b7-c4fa-4c62-aa3e-3035f1600a5d","local_time":"20210125222609","is_ascension_mode":false,"campfire_choices":[{"data":"Koishi:ReflexRadar","floor":8.0,"key":"SMITH"},{"data":"Koishi:BasicStrike","floor":15,"key":"PURGE"}],"circlet_count":0,"master_deck":["Koishi:BasicStrike","Koishi:BasicDefend","Koishi:Provoke","Koishi:HauntingSlash","Koishi:Prune","Koishi:ReflexRadar+1","Koishi:SprinkleStarAndHeart","Koishi:SubconsciousSweep","Koishi:LastRemote","Koishi:SubterraneanRose","Koishi:SubconsciousSweep","Koishi:MassHysteria","Finesse","Night Terror","Koishi:UnconsciousUprising","Koishi:ReflexRadar+1"],"relics":["Koishi:ImaginaryFriend","NeowsBlessing","Koishi:LettersToReimu","Gensokyo:PortableGap","Oddly Smooth Stone","FossilizedHelix","Eternal Feather","Singing Bowl","Calipers","Peace Pipe","Membership Card","Empty Cage","Toxic Egg 2","Bag of Preparation","DollysMirror","Frozen Eye"],"acts_visited":["Exordium","Gensokyo:Gensokyo"],"potions_floor_usage":[16],"damage_taken":[{"damage":0.0,"enemies":"Gensokyo:Python","floor":1.0,"turns":1.0},{"damage":0.0,"enemies":"Gensokyo:Aya","floor":2.0,"turns":1.0},{"damage":0.0,"enemies":"Gensokyo:Gryphon","floor":3.0,"turns":1.0},{"damage":0.0,"enemies":"Gensokyo:3_Fairies","floor":5.0,"turns":3.0},{"damage":21.0,"enemies":"Gensokyo:Cirno","floor":6.0,"turns":8.0},{"damage":17.0,"enemies":"Gensokyo:Aya","floor":7.0,"turns":8.0},{"damage":0.0,"enemies":"Gensokyo:2_Rabbits","floor":10.0,"turns":4.0},{"damage":0.0,"enemies":"Gensokyo:Gryphon_and_Rabbit","floor":11.0,"turns":4.0},{"damage":0,"enemies":"Gensokyo:Kitsune","floor":13,"turns":3},{"damage":21,"enemies":"Gensokyo:Yukari","floor":16,"turns":12},{"damage":10,"enemies":"Gensokyo:Chomper","floor":18,"turns":3},{"damage":25,"enemies":"Gensokyo:AngelMirror","floor":20,"turns":4},{"damage":3,"enemies":"Gensokyo:Slime_Group","floor":21,"turns":2},{"damage":35,"enemies":"Gensokyo:Koishi","floor":23,"turns":5}],"seed_played":"430656335210507667","potions_obtained":[{"floor":3.0,"key":"SpeedPotion"},{"floor":6.0,"key":"SneckoOil"},{"floor":11.0,"key":"ColorlessPotion"},{"floor":18,"key":"FairyPotion"},{"floor":21,"key":"PowerPotion"}],"is_trial":false,"path_per_floor":["M","?","M","?","M","E","E","R","T","M","M","$","M","$","R","B",null,"M","?","M","M","$","E"],"character_chosen":"KOISHI","items_purchased":["Singing Bowl","Calipers","Koishi:SubterraneanRose","Peace Pipe","Koishi:SubconsciousSweep","Koishi:MassHysteria","Finesse","Membership Card","Toxic Egg 2","Bag of Preparation","DollysMirror"],"campfire_rested":0,"item_purchase_floors":[12,12,14,14,14,14,14,14,22,22,22],"current_hp_per_floor":[60,60,60,54,54,34,20,20,20,21,22,22,26,26,35,19,52,45,40,17,14,14,0,0],"gold":1286,"neow_bonus":"THREE_ENEMY_KILL","is_daily":false,"chose_seed":false,"campfire_upgraded":1,"win_rate":0.0,"timestamp":1611584769,"path_taken":["M","?","M","?","?","E","E","R","T","M","?","?","M","$","R","BOSS","M","?","M","M","$","E"],"items_purchased_type":["Relic","Relic","Card","Relic","Card","Card","Card","Relic","Relic","Relic","Relic"],"build_version":"2020-12-22","purchased_purges":3,"victory":false,"max_hp_per_floor":[60,60,60,54,54,51,51,51,51,51,51,51,50,50,50,52,52,54,54,56,56,53,53,53],"card_choices":[{"not_picked":["Koishi:StingingMind","Koishi:JumpScare"],"picked":"Koishi:Prune","floor":1.0},{"not_picked":["Koishi:Vanish","Koishi:ApparitionsStalkTheNight"],"picked":"Koishi:ReflexRadar","floor":2.0},{"not_picked":["Koishi:TraumaticStroke","Koishi:CatchAndRose","Koishi:HeartfeltFancy"],"picked":"SKIP","floor":3.0},{"not_picked":["Koishi:SpiritedAway","Koishi:BloodcurdlingScream"],"picked":"Koishi:SprinkleStarAndHeart","floor":5.0},{"not_picked":["Koishi:PhantomBarrier","Koishi:GhostParty"],"picked":"Koishi:SubconsciousSweep","floor":6.0},{"not_picked":["Koishi:PhantomStrike","Koishi:EmbryosDream","Koishi:ConditionedTeleport"],"picked":"SKIP","floor":7.0},{"not_picked":["Koishi:ParalyzingFear","Koishi:Vanish","Koishi:StingingMind"],"picked":"SKIP","floor":10.0},{"not_picked":["Koishi:EmbryosDream","Koishi:FleetingPhantom"],"picked":"Koishi:LastRemote","floor":11.0},{"not_picked":["Koishi:BloodcurdlingScream","Koishi:Prune","Koishi:ParalyzingFear"],"picked":"Singing Bowl","floor":13},{"not_picked":["Koishi:Ego","Koishi:TerrifyingSpectre","Koishi:SilentAndRestless"],"picked":"Singing Bowl","floor":16},{"not_picked":["Koishi:SubconsciousSweep","Koishi:CatchAndRose","Koishi:FourthEye"],"picked":"Singing Bowl","floor":18},{"not_picked":["Koishi:PredatoryInstincts","Koishi:HeartfeltFancy+1","Koishi:FourthEye"],"picked":"Singing Bowl","floor":20},{"not_picked":["Koishi:RacingHeart","Koishi:JumpScare"],"picked":"Koishi:UnconsciousUprising","floor":21}],"player_experience":675217,"relics_obtained":[{"floor":2.0,"key":"Koishi:LettersToReimu"},{"floor":6.0,"key":"Oddly Smooth Stone"},{"floor":7.0,"key":"FossilizedHelix"},{"floor":9.0,"key":"Eternal Feather"}],"event_choices":[],"is_beta":false,"boss_relics":[{"not_picked":["Runic Pyramid","Sozu"],"picked":"Empty Cage"}],"items_purged_floors":[12,14,22],"is_endless":false,"potions_floor_spawned":[3,6,11,18,21],"killed_by":"Gensokyo:Koishi","ascension_level":0}}