{"host":"1tl36azeqm6yhdgj","time":1611585567,"event":{"mods":["AchievementEnabler","BaseMod","Minty Spire (QoL Compilation)","StSLib","The IronCluck","everything is the same but u backflip on backflip"],"gold_per_floor":[117,42,52,78,21,54,72,92,92,92,92],"floor_reached":10,"language":"ENG","playtime":246,"items_purged":[],"score":136,"play_id":"74031548-8203-44ab-95ac-2f7dd2ba5e18","local_time":"20210125093927","is_ascension_mode":true,"campfire_choices":[],"circlet_count":0,"master_deck":["AscendersBane","Strike_R","Strike_R","Strike_R","Strike_R","Defend_R","Defend_R","Defend_R","Defend_R","Bash","Cleave","Shockwave","Rampage"],"relics":["Burning Blood","Bag of Marbles","Darkstone Periapt","Sundial"],"acts_visited":["Exordium"],"potions_floor_usage":[8,10],"damage_taken":[{"damage":15.0,"enemies":"Small Slimes","floor":1.0,"turns":4.0},{"damage":12.0,"enemies":"Jaw Worm","floor":3.0,"turns":4.0},{"damage":15.0,"enemies":"Lagavulin","floor":6.0,"turns":5.0},{"damage":4.0,"enemies":"2 Louse","floor":7.0,"turns":2.0},{"damage":7,"enemies":"Large Slime","floor":8,"turns":5},{"damage":47,"enemies":"3 Sentries","floor":10,"turns":6}],"seed_played":"4664404896874443360","potions_obtained":[{"floor":1.0,"key":"Swift Potion"},{"floor":6.0,"key":"PowerPotion"}],"is_trial":false,"path_per_floor":["M","?","M","T","$","E","M","M","T","E"],"character_chosen":"IRONCLAD","items_purchased":["ColorlessPotion"],"campfire_rested":0,"item_purchase_floors":[5],"current_hp_per_floor":[59,59,53,53,53,44,46,45,45,0,0],"gold":92,"neow_bonus":"THREE_CARDS","is_daily":false,"chose_seed":false,"campfire_upgraded":0,"win_rate":0.0,"timestamp":1611585567,"path_taken":["M","?","M","?","$","E","M","M","T","E"],"items_purchased_type":["Potion"],"build_version":"2020-12-22","purchased_purges":0,"victory":false,"max_hp_per_floor":[75,75,75,75,75,75,75,75,75,75,75],"card_choices":[{"not_picked":["Headbutt","Shockwave"],"picked":"Cleave","floor":0.0},{"not_picked":["Blood for Blood","Armaments"],"picked":"Shockwave","floor":1.0},{"not_picked":["Armaments","Sentinel","Combust"],"picked":"SKIP","floor":3.0},{"not_picked":["Bloodletting","Sword Boomerang","Wild Strike"],"picked":"SKIP","floor":6.0},{"not_picked":["True Grit","Power Through","Dual Wield"],"picked":"SKIP","floor":7.0},{"not_picked":["Headbutt","Body Slam"],"picked":"Rampage","floor":8}],"player_experience":2041970,"relics_obtained":[{"floor":4.0,"key":"Bag of Marbles"},{"floor":6.0,"key":"Darkstone Periapt"},{"floor":9,"key":"Sundial"}],"event_choices":[{"cards_removed":["Strike_R"],"damage_healed":0.0,"max_hp_gain":0.0,"max_hp_loss":0.0,"gold_gain":0.0,"event_name":"The Cleric","player_choice":"Card Removal","floor":2.0,"gold_loss":75.0,"damage_taken":0.0}],"is_beta":false,"boss_relics":[],"items_purged_floors":[],"is_endless":false,"potions_floor_spawned":[1,6],"killed_by":"3 Sentries","ascension_level":20}}