{"host":"och2iitg9ibgz06n","time":1611608429,"event":{"mods":["Abigail Mod","AchievementEnabler","Aspiration","BaseMod","Colored Powertips","Dio Mod","Hubris","Hyrulean Relics","Infinite Spire","Minty Spire (QoL Compilation)","Replay The Spire","Small Relic Pack","StSLib","The Animator","The Bug Knight","The Hierophant","The Jungle","The Saiyan","TheHero","Wandering Minibosses","everything is the same but u backflip on backflip","slay the spire mod where everything is the same but ironclad has a cowboy hat"],"gold_per_floor":[110,110,110,123,139,139,46,79,79,79,110,122,148,160,160,256,256,268,268,268],"floor_reached":19,"language":"ENG","playtime":799,"items_purged":[],"score":215,"play_id":"5302a226-1071-449e-82f0-3c83b668f421","local_time":"20210125150029","is_ascension_mode":true,"campfire_choices":[{"data":"Cloak And Dagger","floor":6,"key":"SMITH"},{"floor":10,"key":"REST"},{"data":"ReplayTheSpireMod:Necrosis","floor":15,"key":"SMITH"}],"circlet_count":0,"master_deck":["Strike_G","Strike_G","Strike_G","Strike_G","Strike_G","Defend_G","Defend_G","Defend_G","Defend_G","Defend_G","Survivor","Neutralize+1","Poisoned Stab","Blade Dance","Cloak And Dagger+1","Bandage Up","PiercingWail","ReplayTheSpireMod:Exploit Weakness","Hidden Blade","ReplayTheSpireMod:Necrosis+1","Well Laid Plans","infinitespire:Neurotoxin","Caltrops"],"relics":["Ring of the Snake","hubris:Towel","Pantograph","relicPack:DarknessArmor","infinitespire:EmpoweringShard","Blood Vial","Replay:Fungal Core"],"acts_visited":["Exordium","TheCity"],"potions_floor_usage":[11,13],"damage_taken":[{"damage":0,"enemies":"Cultist","floor":1,"turns":4},{"damage":0,"enemies":"2 Louse","floor":4,"turns":3},{"damage":4,"enemies":"Small Slimes","floor":5,"turns":3},{"damage":33,"enemies":"Gremlin Nob","floor":8,"turns":5},{"damage":20,"enemies":"3 Sentries","floor":11,"turns":8},{"damage":0,"enemies":"2 Fungi Beasts","floor":12,"turns":4},{"damage":24,"enemies":"Gremlin Nob","floor":13,"turns":4},{"damage":0,"enemies":"Large Slime","floor":14,"turns":4},{"damage":54,"enemies":"The Guardian","floor":16,"turns":19},{"damage":12,"enemies":"3 Byrds","floor":18,"turns":7},{"damage":0,"enemies":"Shell Parasite","floor":19,"turns":1}],"seed_played":"-2808058313347008404","potions_obtained":[{"floor":8,"key":"Poison Potion"},{"floor":11,"key":"DuplicationPotion"},{"floor":12,"key":"Regen Potion"},{"floor":13,"key":"Explosive Potion"},{"floor":14,"key":"Regen Potion"}],"is_trial":false,"path_per_floor":["M","?","?","M","M","R","$","E","T","R","E","M","E","M","R","B",null,"M","M"],"character_chosen":"THE_SILENT","items_purchased":["Bandage Up"],"campfire_rested":1,"item_purchase_floors":[7],"current_hp_per_floor":[70,70,70,70,66,66,66,37,37,58,42,46,35,41,41,18,70,59,61,61],"gold":268,"neow_bonus":"UPGRADE_CARD","is_daily":false,"chose_seed":false,"campfire_upgraded":2,"win_rate":0.0,"timestamp":1611608429,"path_taken":["M","?","?","M","M","R","$","E","T","R","E","M","E","M","R","BOSS","M","?"],"items_purchased_type":["Card"],"build_version":"2020-12-22","purchased_purges":0,"victory":false,"max_hp_per_floor":[70,70,70,70,70,70,70,70,70,70,70,70,70,70,70,70,70,70,70,70],"card_choices":[{"not_picked":["Caltrops","Noxious Fumes"],"picked":"Poisoned Stab","floor":1},{"not_picked":["Caltrops","ReplayTheSpireMod:Shiv Toss"],"picked":"Blade Dance","floor":4},{"not_picked":["Quick Slash","Dagger Spray"],"picked":"Cloak And Dagger","floor":5},{"not_picked":["Blur","After Image"],"picked":"PiercingWail","floor":8},{"not_picked":["Backflip","Tactician"],"picked":"ReplayTheSpireMod:Exploit Weakness","floor":11},{"not_picked":["Crippling Poison","Flechettes"],"picked":"Hidden Blade","floor":12},{"not_picked":["Finisher","Sucker Punch"],"picked":"ReplayTheSpireMod:Necrosis","floor":13},{"not_picked":["Footwork","Endless Agony"],"picked":"Well Laid Plans","floor":14},{"not_picked":["aspiration:Lunge","A Thousand Cuts"],"picked":"infinitespire:Neurotoxin","floor":16},{"not_picked":["Flying Knee","Deflect+1"],"picked":"Caltrops","floor":18}],"player_experience":479831,"relics_obtained":[{"floor":8,"key":"Pantograph"},{"floor":9,"key":"relicPack:DarknessArmor"},{"floor":11,"key":"infinitespire:EmpoweringShard"},{"floor":13,"key":"Blood Vial"}],"event_choices":[{"damage_healed":0,"gold_gain":0,"player_choice":"Bought 0 Potions","damage_taken":0,"max_hp_gain":0,"max_hp_loss":0,"event_name":"The Woman in Blue","floor":3,"gold_loss":0}],"is_beta":false,"boss_relics":[{"not_picked":["hubris:HollowSoul","relicPack:KazumaCape"],"picked":"Replay:Fungal Core"}],"items_purged_floors":[],"is_endless":false,"potions_floor_spawned":[8,11,12,13,14],"killed_by":"Shell Parasite","ascension_level":3}}