{"host":"r53pw7z744tg3fxg","time":1611599872,"event":{"mods":["AchievementEnabler","BaseMod","Colored Map","Colored Powertips","Highlight Path","Minty Spire (QoL Compilation)","Quick Restart","Transform Curses"],"gold_per_floor":[112,124,124,35,50,85,106,124,199,199,215,253,253,297,297,395,395,413,434,84,97,97,97,118,118,118,133,33,33,48,79,79,172,235,259,592,592,610,7,7,56,56,80,80,80,90,115,115,115,115,115],"floor_reached":50,"language":"ENG","playtime":2615,"items_purged":["Injury","Vengeance","Pain"],"score":1065,"play_id":"11fea8ca-1cc0-4ee1-b8f0-fa67b3357c23","local_time":"20210125113752","is_ascension_mode":true,"campfire_choices":[{"floor":10.0,"key":"REST"},{"data":"Judgement","floor":13.0,"key":"SMITH"},{"data":"ForeignInfluence","floor":15.0,"key":"SMITH"},{"floor":23.0,"key":"REST"},{"data":"BattleHymn","floor":25.0,"key":"SMITH"},{"data":"MasterReality","floor":32.0,"key":"SMITH"},{"floor":40.0,"key":"REST"},{"floor":44.0,"key":"REST"},{"data":"Chrysalis","floor":45.0,"key":"SMITH"},{"floor":49.0,"key":"REST"}],"circlet_count":0,"master_deck":["AscendersBane","Eruption+1","Vigilance","CutThroughFate","ClearTheMind","LikeWater","FlurryOfBlows+1","Judgement+1","BowlingBash","ForeignInfluence+1","EmptyBody","Establishment+1","MasterReality+1","Weave","FlurryOfBlows","Vengeance","Consecrate","TalkToTheHand","WaveOfTheHand","BattleHymn+1","PathToVictory+1","SashWhip+1","Swivel","InnerPeace+1","ReachHeaven","SpiritShield","Pray+1","FollowUp+1","Adaptation","Wallop","Chrysalis+1","Study","Evaluate+1","Swift Strike","Protect","FlyingSleeves","Madness","Madness"],"relics":["PureWater","Meat on the Bone","Incense Burner","Mummified Hand","Bag of Preparation","Nunchaku","Pandora\u0027s Box","TeardropLocket","Mango","CultistMask","WingedGreaves","Tiny House","WarpedTongs","ClockworkSouvenir","Unceasing Top","Happy Flower","Sundial"],"acts_visited":["Exordium","TheCity","TheBeyond"],"potions_floor_usage":[50],"damage_taken":[{"damage":0.0,"enemies":"Small Slimes","floor":1.0,"turns":2.0},{"damage":0.0,"enemies":"Jaw Worm","floor":2.0,"turns":4.0},{"damage":1.0,"enemies":"Cultist","floor":5.0,"turns":3.0},{"damage":30.0,"enemies":"Lagavulin","floor":6.0,"turns":6.0},{"damage":11.0,"enemies":"Large Slime","floor":7.0,"turns":5.0},{"damage":10.0,"enemies":"Lots of Slimes","floor":8.0,"turns":7.0},{"damage":11.0,"enemies":"Red Slaver","floor":11.0,"turns":4.0},{"damage":1.0,"enemies":"Gremlin Nob","floor":12.0,"turns":4.0},{"damage":5.0,"enemies":"3 Sentries","floor":14.0,"turns":6.0},{"damage":23.0,"enemies":"Slime Boss","floor":16.0,"turns":10.0},{"damage":1.0,"enemies":"Chosen","floor":18.0,"turns":4.0},{"damage":11.0,"enemies":"3 Byrds","floor":19.0,"turns":4.0},{"damage":12.0,"enemies":"Snecko","floor":21.0,"turns":5.0},{"damage":0.0,"enemies":"Snake Plant","floor":24.0,"turns":2.0},{"damage":0.0,"enemies":"Chosen and Byrds","floor":27.0,"turns":3.0},{"damage":0.0,"enemies":"Sentry and Sphere","floor":30.0,"turns":2.0},{"damage":3.0,"enemies":"Book of Stabbing","floor":31.0,"turns":3.0},{"damage":31.0,"enemies":"Champ","floor":33.0,"turns":8.0},{"damage":40.0,"enemies":"3 Darklings","floor":35.0,"turns":3.0},{"damage":4.0,"enemies":"Orb Walker","floor":38.0,"turns":2.0},{"damage":33.0,"enemies":"2 Orb Walkers","floor":41.0,"turns":4.0},{"damage":0.0,"enemies":"Maw","floor":46.0,"turns":5.0},{"damage":7.0,"enemies":"Giant Head","floor":47.0,"turns":8.0},{"damage":87,"enemies":"Time Eater","floor":50,"turns":9}],"seed_played":"6324507279874800993","potions_obtained":[{"floor":8.0,"key":"CultistPotion"},{"floor":11.0,"key":"EntropicBrew"},{"floor":16.0,"key":"SkillPotion"},{"floor":18.0,"key":"GamblersBrew"},{"floor":24.0,"key":"Weak Potion"},{"floor":33.0,"key":"BottledMiracle"},{"floor":41.0,"key":"BlessingOfTheForge"},{"floor":47.0,"key":"Strength Potion"}],"is_trial":false,"path_per_floor":["M","M","?","?","M","E","M","M","T","R","M","E","R","E","R","B",null,"M","M","$","M","?","R","M","R","T","M","$","?","M","E","R","B",null,"M","?","?","M","$","R","?","?","T","R","R","M","E","?","R","B"],"character_chosen":"WATCHER","items_purchased":["TeardropLocket","ClockworkSouvenir","Wallop","Chrysalis","Study"],"campfire_rested":5,"item_purchase_floors":[20,39,39,39,39],"current_hp_per_floor":[61,61,61,61,60,42,43,45,45,65,54,53,53,48,48,37,60,59,48,48,36,36,56,56,56,70,70,70,70,70,67,67,48,79,51,51,51,47,47,73,52,52,52,78,78,78,71,55,81,0,0],"gold":115,"neow_bonus":"UPGRADE_CARD","is_daily":false,"chose_seed":false,"campfire_upgraded":5,"win_rate":0.0,"timestamp":1611599872,"path_taken":["M","M","?","?","M","E","M","?","T","R","M","E","R","E","R","BOSS","M","M","$","M","?","R","M","R","T","?","?","?","M","E","R","BOSS","M","?","?","?","$","R","?","?","T","R","R","?","E","?","R","BOSS"],"items_purchased_type":["Relic","Relic","Card","Card","Card"],"build_version":"2020-12-22","purchased_purges":3,"victory":false,"max_hp_per_floor":[68,68,68,68,68,68,68,68,68,68,68,68,68,68,68,68,68,68,68,68,68,68,68,68,68,82,82,82,82,82,82,82,82,87,87,87,87,87,87,87,87,87,87,87,87,87,87,87,87,87,87],"card_choices":[{"not_picked":["Protect","JustLucky"],"picked":"CutThroughFate","floor":1.0},{"not_picked":["Crescendo","EmptyFist"],"picked":"ClearTheMind","floor":2.0},{"not_picked":["SashWhip","CrushJoints"],"picked":"LikeWater","floor":5.0},{"not_picked":["JustLucky","ClearTheMind"],"picked":"FlurryOfBlows","floor":6.0},{"not_picked":["JustLucky","SashWhip","ClearTheMind"],"picked":"SKIP","floor":7.0},{"not_picked":["ReachHeaven","WindmillStrike"],"picked":"Judgement","floor":8.0},{"not_picked":["CrushJoints","SashWhip"],"picked":"BowlingBash","floor":11.0},{"not_picked":["SashWhip","Consecrate"],"picked":"ForeignInfluence","floor":12.0},{"not_picked":["Nirvana","Evaluate"],"picked":"EmptyBody","floor":14.0},{"not_picked":["Blasphemy","DeusExMachina"],"picked":"Establishment","floor":16.0},{"not_picked":["Crescendo","LikeWater+1","SignatureMove"],"picked":"SKIP","floor":18.0},{"not_picked":["Prostrate","Swivel"],"picked":"BattleHymn","floor":19.0},{"not_picked":["Pray","CrushJoints"],"picked":"PathToVictory+1","floor":21.0},{"not_picked":["Tantrum","EmptyFist"],"picked":"SashWhip+1","floor":24.0},{"not_picked":["FlurryOfBlows","Crescendo"],"picked":"Swivel","floor":27.0},{"not_picked":["Nirvana","SashWhip+1"],"picked":"InnerPeace+1","floor":30.0},{"not_picked":["Prostrate","FlyingSleeves"],"picked":"ReachHeaven","floor":31.0},{"not_picked":["Ragnarok","Judgement"],"picked":"SpiritShield","floor":33.0},{"not_picked":["FollowUp","CutThroughFate"],"picked":"Pray+1","floor":34.0},{"not_picked":["Collect","Weave"],"picked":"FollowUp+1","floor":35.0},{"not_picked":["Crescendo","JustLucky"],"picked":"Adaptation","floor":38.0},{"not_picked":["BowlingBash","LikeWater"],"picked":"Evaluate+1","floor":41.0},{"not_picked":["Violence","Mind Blast"],"picked":"Swift Strike","floor":42.0},{"not_picked":["FollowUp+1","JustLucky+1"],"picked":"Protect","floor":46.0},{"not_picked":["JustLucky","Vengeance"],"picked":"FlyingSleeves","floor":47.0}],"player_experience":1344766,"relics_obtained":[{"floor":6.0,"key":"Incense Burner"},{"floor":9.0,"key":"Mummified Hand"},{"floor":12.0,"key":"Bag of Preparation"},{"floor":14.0,"key":"Nunchaku"},{"floor":26.0,"key":"Mango"},{"floor":31.0,"key":"WingedGreaves"},{"floor":41.0,"key":"Unceasing Top"},{"floor":43.0,"key":"Happy Flower"},{"floor":47.0,"key":"Sundial"}],"event_choices":[{"damage_healed":0.0,"max_hp_gain":0.0,"max_hp_loss":0.0,"gold_gain":0.0,"event_name":"Golden Idol","player_choice":"Take Wound","floor":3.0,"gold_loss":0.0,"damage_taken":0.0,"relics_obtained":["Golden Idol"],"cards_obtained":["Injury"]},{"damage_healed":0.0,"max_hp_gain":0.0,"max_hp_loss":0.0,"gold_gain":0.0,"event_name":"WeMeetAgain","player_choice":"Paid Gold","floor":4.0,"gold_loss":89.0,"damage_taken":0.0,"relics_obtained":["Meat on the Bone"]},{"damage_healed":0.0,"max_hp_gain":0.0,"max_hp_loss":0.0,"gold_gain":0.0,"event_name":"Upgrade Shrine","player_choice":"Upgraded","floor":22.0,"gold_loss":0.0,"damage_taken":0.0,"cards_upgraded":["Establishment"]},{"damage_healed":0.0,"max_hp_gain":0.0,"max_hp_loss":0.0,"gold_gain":0.0,"event_name":"FaceTrader","player_choice":"Trade","floor":29.0,"gold_loss":0.0,"damage_taken":0.0,"relics_obtained":["CultistMask"]},{"damage_healed":0.0,"max_hp_gain":0.0,"max_hp_loss":0.0,"gold_gain":333.0,"event_name":"The Moai Head","player_choice":"Gave Idol","floor":36.0,"relics_lost":["Golden Idol"],"gold_loss":0.0,"damage_taken":0.0},{"damage_healed":0.0,"max_hp_gain":0.0,"max_hp_loss":0.0,"gold_gain":0.0,"event_name":"Accursed Blacksmith","player_choice":"Rummage","floor":37.0,"gold_loss":0.0,"damage_taken":0.0,"relics_obtained":["WarpedTongs"],"cards_obtained":["Pain"]},{"damage_healed":0.0,"max_hp_gain":0.0,"max_hp_loss":0.0,"gold_gain":0.0,"event_name":"Mysterious Sphere","player_choice":"Fight","floor":41.0,"gold_loss":0.0,"damage_taken":0.0},{"damage_healed":0.0,"max_hp_gain":0.0,"max_hp_loss":0.0,"gold_gain":0.0,"event_name":"SensoryStone","player_choice":"Memory 1","floor":42.0,"gold_loss":0.0,"damage_taken":0.0},{"damage_healed":0.0,"max_hp_gain":0.0,"max_hp_loss":0.0,"gold_gain":0.0,"event_name":"Winding Halls","player_choice":"Embrace Madness","floor":48.0,"gold_loss":0.0,"damage_taken":16.0,"cards_obtained":["Madness","Madness"]}],"is_beta":false,"boss_relics":[{"not_picked":["Philosopher\u0027s Stone","Cursed Key"],"picked":"Pandora\u0027s Box"},{"not_picked":["Snecko Eye","Empty Cage"],"picked":"Tiny House"}],"items_purged_floors":[20,28,39],"is_endless":false,"potions_floor_spawned":[8,11,16,18,19,24,33,41,47],"killed_by":"Time Eater","ascension_level":17}}