{"host":"36umirwmj0u9xjg7","time":1611600091,"event":{"mods":["Aspiration","BaseMod","CCEM","Downfall","Minty Spire (QoL Compilation)","Reliquary","Replay The Spire","StS++","StSLib","The Construct","The Gatherer","The Necromancer","The Runesmith"],"gold_per_floor":[115,135,152,163,143,143,158,158,231,231,259,139,155,185,185,282,282,298,317,327,227,227,227,227],"floor_reached":23,"language":"ENG","playtime":950,"items_purged":["Strike_P","Crow Ritual+1"],"score":213,"play_id":"98825f74-683d-441e-9f49-db6b190bddea","local_time":"20210125194131","is_ascension_mode":true,"campfire_choices":[{"data":"WheelKick","floor":6,"key":"SMITH"},{"floor":8,"key":"REST"},{"floor":15,"key":"REST"}],"circlet_count":0,"master_deck":["Strike_P","Strike_P","Strike_P","Defend_P","Defend_P","Defend_P+1","Defend_P","Eruption","Vigilance","WheelKick+1","Apotheosis+1","SashWhip","Consecrate","BowlingBash","BattleHymn+1","LessonLearned","Replay:LoomingThreat","FollowUp","SignatureMove+1"],"relics":["PureWater","CCEMRelics:FestiveHat","Ornamental Fan","Akabeko","Ancient Tea Set","StSpp:PileOfSugar"],"acts_visited":["Exordium","TheCity"],"potions_floor_usage":[14,19,20],"damage_taken":[{"damage":3,"enemies":"Cultist","floor":1,"turns":5},{"damage":10,"enemies":"Small Slimes","floor":2,"turns":5},{"damage":0,"enemies":"2 Louse","floor":3,"turns":3},{"damage":0,"enemies":"Blue Slaver","floor":4,"turns":4},{"damage":0,"enemies":"3 Louse","floor":7,"turns":3},{"damage":1,"enemies":"Replay:BlueRogue","floor":11,"turns":4},{"damage":5,"enemies":"Large Slime","floor":13,"turns":3},{"damage":14,"enemies":"Lagavulin","floor":14,"turns":6},{"damage":22,"enemies":"Fading Forest","floor":16,"turns":11},{"damage":6,"enemies":"2 Thieves","floor":18,"turns":3},{"damage":0,"enemies":"Chosen","floor":19,"turns":4},{"damage":37,"enemies":"Shelled Parasite and Fungi","floor":20,"turns":3},{"damage":29,"enemies":"Slavers","floor":23,"turns":2}],"seed_played":"6098015633270805584","potions_obtained":[{"floor":2,"key":"Weak Potion"},{"floor":4,"key":"Weak Potion"},{"floor":5,"key":"Venom Potion"},{"floor":10,"key":"SteroidPotion"},{"floor":10,"key":"Fire Potion"},{"floor":13,"key":"Adrenaline Potion"},{"floor":14,"key":"GamblersBrew"},{"floor":18,"key":"LiquidMemories"}],"is_trial":false,"path_per_floor":["M","M","M","M","?","R","M","R","T","?","E","$","M","E","R","B",null,"M","M","M","$","?","E"],"character_chosen":"WATCHER","items_purchased":["BowlingBash"],"campfire_rested":2,"item_purchase_floors":[12],"current_hp_per_floor":[69,59,59,59,59,59,59,72,72,72,71,71,66,52,72,50,72,66,66,29,29,29,0,0],"gold":227,"neow_bonus":"RANDOM_COMMON_RELIC","is_daily":false,"chose_seed":false,"campfire_upgraded":1,"win_rate":0.0,"timestamp":1611600091,"path_taken":["M","M","M","?","?","R","?","R","T","?","E","$","M","E","R","BOSS","M","M","M","$","?","E"],"items_purchased_type":["Card"],"build_version":"2020-12-22","purchased_purges":2,"victory":false,"max_hp_per_floor":[72,72,72,72,72,72,72,72,72,72,72,72,72,72,72,72,72,72,72,72,72,72,72,72],"card_choices":[{"not_picked":["Panache+1","Secret Technique+1"],"picked":"Crow Ritual+1","floor":1},{"not_picked":["DeceiveReality","Replay:AtTheReady"],"picked":"WheelKick","floor":1},{"not_picked":["Forethought+1","Secret Weapon+1","StSpp:Cataclysm+1"],"picked":"SKIP","floor":2},{"not_picked":["FlurryOfBlows","Adaptation","ThirdEye"],"picked":"SKIP","floor":2},{"not_picked":["Blind+1","Mind Blast+1"],"picked":"Apotheosis+1","floor":3},{"not_picked":["FearNoEvil","Meditate"],"picked":"SashWhip","floor":3},{"not_picked":["Conclude","Replay:Cycle","Meditate"],"picked":"SKIP","floor":4},{"not_picked":["FollowUp","StSpp:LatentStrike"],"picked":"Consecrate","floor":7},{"not_picked":["SashWhip","Replay:AtTheReady","EmptyFist"],"picked":"SKIP","floor":11},{"not_picked":["StSpp:Renounce","Replay:ManipulateFuture"],"picked":"BattleHymn","floor":13},{"not_picked":["MentalFortress","WreathOfFlame"],"picked":"LessonLearned","floor":14},{"not_picked":["Blasphemy","StSpp:Faith"],"picked":"Replay:LoomingThreat","floor":16},{"not_picked":["EmptyFist","Halt"],"picked":"FollowUp","floor":18},{"not_picked":["Halt+1","Weave","Collect+1"],"picked":"SKIP","floor":19},{"not_picked":["FlyingSleeves","Indignation"],"picked":"SignatureMove+1","floor":20}],"player_experience":142769,"relics_obtained":[{"floor":9,"key":"Ornamental Fan"},{"floor":11,"key":"Akabeko"},{"floor":14,"key":"Ancient Tea Set"}],"event_choices":[{"damage_healed":0,"gold_gain":0,"player_choice":"Bought 1 Potion","damage_taken":0,"max_hp_gain":0,"max_hp_loss":0,"event_name":"The Woman in Blue","floor":5,"gold_loss":0},{"damage_healed":0,"gold_gain":0,"player_choice":"Got Potions","damage_taken":0,"max_hp_gain":0,"max_hp_loss":0,"event_name":"Lab","floor":10,"gold_loss":0},{"damage_healed":0,"gold_gain":0,"player_choice":"Forge","damage_taken":0,"max_hp_gain":0,"max_hp_loss":0,"event_name":"Accursed Blacksmith","floor":22,"gold_loss":0,"cards_upgraded":["BattleHymn"]}],"is_beta":false,"boss_relics":[{"not_picked":["aspiration:IroncladSkillbook","reliquary:KinkedSpring"],"picked":"StSpp:PileOfSugar"}],"items_purged_floors":[12,21],"is_endless":false,"potions_floor_spawned":[2,4,13,14,18],"killed_by":"Slavers","ascension_level":1}}