{"host":"3y2rtlgteqp2nuo3","time":1611574517,"event":{"mods":["2.2 Compatiblity","AchievementEnabler","BaseMod","Colored Map","DeckTracker","Highlight Path","Keyboard Shortcuts","Minty Spire (QoL Compilation)","Permanent Neow","Quick Restart","StSLib","SuperFastMode","everything is the same but u backflip on backflip"],"gold_per_floor":[17,17,32,48,123,123,48,48,75,104,114,129,147,167,167,167,167],"floor_reached":16,"language":"KOR","playtime":541,"items_purged":["Strike_G"],"score":187,"play_id":"6f74ef4f-6889-4fa8-a012-cab740b48d6e","local_time":"20210125203517","is_ascension_mode":true,"campfire_choices":[{"data":"Poisoned Stab","floor":6,"key":"SMITH"},{"data":"Neutralize","floor":8,"key":"SMITH"},{"floor":15,"key":"REST"}],"circlet_count":0,"master_deck":["AscendersBane","Strike_G","Strike_G","Defend_G","Defend_G","Defend_G","Defend_G","Survivor","Neutralize+1","Expertise","Outmaneuver","Underhanded Strike","Poisoned Stab+1","Backstab","Escape Plan","Deadly Poison","After Image","PiercingWail","Crippling Poison","Acrobatics"],"relics":["Ring of the Snake","Dream Catcher","Pocketwatch"],"acts_visited":["Exordium"],"potions_floor_usage":[],"damage_taken":[{"damage":1,"enemies":"Small Slimes","floor":1,"turns":6},{"damage":0,"enemies":"Jaw Worm","floor":3,"turns":5},{"damage":1,"enemies":"Cultist","floor":4,"turns":5},{"damage":30,"enemies":"Lagavulin","floor":10,"turns":6},{"damage":5,"enemies":"3 Louse","floor":11,"turns":3},{"damage":0,"enemies":"2 Fungi Beasts","floor":12,"turns":5},{"damage":0,"enemies":"Blue Slaver","floor":13,"turns":3},{"damage":0,"enemies":"Large Slime","floor":14,"turns":5},{"damage":8,"enemies":"Slime Boss","floor":16,"turns":6}],"seed_played":"9145120672692995973","potions_obtained":[{"floor":3,"key":"Weak Potion"},{"floor":4,"key":"GamblersBrew"}],"is_trial":false,"path_per_floor":["M","?","M","M","?","R","$","R","T","E","M","M","M","M","R","B"],"character_chosen":"THE_SILENT","items_purchased":[],"campfire_rested":1,"item_purchase_floors":[],"current_hp_per_floor":[58,58,58,57,46,46,46,46,46,16,11,11,11,11,30,22,22],"gold":167,"neow_bonus":"TRANSFORM_TWO_CARDS","is_daily":false,"chose_seed":false,"campfire_upgraded":2,"win_rate":0.0,"timestamp":1611574517,"path_taken":["M","?","M","M","?","R","?","R","T","E","?","M","M","M","R","BOSS"],"items_purchased_type":[],"build_version":"2020-12-22","purchased_purges":1,"victory":false,"max_hp_per_floor":[66,66,66,66,66,66,66,66,66,66,66,66,66,66,66,66,66],"card_choices":[{"not_picked":["Acrobatics","Bane"],"picked":"Underhanded Strike","floor":1},{"not_picked":["Accuracy","Dagger Throw"],"picked":"Poisoned Stab","floor":3},{"not_picked":["Concentrate","Slice"],"picked":"Backstab","floor":4},{"not_picked":["Well Laid Plans","Expertise"],"picked":"Escape Plan","floor":10},{"not_picked":["Reflex","Setup"],"picked":"Deadly Poison","floor":11},{"not_picked":["Heel Hook","Caltrops"],"picked":"After Image","floor":12},{"not_picked":["Deflect","Underhanded Strike"],"picked":"PiercingWail","floor":13},{"not_picked":["Catalyst","PiercingWail"],"picked":"Crippling Poison","floor":14},{"not_picked":["Outmaneuver","Quick Slash"],"picked":"Acrobatics","floor":15}],"player_experience":716506,"relics_obtained":[{"floor":9,"key":"Dream Catcher"},{"floor":10,"key":"Pocketwatch"}],"event_choices":[{"cards_removed":["Strike_G"],"damage_healed":0,"gold_gain":0,"player_choice":"Forget","damage_taken":0,"max_hp_gain":0,"max_hp_loss":0,"event_name":"Living Wall","floor":2,"gold_loss":0},{"damage_healed":0,"gold_gain":75,"player_choice":"Gather Gold","damage_taken":11,"max_hp_gain":0,"max_hp_loss":0,"event_name":"World of Goop","floor":5,"gold_loss":0}],"is_beta":false,"boss_relics":[],"items_purged_floors":[7],"is_endless":false,"potions_floor_spawned":[3,4,10,13,14],"killed_by":"Slime Boss","ascension_level":16}}