{"host":"a1eatafr7pisesky","time":1611573721,"event":{"mods":["AchievementEnabler","BaseMod","Colored Map","Keyboard Shortcuts","Minty Spire (QoL Compilation)","Say the Spire","StSLib","SuperFastMode","everything is the same but u backflip on backflip"],"gold_per_floor":[119,119,44,61,61,93,70,89,89,89,89,123,153,153,153,153,153],"floor_reached":16,"language":"KOR","playtime":199,"items_purged":["Strike_G"],"score":203,"play_id":"d97504f3-312c-4700-b92a-fdacf2aac24e","local_time":"20210125202201","is_ascension_mode":true,"campfire_choices":[{"data":"Defend_G","floor":10.0,"key":"PURGE"},{"data":"Burst","floor":15.0,"key":"SMITH"}],"circlet_count":0,"master_deck":["AscendersBane","Strike_G","Strike_G","Strike_G","Defend_G","Defend_G","Defend_G","Defend_G","Survivor","Neutralize","Dagger Spray","PiercingWail","Calculated Gamble","Blade Dance","Cloak And Dagger","Burst+1"],"relics":["Ring of the Snake","NeowsBlessing","Incense Burner","Peace Pipe","Bottled Lightning","Pear"],"acts_visited":["Exordium"],"potions_floor_usage":[],"damage_taken":[{"damage":0.0,"enemies":"2 Louse","floor":1.0,"turns":1.0},{"damage":0.0,"enemies":"Jaw Worm","floor":4.0,"turns":1.0},{"damage":0.0,"enemies":"Gremlin Nob","floor":6.0,"turns":1.0},{"damage":4.0,"enemies":"Small Slimes","floor":8.0,"turns":3.0},{"damage":46.0,"enemies":"Lagavulin","floor":12.0,"turns":11.0},{"damage":0,"enemies":"The Guardian","floor":16,"turns":1}],"seed_played":"-6698440738809314347","potions_obtained":[{"floor":12.0,"key":"AttackPotion"}],"is_trial":false,"path_per_floor":["M","?","$","M","$","E","$","M","T","R","?","E","?","?","R","B"],"character_chosen":"THE_SILENT","items_purchased":["Blade Dance"],"campfire_rested":0,"item_purchase_floors":[7],"current_hp_per_floor":[63,60,60,60,60,60,60,56,56,56,56,20,20,46,46,46,46],"gold":153,"neow_bonus":"THREE_ENEMY_KILL","is_daily":false,"chose_seed":false,"campfire_upgraded":1,"win_rate":0.0,"timestamp":1611573721,"path_taken":["M","?","$","M","?","E","$","M","T","R","?","E","?","?","R","BOSS"],"items_purchased_type":["Card"],"build_version":"2020-12-22","purchased_purges":1,"victory":false,"max_hp_per_floor":[70,70,70,70,70,70,70,70,70,70,70,80,80,80,80,80,80],"card_choices":[{"not_picked":["Outmaneuver","Acrobatics"],"picked":"Dagger Spray","floor":1.0},{"not_picked":["Calculated Gamble","Reflex"],"picked":"PiercingWail","floor":4.0},{"not_picked":["Backstab","Deflect"],"picked":"Calculated Gamble","floor":6.0},{"not_picked":["Noxious Fumes","Reflex"],"picked":"Cloak And Dagger","floor":8.0},{"not_picked":["Deflect","Venomology"],"picked":"Burst","floor":12.0}],"player_experience":353258,"relics_obtained":[{"floor":6.0,"key":"Peace Pipe"},{"floor":9.0,"key":"Bottled Lightning"},{"floor":12.0,"key":"Pear"}],"event_choices":[{"damage_healed":0.0,"max_hp_gain":0.0,"max_hp_loss":0.0,"gold_gain":0.0,"event_name":"Scrap Ooze","player_choice":"Success","floor":2.0,"gold_loss":0.0,"damage_taken":3.0,"relics_obtained":["Incense Burner"]},{"cards_removed":["Strike_G"],"damage_healed":0.0,"max_hp_gain":0.0,"max_hp_loss":0.0,"gold_gain":0.0,"event_name":"Living Wall","player_choice":"Forget","floor":11.0,"gold_loss":0.0,"damage_taken":0.0},{"damage_healed":0.0,"max_hp_gain":0.0,"max_hp_loss":0.0,"gold_gain":30.0,"event_name":"Dead Adventurer","player_choice":"Searched \u00271\u0027 times","floor":13.0,"gold_loss":0.0,"damage_taken":0.0},{"damage_healed":26.0,"max_hp_gain":0.0,"max_hp_loss":0.0,"gold_gain":0.0,"event_name":"Big Fish","player_choice":"Banana","floor":14.0,"gold_loss":0.0,"damage_taken":0.0}],"is_beta":false,"boss_relics":[],"items_purged_floors":[3],"is_endless":false,"potions_floor_spawned":[12],"killed_by":"The Guardian","ascension_level":11}}