{"host":"pv86o47qu885j2ye","time":1611582812,"event":{"mods":["ATMod(阿瑾Mod)","Ascension Reborn","Aspiration","Astrologer","Bard","BaseMod","Beaked The Cultist","Become a monster 百变怪","BetterRewards","Challenge The Spire","Colored Map","Conspire","HornydragonMod","KinomotoSakuraMod(木之本樱)","LagranYue(拉格朗・月)","Mad Scientist","Marisa（F雨　魔理沙）","Mimic Mod","Minty Spire (QoL Compilation)","Nova Terra(诺娃・泰拉)","Prisma Mod","Remilia_Scarlet Moed（蕾米莉亚・斯卡雷特）3.3.5","Remilia（蕾米莉亚）","StSLib","Td1madao Mod","The Administrix","The Alterego","The Animator","The Bladedancer","The Bug Knight","The Gatherer","The IronCluck","The Mystic","The Runesmith","The Saiyan","The Senshi","The Servant 0.9.4","WarShipGirlsR/战舰少女R mod","Youmu（魂魄妖梦）"],"gold_per_floor":[109,125,125,142,142,142,178,178,178,209,209,230,254,254,254,383,446,462,487,436,459,459,459,490,526,564,585,33,49,49,49,49,179,179,218,218,218,218],"floor_reached":36,"language":"ZHS","playtime":3267,"items_purged":[],"score":467,"play_id":"b374ad1b-3f06-4bce-beaf-ed925002cdbe","local_time":"20210125215332","is_ascension_mode":true,"metric_token":2517,"campfire_choices":[{"floor":6,"key":"REST"},{"floor":8,"key":"REST"},{"floor":11,"key":"REST"},{"data":"AT_FamilyPortrait","floor":15,"key":"SMITH"},{"floor":23,"key":"REST"},{"data":"Gatherer:PoisonMastery","floor":30,"key":"SMITH"},{"floor":32,"key":"REST"}],"circlet_count":0,"master_deck":["Gatherer:Strike_Gatherer","Gatherer:Strike_Gatherer","Gatherer:Strike_Gatherer","Gatherer:Strike_Gatherer","Gatherer:Strike_Gatherer","Gatherer:Defend_Gatherer","Gatherer:Defend_Gatherer","Gatherer:Defend_Gatherer","Gatherer:Defend_Gatherer","Gatherer:Defend_Gatherer","Gatherer:Centralize","Gatherer:FlowerWhip","AT_FamilyPortrait+1","Gatherer:ScentOfRosmari","Gatherer:Snatch","Gatherer:Snatch","Gatherer:BomberForm","Gatherer:Snatch+1","Gatherer:AcidicSpray","Gatherer:ScherryThrow","Gatherer:MindSearch","Gatherer:Convert","Gatherer:SaveValuables+1","Gatherer:AcidicSpray","Gatherer:GlowingPlant","Gatherer:Shadow","Gatherer:Light","Gatherer:QuickSynthesis+1","Gatherer:BambuSword","Gatherer:RecoveryHerb","Gatherer:Misfortune","Gatherer:PoisonMastery+1","Necronomicurse","Gatherer:BlackTea","Gatherer:BambuSword+1"],"relics":["Gatherer:AlchemyBag","AT_ATBox","LagranYue:RandomDrawCardRelic","NeowsBlessing","AT_BladeRuinedKing","Golden Idol","aspiration:FrozenJewel","conspire:DeflatedDodgeball","LagranYue:MagicReflectiveArmorRelic","Tiny House","aspiration:RitualStick","Red Mask","conspire:Dentures","conspire:DecoderRing","AT_GuinsooRageblade","Toolbox","Bronze Scales","Necronomicon","AT_TrinityForce"],"acts_visited":["Exordium","TheCity","TheBeyond"],"potions_floor_usage":[13,18,21,29,35],"damage_taken":[{"damage":2,"enemies":"conspire:RoseBush","floor":1,"turns":1},{"damage":0,"enemies":"Jaw Worm","floor":2,"turns":1},{"damage":0,"enemies":"Small Slimes","floor":4,"turns":1},{"damage":26,"enemies":"Lagavulin","floor":7,"turns":4},{"damage":9,"enemies":"Gremlin Nob","floor":10,"turns":4},{"damage":1,"enemies":"Looter","floor":12,"turns":2},{"damage":0,"enemies":"Blue Slaver","floor":13,"turns":3},{"damage":45,"enemies":"The Guardian","floor":16,"turns":7},{"damage":45,"enemies":"conspire:FuzzyDice","floor":18,"turns":5},{"damage":0,"enemies":"3 Byrds","floor":19,"turns":4},{"damage":5,"enemies":"Shelled Parasite and Fungi","floor":21,"turns":5},{"damage":2,"enemies":"Masked Bandits","floor":24,"turns":5},{"damage":4,"enemies":"Book of Stabbing","floor":25,"turns":4},{"damage":4,"enemies":"Snecko","floor":26,"turns":5},{"damage":0,"enemies":"Snecko","floor":27,"turns":3},{"damage":0,"enemies":"Cultist and Chosen","floor":29,"turns":4},{"damage":0,"enemies":"Champ","floor":33,"turns":9},{"damage":0,"enemies":"3 Shapes","floor":35,"turns":2},{"damage":131,"enemies":"Remilia_Byz","floor":36,"turns":6}],"seed_played":"4870860604863275236","potions_obtained":[{"floor":1,"key":"Ancient Potion"},{"floor":12,"key":"Strength Potion"},{"floor":16,"key":"FairyPotion"},{"floor":17,"key":"PowerPotion"},{"floor":19,"key":"Fire Potion"},{"floor":25,"key":"Strength Potion"},{"floor":27,"key":"Explosive Potion"},{"floor":33,"key":"SkillPotion"}],"is_trial":false,"path_per_floor":["M","M","?","M","?","R","E","R","T","E","R","M","M","$","R","B",null,"M","M","?","M","?","R","?","E","MIM","M","$","M","R","?","R","B",null,"M","?"],"character_chosen":"THE_GATHERER","items_purchased":["AT_GuinsooRageblade","Toolbox","Bronze Scales"],"campfire_rested":5,"item_purchase_floors":[28,28,28],"current_hp_per_floor":[70,70,52,52,34,55,29,50,50,41,62,61,61,61,61,16,77,32,32,52,47,32,55,53,49,45,45,45,49,49,33,56,59,77,77,0,0,0],"gold":218,"neow_bonus":"THREE_ENEMY_KILL","is_daily":false,"chose_seed":false,"campfire_upgraded":2,"win_rate":0.0,"timestamp":1611582812,"path_taken":["M","M","?","M","?","R","E","R","T","E","R","?","M","$","R","BOSS","M","M","?","M","?","R","?","E","MIM","M","$","?","R","?","R","BOSS","M","?"],"items_purchased_type":["Relic","Relic","Relic"],"build_version":"2020-12-22","purchased_purges":0,"victory":false,"max_hp_per_floor":[72,72,72,72,72,72,72,72,72,72,72,72,72,72,72,72,77,77,77,77,77,77,77,77,77,77,77,77,77,77,77,77,77,77,77,77,77,77],"card_choices":[{"not_picked":["Gatherer:ScrollOfWall","Gatherer:Convert"],"picked":"Gatherer:ScentOfRosmari","floor":1},{"not_picked":["Gatherer:DrugPower","Gatherer:OddSpoils"],"picked":"Gatherer:Snatch","floor":2},{"not_picked":["Gatherer:Bulldoze","Gatherer:PotentialSlash"],"picked":"Gatherer:Snatch","floor":4},{"not_picked":["Gatherer:FlowerBeam","Gatherer:Frenzy"],"picked":"Gatherer:BomberForm","floor":7},{"not_picked":["Gatherer:BambuSword","Gatherer:Frenzy"],"picked":"Gatherer:Snatch","floor":10},{"not_picked":["Gatherer:EnergyBasket","Gatherer:SaveValuables"],"picked":"Gatherer:AcidicSpray","floor":12},{"not_picked":["Gatherer:TreeGrowth","Gatherer:Convert"],"picked":"Gatherer:ScherryThrow","floor":13},{"not_picked":["Gatherer:FinishingStrike","Gatherer:CursedBlade"],"picked":"Gatherer:MindSearch","floor":16},{"not_picked":["Gatherer:FlowerBeam","Gatherer:AcidicSpray"],"picked":"Gatherer:Convert","floor":17},{"not_picked":["Gatherer:PotentialSlash","Gatherer:ScrollOfWall"],"picked":"Gatherer:SaveValuables+1","floor":18},{"not_picked":["Gatherer:WoolGloves","Gatherer:EnergyBasket"],"picked":"Gatherer:AcidicSpray","floor":19},{"not_picked":["Gatherer:Duality","Gatherer:BambuSword"],"picked":"Gatherer:GlowingPlant","floor":21},{"not_picked":["Gatherer:TreeGrowth+1","Gatherer:Snatch"],"picked":"Gatherer:QuickSynthesis+1","floor":24},{"not_picked":["Gatherer:Convert+1","Gatherer:GrowBook"],"picked":"Gatherer:BambuSword","floor":25},{"not_picked":["Gatherer:CollectorsShot+1","Gatherer:BambuSword"],"picked":"Gatherer:RecoveryHerb","floor":26},{"not_picked":["Gatherer:SaveValuables","Gatherer:GatherMaterial"],"picked":"Gatherer:Misfortune","floor":27},{"not_picked":["Gatherer:Herbalism","Gatherer:GatherMaterial"],"picked":"Gatherer:PoisonMastery","floor":29},{"not_picked":["Gatherer:ColorfulGarden","Gatherer:Examine"],"picked":"Gatherer:BlackTea","floor":33},{"not_picked":["Gatherer:EnergyBasket+1","Gatherer:EchoOfNature"],"picked":"Gatherer:BambuSword+1","floor":35}],"player_experience":33597,"relics_obtained":[{"floor":7,"key":"aspiration:FrozenJewel"},{"floor":9,"key":"conspire:DeflatedDodgeball"},{"floor":10,"key":"LagranYue:MagicReflectiveArmorRelic"},{"floor":24,"key":"Red Mask"},{"floor":25,"key":"conspire:Dentures"},{"floor":26,"key":"conspire:DecoderRing"},{"floor":31,"key":"Necronomicon"}],"event_choices":[{"damage_healed":0,"gold_gain":0,"player_choice":"Success","damage_taken":18,"relics_obtained":["AT_BladeRuinedKing"],"max_hp_gain":0,"max_hp_loss":0,"event_name":"Scrap Ooze","floor":3,"gold_loss":0},{"damage_healed":0,"gold_gain":0,"player_choice":"Take Damage","damage_taken":18,"relics_obtained":["Golden Idol"],"max_hp_gain":0,"max_hp_loss":0,"event_name":"Golden Idol","floor":5,"gold_loss":0},{"damage_healed":0,"gold_gain":0,"player_choice":"Fought Bandits","damage_taken":0,"max_hp_gain":0,"max_hp_loss":0,"event_name":"Masked Bandits","floor":24,"gold_loss":0},{"damage_healed":0,"gold_gain":0,"player_choice":"Obtained Book","damage_taken":16,"max_hp_gain":0,"max_hp_loss":0,"event_name":"Cursed Tome","floor":31,"gold_loss":0}],"is_beta":false,"boss_relics":[{"not_picked":["aspiration:SecretTechniqueScroll","conspire:RunicOctahedron"],"picked":"Tiny House"},{"not_picked":["Sozu","Black Star"],"picked":"AT_TrinityForce"}],"items_purged_floors":[],"is_endless":false,"potions_floor_spawned":[1,12,16,19,25,27,33],"killed_by":"Remilia_Byz","ascension_level":0}}