{"host":"srk2drlvga69hbot","time":1611545389,"event":{"mods":["BaseMod","Bestiary","Block Reminder","Colored Map","Colored Powertips","Dark Map","DeckTracker","Highlight Path","Minty Spire (QoL Compilation)","Quick Restart","Rare Cards Sparkle","Relic Stats","SuperFastMode","Unceasing Turn Reminder"],"gold_per_floor":[10,30,30,43,43,70,84,84,84,115,128,128,139,139,139],"floor_reached":14,"language":"ZHS","playtime":634,"items_purged":[],"score":138,"play_id":"b33b873d-7076-4424-a11f-52f0870b7018","local_time":"20210125112949","is_ascension_mode":true,"campfire_choices":[{"floor":8,"key":"REST"},{"floor":12,"key":"REST"}],"circlet_count":0,"master_deck":["Strike_G","Strike_G","Strike_G","Strike_G","Defend_G","Defend_G","Defend_G","Defend_G","Defend_G","Survivor","Neutralize","Acrobatics","Bouncing Flask","Burst","Catalyst","Expertise+1","Deadly Poison+1","Acrobatics+1"],"relics":["Ring of the Snake","Pocketwatch","Bag of Marbles","Potion Belt","Toxic Egg 2"],"acts_visited":["Exordium"],"potions_floor_usage":[14,14],"damage_taken":[{"damage":0,"enemies":"2 Louse","floor":1,"turns":3},{"damage":0,"enemies":"Cultist","floor":2,"turns":3},{"damage":4,"enemies":"Jaw Worm","floor":4,"turns":3},{"damage":33,"enemies":"Gremlin Nob","floor":6,"turns":4},{"damage":7,"enemies":"Blue Slaver","floor":7,"turns":4},{"damage":37,"enemies":"3 Sentries","floor":10,"turns":7},{"damage":1,"enemies":"2 Fungi Beasts","floor":11,"turns":5},{"damage":18,"enemies":"Large Slime","floor":13,"turns":6},{"damage":20,"enemies":"Lagavulin","floor":14,"turns":2}],"seed_played":"4700702023288543361","potions_obtained":[{"floor":1,"key":"PowerPotion"},{"floor":2,"key":"BlessingOfTheForge"},{"floor":6,"key":"Block Potion"},{"floor":13,"key":"CunningPotion"}],"is_trial":false,"path_per_floor":["M","M","?","M","$","E","M","R","T","E","M","R","M","E"],"character_chosen":"THE_SILENT","items_purchased":[],"campfire_rested":2,"item_purchase_floors":[],"current_hp_per_floor":[63,63,63,59,59,26,19,40,40,3,2,23,5,0,0],"gold":139,"neow_bonus":"ONE_RARE_RELIC","is_daily":false,"chose_seed":false,"campfire_upgraded":0,"win_rate":0.0,"timestamp":1611545389,"path_taken":["M","M","?","M","?","E","M","R","T","E","M","R","?","E"],"items_purchased_type":[],"build_version":"2020-12-22","purchased_purges":0,"victory":false,"max_hp_per_floor":[70,70,70,70,70,70,70,70,70,70,70,70,70,70,70],"relic_stats":{"counters":[9,37],"obtain_stats":[{"Potion Belt":9,"Bag of Marbles":6,"Toxic Egg 2":10,"Ring of the Snake":0,"Pocketwatch":0},{"Potion Belt":5,"Bag of Marbles":4,"Toxic Egg 2":6,"Ring of the Snake":0,"Pocketwatch":0},{"Potion Belt":17,"Bag of Marbles":13,"Toxic Egg 2":24,"Ring of the Snake":0,"Pocketwatch":0}],"Ring of the Snake":[18],"Pocketwatch":[60]},"card_choices":[{"not_picked":["Predator","Deflect"],"picked":"Acrobatics","floor":1},{"not_picked":["Deflect","Skewer"],"picked":"Bouncing Flask","floor":2},{"not_picked":["Quick Slash","Dodge and Roll","Dagger Throw"],"picked":"SKIP","floor":4},{"not_picked":["Prepared","Eviscerate"],"picked":"Burst","floor":6},{"not_picked":["Reflex","Bane"],"picked":"Catalyst","floor":7},{"not_picked":["Dagger Throw","Heel Hook"],"picked":"Expertise+1","floor":10},{"not_picked":["Eviscerate","Endless Agony"],"picked":"Deadly Poison+1","floor":11},{"not_picked":["Riddle With Holes","Expertise+1"],"picked":"Acrobatics+1","floor":13}],"player_experience":236463,"relics_obtained":[{"floor":6,"key":"Bag of Marbles"},{"floor":9,"key":"Potion Belt"},{"floor":10,"key":"Toxic Egg 2"}],"event_choices":[{"cards_removed":["Strike_G"],"damage_healed":0,"gold_gain":0,"player_choice":"Purged","damage_taken":0,"max_hp_gain":0,"max_hp_loss":0,"event_name":"Purifier","floor":3,"gold_loss":0}],"is_beta":false,"boss_relics":[],"items_purged_floors":[],"is_endless":false,"potions_floor_spawned":[1,2,6,13],"killed_by":"Lagavulin","ascension_level":7}}