{"host":"Mute","time":1611572598,"event":{"mods":["BaseMod","Colored Map","Downfall","Minty Spire (QoL Compilation)","StSLib"],"gold_per_floor":[99,109,124,139,154,164,190,203,203,203,203],"floor_reached":9,"language":"ENG","playtime":784,"items_purged":[],"score":57,"play_id":"2f2cb11b-2b29-4944-abdd-68b8b18ab590","local_time":"20210125060318","is_ascension_mode":false,"campfire_choices":[{"data":"hexamod:Sear","floor":1,"key":"SMITH"}],"circlet_count":0,"master_deck":["hexamod:Strike","hexamod:Strike","hexamod:Strike","hexamod:Defend","hexamod:Defend","hexamod:Defend","hexamod:Defend","hexamod:Sear+1","hexamod:Float","hexamod:PhantomCloak","hexamod:SwordOfDarkness","hexamod:BurningTouch","hexamod:RadiantFlame","hexamod:PhantomFireball","hexamod:Firestarter"],"relics":["hexamod:SpiritBrand","Tiny Chest"],"acts_visited":["Exordium"],"potions_floor_usage":[],"damage_taken":[{"damage":2,"enemies":"2 Louse","floor":2,"turns":4},{"damage":5,"enemies":"Small Slimes","floor":3,"turns":4},{"damage":2,"enemies":"Jaw Worm","floor":4,"turns":4},{"damage":7,"enemies":"Gremlin Gang","floor":5,"turns":6},{"damage":6,"enemies":"Red Slaver","floor":6,"turns":3},{"damage":22,"enemies":"Exordium Wildlife","floor":8,"turns":4},{"damage":34,"enemies":"Gremlin Nob","floor":9,"turns":4}],"seed_played":"-7553465360012090849","potions_obtained":[{"floor":4,"key":"DuplicationPotion"},{"floor":5,"key":"BlessingOfTheForge"}],"is_trial":false,"path_per_floor":["R","M","M","M","M","M","T","M","E"],"character_chosen":"THE_SPIRIT","items_purchased":[],"campfire_rested":0,"item_purchase_floors":[],"current_hp_per_floor":[70,68,63,61,54,48,48,26,0,0,0],"gold":203,"neow_bonus":"REMOVE_CARD","is_daily":false,"chose_seed":false,"campfire_upgraded":1,"win_rate":0.0,"timestamp":1611572598,"path_taken":["R","M","M","M","M","M","T","M","E"],"items_purchased_type":[],"build_version":"2020-12-18","purchased_purges":0,"victory":false,"max_hp_per_floor":[70,70,70,70,70,70,70,70,70,70,70],"card_choices":[{"not_picked":["hexamod:HauntingEcho","hexamod:GhostOfSpirePast"],"picked":"hexamod:PhantomCloak","floor":2},{"not_picked":["hexamod:ThermalTransfer","hexamod:BurningTouch"],"picked":"hexamod:SwordOfDarkness","floor":3},{"not_picked":["hexamod:RetreatToShadows","hexamod:NightmareStrike"],"picked":"hexamod:BurningTouch","floor":4},{"not_picked":["hexamod:UnleashSpirits","hexamod:Hexaguard"],"picked":"hexamod:RadiantFlame","floor":5},{"not_picked":["hexamod:BacktrackSmack","hexamod:AdvancingGuard"],"picked":"hexamod:PhantomFireball","floor":6},{"not_picked":["hexamod:BacktrackSmack","hexamod:NightmareStrike"],"picked":"hexamod:Firestarter","floor":8}],"player_experience":434343,"relics_obtained":[{"floor":7,"key":"Tiny Chest"}],"event_choices":[],"is_beta":true,"boss_relics":[],"items_purged_floors":[],"is_endless":false,"potions_floor_spawned":[4,5],"killed_by":"Gremlin Nob","ascension_level":0}}