{"host":"x205naxbihvu3p76","time":1611586377,"event":{"mods":["AchievementEnabler","BaseMod","Minty Spire (QoL Compilation)","StSLib","SuperFastMode"],"gold_per_floor":[111,129,54,54,128,128,144,144,144,163,5,21,21,39,39,39,39],"floor_reached":16,"language":"KOR","playtime":259,"items_purged":["Strike_B","Strike_B"],"score":184,"play_id":"01618b5c-0013-4240-a8f7-13d9b9752108","local_time":"20210125235257","is_ascension_mode":true,"campfire_choices":[{"data":"Gash","floor":6,"key":"SMITH"},{"data":"Zap","floor":8,"key":"SMITH"},{"data":"Gash","floor":15,"key":"SMITH"}],"circlet_count":0,"master_deck":["AscendersBane","Strike_B","Defend_B+1","Defend_B","Defend_B+1","Defend_B","Zap+1","Dualcast","Gash+1","Rebound","Go for the Eyes","Gash+1","Leap","Undo"],"relics":["Cracked Core","Tiny Chest","Matryoshka","Regal Pillow","Frozen Egg 2","War Paint","Blood Vial"],"acts_visited":["Exordium"],"potions_floor_usage":[],"damage_taken":[{"damage":1,"enemies":"Cultist","floor":1,"turns":3},{"damage":2,"enemies":"Jaw Worm","floor":2,"turns":3},{"damage":2,"enemies":"2 Louse","floor":7,"turns":2},{"damage":6,"enemies":"Blue Slaver","floor":10,"turns":3},{"damage":12,"enemies":"Exordium Wildlife","floor":12,"turns":3},{"damage":4,"enemies":"Exordium Thugs","floor":14,"turns":4},{"damage":39,"enemies":"Slime Boss","floor":16,"turns":11}],"seed_played":"-8500882054220709431","potions_obtained":[{"floor":2,"key":"Fruit Juice"},{"floor":10,"key":"Energy Potion"}],"is_trial":false,"path_per_floor":["M","M","$","?","T","R","M","R","T","M","$","M","T","M","R","B"],"character_chosen":"DEFECT","items_purchased":["Gash"],"campfire_rested":0,"item_purchase_floors":[11],"current_hp_per_floor":[63,61,61,54,54,54,52,52,52,46,46,34,34,32,32,0,0],"gold":39,"neow_bonus":"RANDOM_COMMON_RELIC","is_daily":false,"chose_seed":false,"campfire_upgraded":3,"win_rate":0.0,"timestamp":1611586377,"path_taken":["M","M","?","?","?","R","M","R","T","M","$","M","?","M","R","BOSS"],"items_purchased_type":["Card"],"build_version":"2020-12-22","purchased_purges":2,"victory":false,"max_hp_per_floor":[71,71,71,71,71,71,71,71,71,71,71,71,71,71,71,71,71],"card_choices":[{"not_picked":["Redo","Hologram"],"picked":"Gash","floor":1},{"not_picked":["Ball Lightning","Conserve Battery"],"picked":"Rebound","floor":2},{"not_picked":["Heatsinks","Coolheaded","Leap"],"picked":"SKIP","floor":7},{"not_picked":["Chill","Ball Lightning"],"picked":"Go for the Eyes","floor":10},{"not_picked":["Redo","Conserve Battery"],"picked":"Leap","floor":12},{"not_picked":["Genetic Algorithm","Multi-Cast"],"picked":"Undo","floor":14}],"player_experience":996626,"relics_obtained":[{"floor":5,"key":"Matryoshka"},{"floor":9,"key":"Regal Pillow"},{"floor":9,"key":"Frozen Egg 2"},{"floor":13,"key":"War Paint"},{"floor":13,"key":"Blood Vial"}],"event_choices":[{"cards_removed":["Strike_B"],"damage_healed":0,"gold_gain":0,"player_choice":"Card Removal","damage_taken":7,"max_hp_gain":0,"max_hp_loss":0,"event_name":"Golden Wing","floor":4,"gold_loss":0}],"is_beta":false,"boss_relics":[],"items_purged_floors":[3,11],"is_endless":false,"potions_floor_spawned":[2,10],"killed_by":"Slime Boss","ascension_level":20}}