{"host":"jnjxzd6rarbui4j8","time":1611602058,"event":{"mods":["AchievementEnabler","BaseMod","Colored Map","Highlight Path","Minty Spire (QoL Compilation)","Relic Stats","StSLib"],"gold_per_floor":[119,137,155,167,19,19,51,51,51,77,77,142,175,193,193,268,268,285,302,352,370,384,384,395,422,422,422,441,471,471,502,502,580,580,600,614,220,220,232,261,261,294,321,348,365,365,379,399,399,399,399,399,399,35,65,65],"floor_reached":57,"language":"ENG","playtime":9622,"items_purged":["Strike_G","Shame"],"score":3228,"play_id":"aabc4413-2eeb-45be-a471-58e850a79c5f","local_time":"20210125141418","is_ascension_mode":true,"campfire_choices":[{"data":"Blade Dance","floor":6.0,"key":"SMITH"},{"data":"Blade Dance","floor":8.0,"key":"SMITH"},{"data":"Phantasmal Killer","floor":15.0,"key":"SMITH"},{"data":"Wraith Form v2","floor":23.0,"key":"SMITH"},{"data":"Accuracy","floor":30.0,"key":"SMITH"},{"data":"Blade Dance","floor":32.0,"key":"SMITH"},{"floor":49.0,"key":"RECALL"},{"floor":53,"key":"REST"}],"circlet_count":0,"master_deck":["AscendersBane","Defend_G","Defend_G","Defend_G","Defend_G","Survivor","Neutralize","Blade Dance+1","Well Laid Plans+1","Blade Dance+1","PanicButton","Dagger Throw","Blade Dance+1","Phantasmal Killer+1","Blade Dance","Backflip","Noxious Fumes","Wraith Form v2+1","PiercingWail","Backstab","Slice+1","Accuracy+1","Calculated Gamble","Acrobatics","After Image","Night Terror","Blade Dance","Calculated Gamble","Panache","Deflect+1","Terror","Storm of Steel","PiercingWail","Terror+1","Sucker Punch+1","Calculated Gamble","Apotheosis","Footwork"],"relics":["Empty Cage","Happy Flower","Question Card","Odd Mushroom","The Specimen","Pen Nib","WristBlade","Thread and Needle","Meat on the Bone","MutagenicStrength","Pocketwatch","Smiling Mask","Cursed Key","OrangePellets","Bottled Tornado","StrikeDummy","Ornamental Fan","Anchor"],"acts_visited":["Exordium","TheCity","TheBeyond","TheEnding"],"potions_floor_usage":[50,50,51,55,56,56],"damage_taken":[{"damage":7.0,"enemies":"Jaw Worm","floor":1.0,"turns":6.0},{"damage":3.0,"enemies":"Small Slimes","floor":2.0,"turns":7.0},{"damage":2.0,"enemies":"Cultist","floor":3.0,"turns":5.0},{"damage":10.0,"enemies":"3 Louse","floor":4.0,"turns":5.0},{"damage":27.0,"enemies":"3 Sentries","floor":7.0,"turns":9.0},{"damage":0.0,"enemies":"The Mushroom Lair","floor":10.0,"turns":5.0},{"damage":0.0,"enemies":"Gremlin Nob","floor":12.0,"turns":3.0},{"damage":1.0,"enemies":"Lagavulin","floor":13.0,"turns":5.0},{"damage":5.0,"enemies":"Gremlin Gang","floor":14.0,"turns":4.0},{"damage":0.0,"enemies":"Slime Boss","floor":16.0,"turns":6.0},{"damage":1.0,"enemies":"Shell Parasite","floor":18.0,"turns":3.0},{"damage":1.0,"enemies":"Chosen","floor":19.0,"turns":3.0},{"damage":0.0,"enemies":"Snake Plant","floor":21.0,"turns":3.0},{"damage":10.0,"enemies":"Cultist and Chosen","floor":22.0,"turns":5.0},{"damage":0.0,"enemies":"Snecko","floor":24.0,"turns":2.0},{"damage":2.0,"enemies":"Slavers","floor":25.0,"turns":5.0},{"damage":0.0,"enemies":"Chosen and Byrds","floor":28.0,"turns":6.0},{"damage":9.0,"enemies":"Gremlin Leader","floor":29.0,"turns":4.0},{"damage":5.0,"enemies":"Book of Stabbing","floor":31.0,"turns":5.0},{"damage":0.0,"enemies":"Automaton","floor":33.0,"turns":8.0},{"damage":1.0,"enemies":"3 Darklings","floor":35.0,"turns":4.0},{"damage":0.0,"enemies":"3 Shapes","floor":36.0,"turns":3.0},{"damage":7.0,"enemies":"Writhing Mass","floor":39.0,"turns":6.0},{"damage":0.0,"enemies":"Nemesis","floor":40.0,"turns":5.0},{"damage":0.0,"enemies":"Reptomancer","floor":42.0,"turns":4.0},{"damage":0.0,"enemies":"Nemesis","floor":44.0,"turns":5.0},{"damage":1.0,"enemies":"4 Shapes","floor":45.0,"turns":4.0},{"damage":0.0,"enemies":"Jaw Worm Horde","floor":47.0,"turns":4.0},{"damage":10.0,"enemies":"Transient","floor":48.0,"turns":6.0},{"damage":20,"enemies":"Time Eater","floor":50,"turns":6},{"damage":19,"enemies":"Awakened One","floor":51,"turns":9},{"damage":0,"enemies":"Shield and Spear","floor":55,"turns":2},{"damage":46,"enemies":"The Heart","floor":56,"turns":8}],"seed_played":"-3920446124039936343","potions_obtained":[{"floor":1.0,"key":"SneckoOil"},{"floor":2.0,"key":"FairyPotion"},{"floor":10.0,"key":"ColorlessPotion"},{"floor":14.0,"key":"LiquidMemories"},{"floor":16.0,"key":"Poison Potion"},{"floor":18.0,"key":"Fruit Juice"},{"floor":22.0,"key":"Poison Potion"},{"floor":24.0,"key":"SteroidPotion"},{"floor":28.0,"key":"FearPotion"},{"floor":33.0,"key":"Poison Potion"},{"floor":35.0,"key":"PowerPotion"},{"floor":36.0,"key":"EntropicBrew"},{"floor":48.0,"key":"BlessingOfTheForge"},{"floor":55,"key":"CunningPotion"}],"is_trial":false,"path_per_floor":["M","M","M","M","$","R","E","R","T","?","?","?","E","M","R","B",null,"M","M","?","M","M","R","M","E","T","?","M","E","R","E","R","B",null,"M","M","$","?","M","E","?","E","T","E","M","?","M","M","R","B","B",null,"R","$","E","B",null],"character_chosen":"THE_SILENT","items_purchased":["PanicButton","Dagger Throw","OrangePellets","Panache","Apotheosis","Footwork","Swift Potion"],"campfire_rested":1,"item_purchase_floors":[5,5,37,37,54,54,54],"current_hp_per_floor":[52,49,47,37,37,37,10,10,10,10,3,3,2,19,19,19,54,53,52,52,52,47,47,47,45,45,45,45,36,36,43,43,43,64,63,63,63,63,56,56,56,56,56,56,55,55,55,45,45,37,30,61,71,71,71,37],"gold":65,"neow_bonus":"BOSS_RELIC","is_daily":false,"chose_seed":false,"campfire_upgraded":6,"win_rate":0.0,"timestamp":1611602058,"path_taken":["M","M","M","M","$","R","E","R","T","?","?","?","E","M","R","BOSS","M","M","?","M","M","R","M","E","T","?","M","E","R","E","R","BOSS","M","M","$","?","?","E","?","E","T","E","?","?","M","M","R","BOSS","BOSS","R","$","E","BOSS"],"items_purchased_type":["Card","Card","Relic","Card","Card","Card","Potion"],"build_version":"2020-12-22","purchased_purges":2,"victory":true,"max_hp_per_floor":[66,66,66,66,66,66,66,66,66,66,66,66,66,66,66,66,66,66,66,66,66,71,71,71,71,71,71,71,71,71,71,71,71,71,71,71,71,71,71,71,71,71,71,71,71,71,71,71,71,71,71,71,71,71,71,71],"relic_stats":{"OrangePellets":[28],"Happy Flower":[44],"counters":[33,165],"Ornamental Fan":[108],"Pen Nib":[35],"Question Card":25,"Smiling Mask":75,"Cursed Key":1,"obtain_stats":[{"Happy Flower":7,"The Specimen":12,"Thread and Needle":25,"Pen Nib":13,"Odd Mushroom":10,"Bottled Tornado":40,"Empty Cage":0,"Question Card":9,"Smiling Mask":31,"Cursed Key":34,"OrangePellets":37,"Anchor":55,"WristBlade":17,"Ornamental Fan":44,"MutagenicStrength":27,"StrikeDummy":42,"Ring of the Snake":0,"Meat on the Bone":26,"Pocketwatch":29},{"Happy Flower":5,"The Specimen":7,"Thread and Needle":16,"Pen Nib":8,"Odd Mushroom":6,"Bottled Tornado":24,"Empty Cage":0,"Question Card":5,"Smiling Mask":19,"Cursed Key":20,"OrangePellets":22,"Anchor":32,"WristBlade":10,"Ornamental Fan":26,"MutagenicStrength":16,"StrikeDummy":25,"Ring of the Snake":0,"Meat on the Bone":16,"Pocketwatch":18},{"Happy Flower":32,"The Specimen":40,"Thread and Needle":76,"Pen Nib":45,"Odd Mushroom":37,"Bottled Tornado":117,"Empty Cage":0,"Question Card":32,"Smiling Mask":91,"Cursed Key":99,"OrangePellets":106,"Anchor":157,"WristBlade":55,"Ornamental Fan":126,"MutagenicStrength":76,"StrikeDummy":121,"Ring of the Snake":0,"Meat on the Bone":76,"Pocketwatch":86}],"Meat on the Bone":48,"Pocketwatch":[71]},"card_choices":[{"not_picked":["Distraction","Deadly Poison","Finisher"],"picked":"SKIP","floor":1.0},{"not_picked":["Acrobatics","Sucker Punch"],"picked":"Blade Dance","floor":2.0},{"not_picked":["Caltrops","PiercingWail"],"picked":"Well Laid Plans","floor":3.0},{"not_picked":["Prepared","Dodge and Roll"],"picked":"Blade Dance","floor":4.0},{"not_picked":["Choke","Quick Slash"],"picked":"Blade Dance","floor":7.0},{"not_picked":["Concentrate","Dagger Throw","Quick Slash"],"picked":"Phantasmal Killer","floor":10.0},{"not_picked":["Catalyst","Backflip","Crippling Poison"],"picked":"Blade Dance","floor":12.0},{"not_picked":["Flying Knee","Deadly Poison","All Out Attack"],"picked":"Backflip","floor":13.0},{"not_picked":["Riddle With Holes","Flying Knee","Prepared"],"picked":"Noxious Fumes","floor":14.0},{"not_picked":["Unload","Grand Finale","Bullet Time"],"picked":"Wraith Form v2","floor":16.0},{"not_picked":["Dagger Throw","Deadly Poison","Outmaneuver"],"picked":"PiercingWail","floor":18.0},{"not_picked":["Sucker Punch","Acrobatics","Slice","Deadly Poison"],"picked":"SKIP","floor":19.0},{"not_picked":["Deflect","Poisoned Stab","Flechettes+1"],"picked":"Backstab","floor":21.0},{"not_picked":["Quick Slash","Bane","Deflect"],"picked":"Slice+1","floor":22.0},{"not_picked":["Well Laid Plans","Outmaneuver","Quick Slash","Infinite Blades+1"],"picked":"SKIP","floor":24.0},{"not_picked":["Venomology","PiercingWail","Cloak And Dagger"],"picked":"Accuracy","floor":25.0},{"not_picked":["Crippling Poison","Outmaneuver","Poisoned Stab"],"picked":"Calculated Gamble","floor":28.0},{"not_picked":["Acrobatics","Skewer","Backstab","Bane"],"picked":"SKIP","floor":29.0},{"not_picked":["Skewer","Backstab","Bane"],"picked":"Acrobatics","floor":29.0},{"not_picked":["Distraction","Expertise","Acrobatics"],"picked":"After Image","floor":31.0},{"not_picked":["Doppelganger","Die Die Die","Glass Knife"],"picked":"Night Terror","floor":33.0},{"not_picked":["Slice","Finisher","Skewer"],"picked":"Blade Dance","floor":35.0},{"not_picked":["Dagger Spray","Underhanded Strike+1","Prepared"],"picked":"Calculated Gamble","floor":36.0},{"not_picked":["Flying Knee","Slice","Deadly Poison"],"picked":"Deflect+1","floor":39.0},{"not_picked":["Dagger Spray+1","Acrobatics","Tactician"],"picked":"Terror","floor":40.0},{"not_picked":["Masterful Stab","Prepared","Skewer+1","Dagger Throw"],"picked":"SKIP","floor":42.0},{"not_picked":["Infinite Blades","Outmaneuver+1","Slice"],"picked":"PiercingWail","floor":44.0},{"not_picked":["Poisoned Stab+1","Eviscerate","Bullet Time"],"picked":"Terror+1","floor":45.0},{"not_picked":["Bane","Crippling Poison","Dagger Throw"],"picked":"Sucker Punch+1","floor":47.0},{"not_picked":["Acrobatics","Escape Plan","Setup"],"picked":"Calculated Gamble","floor":48.0},{"not_picked":["Heel Hook","Dagger Spray","Terror","Slice"],"picked":"SKIP","floor":55}],"player_experience":2528901,"relics_obtained":[{"floor":7.0,"key":"Happy Flower"},{"floor":9.0,"key":"Question Card"},{"floor":10.0,"key":"Odd Mushroom"},{"floor":12.0,"key":"The Specimen"},{"floor":13.0,"key":"Pen Nib"},{"floor":25.0,"key":"Thread and Needle"},{"floor":26.0,"key":"Meat on the Bone"},{"floor":29.0,"key":"Pocketwatch"},{"floor":31.0,"key":"Smiling Mask"},{"floor":40.0,"key":"Bottled Tornado"},{"floor":42.0,"key":"StrikeDummy"},{"floor":44.0,"key":"Ornamental Fan"},{"floor":55,"key":"Anchor"}],"event_choices":[{"damage_healed":0.0,"max_hp_gain":0.0,"max_hp_loss":0.0,"gold_gain":0.0,"event_name":"Mushrooms","player_choice":"Fought Mushrooms","floor":10.0,"gold_loss":0.0,"damage_taken":0.0},{"cards_removed":["Strike_G"],"damage_healed":0.0,"max_hp_gain":0.0,"max_hp_loss":0.0,"gold_gain":0.0,"event_name":"Golden Wing","player_choice":"Card Removal","floor":11.0,"gold_loss":0.0,"damage_taken":7.0},{"damage_healed":0.0,"max_hp_gain":0.0,"max_hp_loss":0.0,"gold_gain":0.0,"event_name":"Dead Adventurer","player_choice":"Searched \u00271\u0027 times","floor":12.0,"gold_loss":0.0,"damage_taken":0.0},{"damage_healed":0.0,"max_hp_gain":0.0,"max_hp_loss":0.0,"gold_gain":50.0,"event_name":"Nest","player_choice":"Stole From Cult","floor":20.0,"gold_loss":0.0,"damage_taken":0.0},{"damage_healed":0.0,"max_hp_gain":0.0,"max_hp_loss":0.0,"gold_gain":0.0,"event_name":"Drug Dealer","player_choice":"Inject Mutagens","floor":27.0,"gold_loss":0.0,"damage_taken":0.0,"relics_obtained":["MutagenicStrength"]},{"damage_healed":0.0,"max_hp_gain":0.0,"max_hp_loss":0.0,"gold_gain":0.0,"event_name":"Upgrade Shrine","player_choice":"Upgraded","floor":38.0,"gold_loss":0.0,"damage_taken":0.0,"cards_upgraded":["Well Laid Plans"]},{"damage_healed":0.0,"max_hp_gain":0.0,"max_hp_loss":0.0,"gold_gain":0.0,"cards_transformed":["Strike_G"],"event_name":"Transmorgrifier","player_choice":"Transformed","floor":41.0,"gold_loss":0.0,"damage_taken":0.0,"cards_obtained":["Storm of Steel"]},{"cards_removed":["Strike_G"],"damage_healed":0.0,"max_hp_gain":0.0,"max_hp_loss":0.0,"gold_gain":0.0,"event_name":"Falling","player_choice":"Removed Attack","floor":46.0,"gold_loss":0.0,"damage_taken":0.0}],"is_beta":false,"boss_relics":[{"not_picked":["Busted Crown","HoveringKite"],"picked":"WristBlade"},{"not_picked":["SacredBark","Velvet Choker"],"picked":"Cursed Key"}],"items_purged_floors":[37,54],"is_endless":false,"potions_floor_spawned":[1,2,10,14,16,18,22,24,28,33,35,36,40,42,48,55],"ascension_level":20}}