{"host":"820xk69ekh5gtclf","time":1611586471,"event":{"mods":["BaseMod","Custom Start","Downfall","Hermit","Minty Spire (QoL Compilation)","StSLib"],"gold_per_floor":[199,209,220,220,48,58,58,77,102,102,114,114,143,53,64,164,164,64,79,91,91,76,76,100,120,131,16,48,18,45,59,79,181,181,181,201,201,251,268,293,320,120,133,178,192,212,232,263,278,278,278,278],"floor_reached":50,"language":"ENG","playtime":5337,"items_purged":["bronze:Strike","bronze:Strike"],"score":740,"play_id":"77013d49-e3e6-45b3-b963-55246c378ab4","local_time":"20210125095431","is_ascension_mode":true,"campfire_choices":[{"floor":1.0,"key":"RECALL"},{"data":"bronze:Invalidate","floor":10.0,"key":"SMITH"},{"data":"bronze:DigitalCarnage","floor":12.0,"key":"SMITH"},{"data":"bronze:Boost","floor":18.0,"key":"SMITH"},{"data":"bronze:Assembly","floor":23.0,"key":"SMITH"},{"data":"bronze:SpaghettiCode","floor":35.0,"key":"SMITH"},{"data":"bronze:Frontload","floor":42,"key":"SMITH"}],"circlet_count":0,"master_deck":["bronze:Strike","bronze:Strike","bronze:Defend","bronze:Defend","bronze:Defend","bronze:Defend","bronze:Replicate","bronze:Goto","bronze:Deprecate+1","bronze:Invalidate+1","bronze:WildBeam","bronze:Separator","bronze:Boost+1","bronze:Fortify","bronze:DigitalCarnage+1","bronze:Shield","bronze:Frontload+1","bronze:BuggyMess","bronze:ForLoop","bronze:ForLoop","bronze:Assembly+1","bronze:Terminator","bronze:Fortify+1","Dark Shackles","bronze:Boost","bronze:Constructor","bronze:ForLoop","bronze:DigitalCarnage+1"],"relics":["bronze:BronzeCore","InkBottle","Singing Bowl","Akabeko","Coffee Dripper","downfall:HeartBlessingRed","Nilry\u0027s Codex","Art of War","bronze:SilverBullet","Centennial Puzzle","Lee\u0027s Waffle","Regal Pillow","Velvet Choker","Bird Faced Urn","Eternal Feather","downfall:HeartBlessingGreen","downfall:HeartBlessingBlue","Du-Vu Doll","Boot"],"acts_visited":["Exordium","TheCity","TheBeyond"],"potions_floor_usage":[40],"damage_taken":[{"damage":4.0,"enemies":"2 Louse","floor":2.0,"turns":3.0},{"damage":0.0,"enemies":"Cultist","floor":3.0,"turns":3.0},{"damage":0.0,"enemies":"downfall:FleeingMerchant","floor":5.0,"turns":4.0},{"damage":0.0,"enemies":"Small Slimes","floor":6.0,"turns":3.0},{"damage":12.0,"enemies":"Exordium Thugs","floor":8.0,"turns":4.0},{"damage":12.0,"enemies":"Gremlin Nob","floor":9.0,"turns":3.0},{"damage":0.0,"enemies":"3 Louse","floor":11.0,"turns":6.0},{"damage":8.0,"enemies":"3 Sentries","floor":13.0,"turns":5.0},{"damage":0.0,"enemies":"downfall:FleeingMerchant","floor":14.0,"turns":4.0},{"damage":0.0,"enemies":"2 Fungi Beasts","floor":15.0,"turns":3.0},{"damage":52.0,"enemies":"DF_ARCHETYPE_STREAMLINE","floor":16.0,"turns":12.0},{"damage":8.0,"enemies":"Spheric Guardian","floor":19.0,"turns":4.0},{"damage":0.0,"enemies":"Snake Plant","floor":20.0,"turns":4.0},{"damage":9.0,"enemies":"downfall:FleeingMerchant","floor":22.0,"turns":4.0},{"damage":0.0,"enemies":"Centurion and Healer","floor":25.0,"turns":4.0},{"damage":5.0,"enemies":"Chosen and Byrds","floor":26.0,"turns":4.0},{"damage":0.0,"enemies":"downfall:FleeingMerchant","floor":27.0,"turns":4.0},{"damage":4.0,"enemies":"Slavers","floor":28.0,"turns":4.0},{"damage":0.0,"enemies":"downfall:FleeingMerchant","floor":29.0,"turns":1.0},{"damage":4.0,"enemies":"Gremlin Leader","floor":30.0,"turns":6.0},{"damage":22.0,"enemies":"Snake Plant","floor":31.0,"turns":4.0},{"damage":7.0,"enemies":"Centurion and Healer","floor":32.0,"turns":3.0},{"damage":0.0,"enemies":"SI_MIRROR_ARCHETYPE","floor":33.0,"turns":10.0},{"damage":0.0,"enemies":"Orb Walker","floor":36.0,"turns":2.0},{"damage":0,"floor":38,"turns":2},{"damage":0,"enemies":"3 Darklings","floor":39,"turns":6},{"damage":0,"enemies":"Nemesis","floor":40,"turns":5},{"damage":21,"enemies":"Writhing Mass","floor":43,"turns":5},{"damage":39,"enemies":"2 Orb Walkers","floor":44,"turns":5},{"damage":47,"enemies":"4 Shapes","floor":45,"turns":12},{"damage":0,"enemies":"Transient","floor":46,"turns":5},{"damage":0,"enemies":"Sphere and 2 Shapes","floor":47,"turns":3},{"damage":10,"enemies":"Giant Head","floor":48,"turns":6},{"damage":9,"enemies":"3 Darklings","floor":49,"turns":4},{"damage":10,"enemies":"IC_BLOCK_ARCHETYPE","floor":50,"turns":2}],"seed_played":"-4716384805777926717","potions_obtained":[{"floor":2.0,"key":"sneckomod:MuddlingPotion"},{"floor":8.0,"key":"sneckomod:MuddlingPotion"},{"floor":9.0,"key":"Regen Potion"},{"floor":11.0,"key":"Explosive Potion"},{"floor":20.0,"key":"Strength Potion"},{"floor":25.0,"key":"Fruit Juice"},{"floor":26.0,"key":"FearPotion"},{"floor":31.0,"key":"Explosive Potion"},{"floor":32.0,"key":"FearPotion"},{"floor":38,"key":"LiquidMemories"},{"floor":40,"key":"bronze:BurnAndBuffPotion"},{"floor":44,"key":"bronze:CleanCodePotion"},{"floor":46,"key":"Guardian:BlockOnCardUsePotion"}],"is_trial":false,"path_per_floor":["R","M","M","?","$","M","T","M","E","R","M","R","E","$","M","B",null,"R","M","M","?","$","R","T","M","M","$","E","$","E","M","M","B",null,"R","M","?","?","M","E","T","R","M","?","M","M","M","E","M","B"],"character_chosen":"THE_AUTOMATON","items_purchased":["bronze:Separator","bronze:Boost","bronze:Fortify","Centennial Puzzle","Lee\u0027s Waffle","Dark Shackles"],"campfire_rested":0,"item_purchase_floors":[5,5,5,29,29,29],"current_hp_per_floor":[70,66,66,66,66,66,66,54,42,42,44,44,36,38,38,3,76,76,68,70,54,45,45,45,47,49,51,47,96,92,72,67,67,100,100,102,112,114,116,116,116,126,107,68,23,25,27,19,10,0,0,0],"gold":278,"neow_bonus":"HUNDRED_GOLD","is_daily":false,"chose_seed":false,"campfire_upgraded":6,"win_rate":0.0,"timestamp":1611586471,"path_taken":["R","M","M","?","$","?","T","M","E","R","M","R","E","$","M","BOSS","R","M","M","?","$","R","T","M","M","?","E","$","E","M","M","BOSS","R","M","?","?","M","E","T","R","M","?","M","M","?","E","M","BOSS"],"items_purchased_type":["Card","Card","Card","Relic","Relic","Card"],"build_version":"2020-12-22","purchased_purges":2,"victory":false,"max_hp_per_floor":[70,70,70,70,70,70,70,70,70,70,72,72,72,74,74,76,76,76,76,78,78,78,78,78,80,87,89,89,96,96,98,100,100,100,100,102,112,114,116,116,116,126,128,128,130,132,134,136,136,136,136,136],"card_choices":[{"not_picked":["bronze:BronzeOrb","bronze:FineTuning"],"picked":"bronze:Deprecate","floor":2.0},{"not_picked":["bronze:Frontload","bronze:Repulsor"],"picked":"bronze:Invalidate","floor":3.0},{"not_picked":["bronze:Allocate","bronze:Frontload"],"picked":"bronze:WildBeam","floor":5.0},{"not_picked":["bronze:ForceShield","bronze:WildBeam"],"picked":"bronze:DigitalCarnage","floor":6.0},{"not_picked":["bronze:Virus","bronze:OilSpill"],"picked":"bronze:Shield","floor":8.0},{"not_picked":["bronze:BronzeOrb","bronze:DelayedGuard"],"picked":"bronze:Frontload","floor":9.0},{"not_picked":["bronze:Separator","bronze:OilSpill","bronze:Mutator"],"picked":"Singing Bowl","floor":11.0},{"not_picked":["bronze:Return","bronze:Safeguard"],"picked":"bronze:BuggyMess","floor":13.0},{"not_picked":["bronze:Repair","bronze:Turbo","bronze:BuggyMess"],"picked":"Singing Bowl","floor":14.0},{"not_picked":["bronze:Philosophize","bronze:DelayedSlice"],"picked":"bronze:ForLoop","floor":15.0},{"not_picked":["bronze:CleanCode","bronze:Mutator","bronze:Break"],"picked":"Singing Bowl","floor":16.0},{"not_picked":["bronze:FineTuning","bronze:Invalidate"],"picked":"bronze:ForLoop","floor":19.0},{"not_picked":["bronze:BugBarrage","bronze:GetLatest","bronze:Overheat"],"picked":"Singing Bowl","floor":20.0},{"not_picked":["bronze:Invalidate","bronze:DelayedGuard+1"],"picked":"bronze:Assembly","floor":22.0},{"not_picked":["bronze:Separator","bronze:DelayedGuard+1","bronze:BugBarrage+1"],"picked":"Singing Bowl","floor":25.0},{"not_picked":["bronze:Overheat","bronze:Branch+1","bronze:Deprecate"],"picked":"Singing Bowl","floor":26.0},{"not_picked":["bronze:BugBarrage+1","bronze:NullPointer","bronze:Overheat"],"picked":"Singing Bowl","floor":27.0},{"not_picked":["bronze:Boost","bronze:ChosenStrike"],"picked":"bronze:Terminator","floor":28.0},{"not_picked":["bronze:Optimize+1","bronze:Safeguard+1"],"picked":"bronze:Fortify+1","floor":29.0},{"not_picked":["bronze:FineTuning+1","bronze:BuggyMess"],"picked":"bronze:Boost","floor":30.0},{"not_picked":["bronze:BitShift+1","bronze:Overload","bronze:Invalidate"],"picked":"Singing Bowl","floor":31.0},{"not_picked":["bronze:Shell+1","bronze:FineTuning","bronze:Iterate"],"picked":"Singing Bowl","floor":32.0},{"not_picked":["bronze:Verify","bronze:RecursiveStrike"],"picked":"bronze:SpaghettiCode","floor":33.0},{"not_picked":["bronze:BitShift+1","bronze:Shield","bronze:WildBeam+1"],"picked":"Singing Bowl","floor":36.0},{"not_picked":["bronze:Allocate","bronze:Safeguard","bronze:NullPointer"],"picked":"Singing Bowl","floor":38},{"not_picked":["bronze:FineTuning","bronze:Iterate","bronze:ClassDefault"],"picked":"Singing Bowl","floor":39},{"not_picked":["bronze:GetLatest","bronze:MaxOutput+1"],"picked":"bronze:Constructor","floor":40},{"not_picked":["bronze:WhirlingStrike","bronze:Backtrace+1","bronze:BuggyMess"],"picked":"Singing Bowl","floor":43},{"not_picked":["bronze:Overheat","bronze:ClassDefault"],"picked":"bronze:ForLoop","floor":44},{"not_picked":["bronze:BugBarrage","bronze:FineTuning","bronze:Separator"],"picked":"Singing Bowl","floor":45},{"not_picked":["bronze:BuggyMess","bronze:BitShift","bronze:BugBarrage"],"picked":"Singing Bowl","floor":46},{"not_picked":["bronze:Turbo+1","bronze:Break","bronze:Repair+1"],"picked":"Singing Bowl","floor":47},{"not_picked":["bronze:ForLoop","bronze:HyperBeam","bronze:Invalidate"],"picked":"Singing Bowl","floor":48},{"not_picked":["bronze:Separator+1","bronze:DelayedSlice"],"picked":"bronze:DigitalCarnage+1","floor":49}],"player_experience":2385589,"relics_obtained":[{"floor":7.0,"key":"InkBottle"},{"floor":9.0,"key":"Singing Bowl"},{"floor":13.0,"key":"Akabeko"},{"floor":21.0,"key":"Nilry\u0027s Codex"},{"floor":24.0,"key":"Art of War"},{"floor":28.0,"key":"bronze:SilverBullet"},{"floor":30.0,"key":"Regal Pillow"},{"floor":38,"key":"Bird Faced Urn"},{"floor":40,"key":"Eternal Feather"},{"floor":44,"key":"Du-Vu Doll"},{"floor":48,"key":"Boot"}],"event_choices":[{"damage_healed":0,"gold_gain":0,"player_choice":"Fight","damage_taken":0,"max_hp_gain":0,"max_hp_loss":0,"event_name":"Mysterious Sphere","floor":44,"gold_loss":0}],"is_beta":false,"boss_relics":[{"not_picked":["Busted Crown","Sozu"],"picked":"Coffee Dripper"},{"not_picked":["Astrolabe","Fusion Hammer"],"picked":"Velvet Choker"}],"items_purged_floors":[14,27],"is_endless":false,"potions_floor_spawned":[2,8,9,11,20,25,26,31,32,38,40,44,45,46],"killed_by":"IC_BLOCK_ARCHETYPE","ascension_level":1}}