{"host":"ordk2y2ebcetabk6","time":1611611478,"event":{"mods":["AlwaysNeverKeys","Bard","BaseMod","Better Debug","Colored Map","Colored Powertips","Dark Map","Highlight Path","Humility","Minty Spire (QoL Compilation)","Permanent Neow","Rare Cards Sparkle","Spire Arcade","StSLib","Wide Potions"],"gold_per_floor":[114,38,50,66,66,66,99,24,24,48,0,0,0,36,36,161,161,179,79,104,104,118,118,142,17,17,17,17,17,57,2,2,131,131,154,4,337,337,364,364,142,169,169,182,192,210,210,248,248,248],"floor_reached":51,"language":"ENG","playtime":4184,"items_purged":["bard:Strike","bard:Strike","bard:Strike","Pain"],"score":816,"play_id":"e5ba889e-210e-4aa2-8a52-77e318dc01da","local_time":"20210125145118","is_ascension_mode":false,"campfire_choices":[{"data":"bard:MagnumOpus","floor":6.0,"key":"SMITH"},{"data":"bard:Haste","floor":13,"key":"SMITH"},{"data":"bard:HideousLaughter","floor":15,"key":"SMITH"},{"data":"bard:EchoEcho","floor":23,"key":"SMITH"},{"data":"bard:BucklerBash","floor":29,"key":"SMITH"},{"data":"bard:Heroism","floor":32,"key":"SMITH"},{"data":"bard:SplendidForm","floor":40,"key":"SMITH"},{"data":"bard:SixFourTime","floor":47,"key":"SMITH"},{"floor":49,"key":"REST"}],"circlet_count":0,"master_deck":["bard:Defend","bard:Defend","bard:Defend","bard:Defend+1","bard:Riposte","bard:Inspire+1","bard:Haste+1","bard:Heroism+1","bard:Solo","bard:HideousLaughter+1","bard:MagnumOpus+1","bard:EchoEcho+1","bard:Sonata","bard:BucklerBash+1","bard:SplendidForm+1","bard:SixFourTime+1","Parasite","bard:HarmoniousVoice"],"relics":["bard:PitchPipe","bard:BagPipes","White Beast Statue","Meat on the Bone","Odd Mushroom","Busted Crown","Letter Opener","War Paint","bard:MagicTuningFork","Philosopher\u0027s Stone","Bag of Preparation","Pen Nib","CeramicFish","Singing Bowl"],"acts_visited":["Exordium","TheCity","TheBeyond"],"potions_floor_usage":[22,30,30,33,35,35,42,45,45,48,50],"damage_taken":[{"damage":0.0,"enemies":"Small Slimes","floor":1.0,"turns":4.0},{"damage":0.0,"enemies":"2 Louse","floor":3.0,"turns":1.0},{"damage":5.0,"enemies":"Jaw Worm","floor":4.0,"turns":2.0},{"damage":0.0,"enemies":"Gremlin Nob","floor":7.0,"turns":1.0},{"damage":1.0,"enemies":"Looter","floor":10.0,"turns":3.0},{"damage":12,"enemies":"The Mushroom Lair","floor":14,"turns":5},{"damage":3,"enemies":"The Guardian","floor":16,"turns":12},{"damage":0,"enemies":"Chosen","floor":18,"turns":4},{"damage":0,"enemies":"Spheric Guardian","floor":20,"turns":12},{"damage":0,"enemies":"Snake Plant","floor":22,"turns":9},{"damage":2,"enemies":"Chosen and Byrds","floor":24,"turns":7},{"damage":42,"enemies":"Gremlin Leader","floor":30,"turns":7},{"damage":33,"enemies":"Collector","floor":33,"turns":12},{"damage":51,"enemies":"3 Darklings","floor":35,"turns":25},{"damage":24,"enemies":"Nemesis","floor":42,"turns":11},{"damage":0,"enemies":"Orb Walker","floor":44,"turns":5},{"damage":0,"enemies":"3 Darklings","floor":45,"turns":11},{"damage":14,"enemies":"Transient","floor":46,"turns":6},{"damage":0,"enemies":"Writhing Mass","floor":48,"turns":11},{"damage":16,"enemies":"Awakened One","floor":50,"turns":17}],"seed_played":"-8716643082270453376","potions_obtained":[{"floor":4.0,"key":"SmokeBomb"},{"floor":7.0,"key":"Dexterity Potion"},{"floor":14,"key":"Swift Potion"},{"floor":22,"key":"Fire Potion"},{"floor":24,"key":"LiquidBronze"},{"floor":30,"key":"BlessingOfTheForge"},{"floor":33,"key":"Swift Potion"},{"floor":35,"key":"Weak Potion"},{"floor":42,"key":"Swift Potion"},{"floor":44,"key":"Energy Potion"},{"floor":45,"key":"Ancient Potion"},{"floor":46,"key":"SkillPotion"},{"floor":48,"key":"Energy Potion"}],"is_trial":false,"path_per_floor":["M","$","M","M","?","R","E","$","T","M","?","$","R","?","R","B",null,"M","$","M","?","M","R","M","$","T","?","?","R","E","?","R","B",null,"M","$","?","?","T","R","$","E","T","M","M","M","R","M","R","B",null],"character_chosen":"BARD","items_purchased":["bard:Solo","Pen Nib","bard:SixFourTime"],"campfire_rested":1,"item_purchase_floors":[2,41,41],"current_hp_per_floor":[70,70,70,65,48,48,48,48,48,47,47,47,47,47,47,44,70,70,70,70,70,70,70,68,68,68,68,68,68,38,58,58,37,70,31,31,31,31,31,31,31,19,19,33,47,47,47,47,69,53],"gold":248,"neow_bonus":"ONE_RANDOM_RARE_CARD","is_daily":false,"chose_seed":false,"campfire_upgraded":8,"win_rate":0.0,"timestamp":1611611478,"path_taken":["M","$","M","M","?","R","E","$","T","M","?","$","R","?","R","BOSS","M","$","M","?","M","R","M","$","T","?","?","R","E","?","R","BOSS","M","$","?","?","?","R","$","E","T","?","M","M","R","M","R","BOSS"],"items_purchased_type":["Card","Relic","Card"],"build_version":"2020-12-22","purchased_purges":4,"victory":true,"max_hp_per_floor":[70,70,70,70,70,70,70,70,70,70,70,70,70,70,70,70,70,70,70,70,70,70,70,70,70,70,70,70,70,70,70,70,70,70,70,70,70,70,70,70,70,70,70,72,74,76,76,76,76,76],"card_choices":[{"not_picked":["bard:Sift","bard:Gamble"],"picked":"bard:Heroism","floor":1.0},{"not_picked":["bard:StudiedStrike","bard:PhantasmalForce"],"picked":"bard:HideousLaughter","floor":3.0},{"not_picked":["bard:SongBolt","bard:FeastOnFear"],"picked":"bard:MagnumOpus","floor":4.0},{"not_picked":["bard:SongBolt","bard:Heroism"],"picked":"bard:EchoEcho","floor":7.0},{"not_picked":["bard:PhantasmalForce","bard:Fermata","bard:Aphasia"],"picked":"SKIP","floor":10.0},{"not_picked":["bard:BottledSong","bard:FingerOfDeath"],"picked":"bard:Sonata","floor":16},{"not_picked":["bard:Sift+1"],"picked":"SKIP","floor":18},{"not_picked":["bard:Sift"],"picked":"SKIP","floor":20},{"not_picked":["bard:PhantasmalForce"],"picked":"SKIP","floor":22},{"not_picked":[],"picked":"bard:BucklerBash","floor":24},{"not_picked":["bard:GuardPoint"],"picked":"SKIP","floor":30},{"not_picked":[],"picked":"bard:SplendidForm","floor":33},{"not_picked":["bard:EchoEcho+1"],"picked":"SKIP","floor":35},{"not_picked":["bard:Sift"],"picked":"SKIP","floor":42},{"not_picked":["bard:Sift"],"picked":"Singing Bowl","floor":44},{"not_picked":["bard:Shout+1"],"picked":"Singing Bowl","floor":45},{"not_picked":["bard:Gamble+1"],"picked":"Singing Bowl","floor":46},{"not_picked":[],"picked":"bard:HarmoniousVoice","floor":48}],"player_experience":1014474,"relics_obtained":[{"floor":7.0,"key":"White Beast Statue"},{"floor":9.0,"key":"Meat on the Bone"},{"floor":14,"key":"Odd Mushroom"},{"floor":26,"key":"Letter Opener"},{"floor":30,"key":"War Paint"},{"floor":39,"key":"Bag of Preparation"},{"floor":42,"key":"CeramicFish"},{"floor":43,"key":"Singing Bowl"}],"event_choices":[{"damage_healed":0.0,"max_hp_gain":0.0,"max_hp_loss":0.0,"gold_gain":0.0,"event_name":"Golden Idol","player_choice":"Take Damage","floor":5.0,"gold_loss":0.0,"damage_taken":17.0,"relics_obtained":["Golden Idol"]},{"damage_healed":0,"gold_gain":0,"player_choice":"Leave","damage_taken":0,"max_hp_gain":0,"max_hp_loss":0,"event_name":"The Cleric","floor":11,"gold_loss":0},{"damage_healed":0,"gold_gain":0,"player_choice":"Fought Mushrooms","damage_taken":0,"max_hp_gain":0,"max_hp_loss":0,"event_name":"Mushrooms","floor":14,"gold_loss":0},{"damage_healed":0,"gold_gain":0,"player_choice":"Ignored","damage_taken":0,"max_hp_gain":0,"max_hp_loss":0,"event_name":"Vampires","floor":21,"gold_loss":0},{"damage_healed":0,"gold_gain":0,"player_choice":"Ignored","damage_taken":0,"max_hp_gain":0,"max_hp_loss":0,"event_name":"Ghosts","floor":27,"gold_loss":0},{"damage_healed":0,"gold_gain":333,"player_choice":"Gave Idol","damage_taken":0,"max_hp_gain":0,"max_hp_loss":0,"event_name":"The Moai Head","floor":37,"relics_lost":["Golden Idol"],"gold_loss":0},{"damage_healed":0,"gold_gain":0,"player_choice":"Ignored","damage_taken":0,"max_hp_gain":0,"max_hp_loss":0,"event_name":"Mysterious Sphere","floor":38,"gold_loss":0}],"is_beta":false,"boss_relics":[{"not_picked":["Pandora\u0027s Box","SlaversCollar"],"picked":"Busted Crown"},{"not_picked":["SacredBark","Runic Dome"],"picked":"Philosopher\u0027s Stone"}],"items_purged_floors":[8,19,25,36],"is_endless":false,"potions_floor_spawned":[4,7,10,14,16,18,20,22,24,30,33,35,42,44,45,46,48],"ascension_level":0,"is_humility":true}}