{"host":"wkuscavjg97fbbrj","time":1611581564,"event":{"mods":["BaseMod","Colored Powertips","Downfall","Minty Spire (QoL Compilation)","Permanent Neow","Quick Restart","Replay The Spire","StSLib"],"gold_per_floor":[99,109,109,109,131,167,193,193,210,230,252,252,288,303,322,322,322,322],"floor_reached":16,"language":"ENG","playtime":966,"items_purged":[],"score":139,"play_id":"0516adc6-8d69-4909-a114-e4a4f0bd5334","local_time":"20210125083244","is_ascension_mode":false,"campfire_choices":[{"data":"hexamod:RainOfEmbers","floor":8.0,"key":"SMITH"}],"circlet_count":0,"master_deck":["hexamod:Strike","hexamod:Strike","hexamod:Strike","hexamod:Defend","hexamod:Defend","hexamod:Defend","hexamod:Float","hexamod:RainOfEmbers+1","hexamod:SecondSeal","hexamod:SoulSteal","hexamod:SpectralAdrenaline","Amnesia","hexamod:PhantomCloak"],"relics":["hexamod:SpiritBrand","downfall:BrokenWingStatue","Ice Cream","PreservedInsect","Ring of Peace","Molten Egg 2"],"acts_visited":["Exordium"],"potions_floor_usage":[],"damage_taken":[{"damage":0.0,"enemies":"Cultist","floor":2.0,"turns":3.0},{"damage":0.0,"enemies":"Small Slimes","floor":5.0,"turns":4.0},{"damage":32.0,"enemies":"3 Sentries","floor":6.0,"turns":13.0},{"damage":6.0,"enemies":"Jaw Worm","floor":9.0,"turns":3.0},{"damage":6.0,"enemies":"Large Slime","floor":10.0,"turns":5.0},{"damage":2.0,"enemies":"Blue Slaver","floor":11.0,"turns":3.0},{"damage":0.0,"enemies":"Lagavulin","floor":13.0,"turns":3.0},{"damage":0.0,"enemies":"Exordium Wildlife","floor":14.0,"turns":3.0},{"damage":0.0,"enemies":"Red Slaver","floor":15.0,"turns":3.0},{"damage":18,"enemies":"SI_SHIV_ARCHETYPE","floor":16,"turns":7}],"seed_played":"-7550430407905916528","potions_obtained":[{"floor":4.0,"key":"Adrenaline Potion"},{"floor":4.0,"key":"Dexterity Potion"},{"floor":4.0,"key":"Weak Potion"},{"floor":5.0,"key":"Doom Potion"},{"floor":10.0,"key":"Cursed Concoction"},{"floor":15.0,"key":"sneckomod:MuddlingPotion"}],"is_trial":false,"path_per_floor":["R","M","?","?","M","E","T","R","M","M","M","?","E","M","M","B"],"character_chosen":"THE_SPIRIT","items_purchased":[],"campfire_rested":0,"item_purchase_floors":[],"current_hp_per_floor":[63,63,63,63,63,31,31,31,25,19,17,17,17,17,17,0,0,0],"gold":322,"neow_bonus":"REMOVE_TWO","is_daily":false,"chose_seed":false,"campfire_upgraded":1,"win_rate":0.0,"timestamp":1611581564,"path_taken":["R","M","?","?","M","E","T","R","M","M","?","?","E","M","M","BOSS"],"items_purchased_type":[],"build_version":"2020-12-22","purchased_purges":0,"victory":false,"max_hp_per_floor":[63,63,63,63,63,63,63,63,63,63,63,63,63,63,63,63,63,63],"card_choices":[{"not_picked":["hexamod:Firestarter","hexamod:GhostOfSpireFuture"],"picked":"hexamod:SecondSeal","floor":2.0},{"not_picked":["hexamod:Firestarter","hexamod:Hexaguard","hexamod:AdvancingGuard"],"picked":"SKIP","floor":5.0},{"not_picked":["hexamod:FastForward","hexamod:BacktrackSmack","hexamod:EmpoweredFlame"],"picked":"SKIP","floor":6.0},{"not_picked":["hexamod:FastForward","hexamod:Firestarter","hexamod:SwordOfDarkness"],"picked":"SKIP","floor":9.0},{"not_picked":["hexamod:SpectersWail","hexamod:NightmareGuise"],"picked":"hexamod:SoulSteal","floor":10.0},{"not_picked":["hexamod:NightmareStrike","hexamod:RetreatToShadows"],"picked":"hexamod:SpectralAdrenaline","floor":11.0},{"not_picked":["hexamod:NightmareGuise","hexamod:FifthSeal","hexamod:BacktrackSmack+1"],"picked":"SKIP","floor":13.0},{"not_picked":["hexamod:GhostLash+1","hexamod:SwordOfDarkness+1","hexamod:ThermalTransfer+1"],"picked":"SKIP","floor":14.0},{"not_picked":["hexamod:RadiantFlame","hexamod:ChargedBarrage"],"picked":"hexamod:PhantomCloak","floor":15.0}],"player_experience":174289,"relics_obtained":[{"floor":6.0,"key":"Ice Cream"},{"floor":7.0,"key":"PreservedInsect"},{"floor":12.0,"key":"Ring of Peace"},{"floor":13.0,"key":"Molten Egg 2"}],"event_choices":[{"damage_healed":0.0,"max_hp_gain":0.0,"max_hp_loss":0.0,"gold_gain":0.0,"event_name":"Lab","player_choice":"Got Potions","floor":4.0,"gold_loss":0.0,"damage_taken":0.0}],"is_beta":false,"boss_relics":[],"items_purged_floors":[],"is_endless":false,"potions_floor_spawned":[5,10,15],"killed_by":"SI_SHIV_ARCHETYPE","ascension_level":0}}