{"host":"e8qlq9m73szgw1mp","time":1611617551,"event":{"mods":["2.2 Compatiblity","AchievementEnabler","BaseMod","Colored Powertips","Downfall","Highlight Path","Minty Spire (QoL Compilation)","Quick Restart","StSLib"],"gold_per_floor":[99,119,219,219,394,394,421,415,454,572,609,509,534,557,574,679,679,679,704,713,741,504,525,525,169,169,207,207,226,255,267,290,402,402,402,415,415,469,492,492,492,536,336,371,371,380,725,742,758,758,758,785,82,82,82,82],"floor_reached":57,"language":"ENG","playtime":5793,"items_purged":["downfall:Icky","champ:Defend","Pain"],"score":1521,"play_id":"f119c436-b8dc-44a0-bcb9-bdd5cf1532f1","local_time":"20210125153231","is_ascension_mode":true,"campfire_choices":[{"floor":1.0,"key":"RECALL"},{"data":"champ:Lariat","floor":12.0,"key":"SMITH"},{"data":"champ:Improvising","floor":18.0,"key":"SMITH"},{"data":"expansioncontent:DashGenerateEvil","floor":26.0,"key":"SMITH"},{"data":"champ:DefensiveShout","floor":28.0,"key":"SMITH"},{"data":"champ:Lariat","floor":35.0,"key":"SMITH"},{"data":"champ:TornadoPunch","floor":40.0,"key":"SMITH"},{"data":"champ:FocusedDefense","floor":43.0,"key":"SMITH"},{"data":"champ:ShieldThrow","floor":45.0,"key":"SMITH"},{"data":"champ:ShieldWall","floor":54,"key":"SMITH"}],"circlet_count":0,"master_deck":["champ:Defend","champ:Defend","champ:Defend","champ:Execute","champ:Taunt+1","champ:Lariat+1","champ:TornadoPunch+1","champ:FocusedDefense+1","champ:TornadoPunch+1","champ:Lariat+1","champ:BringItOn","champ:Improvising+1","champ:PreciseThrust+1","champ:ShieldWall+1","champ:DefensiveShout+1","champ:RapidStrikes+1","expansioncontent:DashGenerateEvil+1","champ:RapidStrikes","champ:FalseCounter","champ:Lariat+1","champ:ShieldThrow+1","champ:FocusedDefense","champ:Circumvent+1","champ:Parry+1"],"relics":["champ:ChampionCrown","Ornamental Fan","CeramicFish","Blood Vial","Incense Burner","downfall:HeartBlessingRed","Strawberry","Black Star","Chemical X","Kunai","Mercury Hourglass","InkBottle","Blue Candle","Guardian:PocketSentry","Busted Crown","Prayer Wheel","Vajra","Potion Belt","downfall:HeartBlessingBlue","downfall:HeartBlessingGreen","The Courier","Gremlin Horn","WarpedTongs","Toy Ornithopter","Mango","hexamod:BolsterEngine","Lantern","champ:FightingForDummies","Pen Nib","Whetstone"],"acts_visited":["Exordium","TheCity","TheBeyond","TheEnding"],"potions_floor_usage":[55,56],"damage_taken":[{"damage":10.0,"enemies":"2 Louse","floor":2.0,"turns":4.0},{"damage":10.0,"enemies":"downfall:FleeingMerchant","floor":8.0,"turns":4.0},{"damage":53.0,"enemies":"Lagavulin","floor":9.0,"turns":9.0},{"damage":56.0,"enemies":"downfall:Heads","floor":10.0,"turns":5.0},{"damage":0.0,"enemies":"3 Sentries","floor":11.0,"turns":4.0},{"damage":22.0,"enemies":"Lagavulin","floor":13.0,"turns":7.0},{"damage":0.0,"enemies":"Small Slimes","floor":14.0,"turns":2.0},{"damage":4.0,"enemies":"Jaw Worm","floor":15.0,"turns":3.0},{"damage":0.0,"enemies":"SI_SHIV_ARCHETYPE","floor":16.0,"turns":6.0},{"damage":0.0,"enemies":"3 Byrds","floor":19.0,"turns":4.0},{"damage":0.0,"enemies":"Chosen","floor":21.0,"turns":5.0},{"damage":10.0,"enemies":"downfall:FleeingMerchant","floor":22.0,"turns":4.0},{"damage":0.0,"enemies":"Centurion and Healer","floor":23.0,"turns":9.0},{"damage":11.0,"enemies":"downfall:FleeingMerchant","floor":25.0,"turns":4.0},{"damage":23.0,"enemies":"Slavers","floor":27.0,"turns":5.0},{"damage":17.0,"enemies":"Snake Plant","floor":29.0,"turns":4.0},{"damage":0.0,"enemies":"Book of Stabbing","floor":30.0,"turns":4.0},{"damage":1.0,"enemies":"Shelled Parasite and Fungi","floor":31.0,"turns":4.0},{"damage":0.0,"enemies":"Cultist and Chosen","floor":32.0,"turns":4.0},{"damage":17.0,"enemies":"DF_ARCHETYPE_CLAW","floor":33.0,"turns":7.0},{"damage":0.0,"enemies":"Orb Walker","floor":36.0,"turns":2.0},{"damage":0.0,"enemies":"2 Orb Walkers","floor":38.0,"turns":3.0},{"damage":5.0,"enemies":"3 Shapes","floor":39.0,"turns":4.0},{"damage":10.0,"enemies":"Nemesis","floor":42.0,"turns":7.0},{"damage":27.0,"enemies":"Reptomancer","floor":44.0,"turns":5.0},{"damage":19.0,"enemies":"downfall:FleeingMerchant","floor":47.0,"turns":4.0},{"damage":11,"enemies":"Transient","floor":48,"turns":5},{"damage":3,"enemies":"Sphere and 2 Shapes","floor":49,"turns":5},{"damage":5,"enemies":"IC_BLOCK_ARCHETYPE","floor":50,"turns":11},{"damage":1,"enemies":"downfall:CharBossMerchant","floor":52,"turns":7},{"damage":11,"enemies":"downfall:NeowBoss","floor":55,"turns":10},{"damage":51,"enemies":"downfall:NeowBossFinal","floor":56,"turns":10}],"seed_played":"3420826442284836714","potions_obtained":[{"floor":2.0,"key":"Energy Potion"},{"floor":9.0,"key":"DistilledChaos"},{"floor":13.0,"key":"champ:OpenerPotion"},{"floor":15.0,"key":"champ:CounterPotion"},{"floor":23.0,"key":"Swift Potion"},{"floor":27.0,"key":"champ:OpenerPotion"},{"floor":29.0,"key":"Swift Potion"},{"floor":31.0,"key":"champ:TechniquePotion"},{"floor":33.0,"key":"champ:CounterPotion"},{"floor":36.0,"key":"DistilledChaos"},{"floor":42.0,"key":"GamblersBrew"},{"floor":48,"key":"Dexterity Potion"}],"is_trial":false,"path_per_floor":["R","M","?","?","?","?","T","$","E","?","E","R","E","M","M","B",null,"R","M","?","M","$","M","T","$","R","E","R","M","E","M","M","B",null,"R","M","?","?","M","R","T","E","R","E","R","?","$","M","M","B",null,"E","$","R","B","B",null],"character_chosen":"THE_CHAMP","items_purchased":["Chemical X","expansioncontent:DashGenerateEvil","champ:RapidStrikes","hexamod:BolsterEngine","Lantern","champ:FightingForDummies","Pen Nib","Whetstone"],"campfire_rested":0,"item_purchase_floors":[22,25,25,53,53,53,53,53],"current_hp_per_floor":[90,90,90,83,83,88,88,88,65,26,28,28,25,27,25,27,102,102,102,102,102,102,102,102,102,102,89,89,84,86,97,99,84,102,102,102,102,102,97,97,97,89,99,84,84,84,67,68,67,64,112,125,125,125,119,75],"gold":82,"neow_bonus":"UPGRADE_CARD","is_daily":false,"chose_seed":false,"campfire_upgraded":9,"win_rate":0.0,"timestamp":1611617551,"path_taken":["R","M","?","?","?","?","T","$","E","?","E","R","E","M","M","BOSS","R","M","?","?","$","M","T","$","R","E","R","M","E","?","M","BOSS","R","M","?","?","M","R","T","E","R","E","R","?","$","?","M","BOSS","E","$","R","BOSS","BOSS"],"items_purchased_type":["Relic","Card","Card","Relic","Relic","Relic","Relic","Relic"],"build_version":"2020-12-22","purchased_purges":3,"victory":true,"max_hp_per_floor":[90,90,90,90,90,95,95,95,95,95,95,95,102,102,102,102,102,102,102,102,102,102,102,102,102,102,102,102,102,102,102,102,102,102,102,102,102,102,102,102,102,102,112,112,112,112,112,112,112,112,112,126,126,126,126,126],"card_choices":[{"not_picked":["champ:FalseCounter","champ:PerfectedStrike"],"picked":"champ:ShieldWall","floor":2.0},{"not_picked":["champ:FancyFootwork","champ:PreemptiveStrike"],"picked":"champ:Lariat","floor":8.0},{"not_picked":["champ:Lariat","champ:PreciseThrust"],"picked":"champ:TornadoPunch","floor":9.0},{"not_picked":["champ:PerfectedStrike","champ:GladiatorStyle"],"picked":"champ:TornadoPunch","floor":10.0},{"not_picked":["champ:Haymaker","champ:CrookedStrike"],"picked":"champ:Lariat","floor":11.0},{"not_picked":["champ:DeathBlow","champ:GladiatorForm","champ:FanOfKnives"],"picked":"SKIP","floor":13.0},{"not_picked":["champ:Encircle","champ:BladeFlurry"],"picked":"champ:BringItOn","floor":14.0},{"not_picked":["champ:BerserkersShout","champ:Haymaker","champ:GladiatorStyle"],"picked":"SKIP","floor":15.0},{"not_picked":["champ:DancingMaster","champ:HeavySlash"],"picked":"champ:Improvising","floor":16.0},{"not_picked":["champ:FanOfKnives","champ:BringItOn"],"picked":"champ:PreciseThrust","floor":19.0},{"not_picked":["champ:Haymaker+1","champ:BladeFlurry+1"],"picked":"champ:ShieldWall","floor":21.0},{"not_picked":["champ:FaceSlap+1","champ:PreciseThrust"],"picked":"champ:DefensiveShout","floor":22.0},{"not_picked":["champ:BringItOn","champ:PerfectedStrike"],"picked":"champ:RapidStrikes","floor":23.0},{"not_picked":["champ:HeartStrike","champ:ShieldSlam","champ:Haymaker"],"picked":"SKIP","floor":25.0},{"not_picked":["champ:PerfectedStrike","champ:CheapShot"],"picked":"champ:FalseCounter","floor":27.0},{"not_picked":["champ:AdrenalArmor+1","champ:GutPunch","champ:FanOfKnives"],"picked":"SKIP","floor":29.0},{"not_picked":["champ:AdrenalArmor","champ:Endure","champ:EnGarde"],"picked":"SKIP","floor":30.0},{"not_picked":["champ:BerserkersShout","champ:BringItOn","champ:Haymaker"],"picked":"SKIP","floor":31.0},{"not_picked":["champ:Shatter","champ:Encircle+1"],"picked":"champ:Lariat+1","floor":32.0},{"not_picked":["champ:CheapShot","champ:HoldFirm"],"picked":"champ:ShieldThrow","floor":33.0},{"not_picked":["champ:BringItOn"],"picked":"SKIP","floor":36.0},{"not_picked":[],"picked":"champ:FocusedDefense","floor":38.0},{"not_picked":["champ:Backstep+1"],"picked":"SKIP","floor":39.0},{"not_picked":["champ:Circumvent+1"],"picked":"SKIP","floor":39.0},{"not_picked":[],"picked":"champ:Circumvent+1","floor":39.0},{"not_picked":["champ:Backstep+1"],"picked":"SKIP","floor":39.0},{"not_picked":[],"picked":"champ:Parry+1","floor":42.0},{"not_picked":["champ:CrownThrow+1"],"picked":"SKIP","floor":44.0},{"not_picked":["champ:BladeFlurry"],"picked":"SKIP","floor":48},{"not_picked":["champ:PerfectedStrike+1"],"picked":"SKIP","floor":48},{"not_picked":["champ:CrownThrow"],"picked":"SKIP","floor":49},{"not_picked":["champ:Haymaker"],"picked":"SKIP","floor":49},{"not_picked":["champ:LastStand"],"picked":"SKIP","floor":52}],"player_experience":1300184,"relics_obtained":[{"floor":7.0,"key":"CeramicFish"},{"floor":9.0,"key":"Blood Vial"},{"floor":11.0,"key":"Incense Burner"},{"floor":13.0,"key":"Strawberry"},{"floor":24.0,"key":"Kunai"},{"floor":27.0,"key":"Mercury Hourglass"},{"floor":27.0,"key":"InkBottle"},{"floor":30.0,"key":"Blue Candle"},{"floor":30.0,"key":"Guardian:PocketSentry"},{"floor":38.0,"key":"Prayer Wheel"},{"floor":42.0,"key":"Vajra"},{"floor":42.0,"key":"Potion Belt"},{"floor":44.0,"key":"The Courier"},{"floor":44.0,"key":"Gremlin Horn"},{"floor":52,"key":"Toy Ornithopter"},{"floor":52,"key":"Mango"}],"event_choices":[{"damage_healed":0.0,"max_hp_gain":0.0,"max_hp_loss":0.0,"gold_gain":0.0,"event_name":"Scrap Ooze","player_choice":"Success","floor":4.0,"gold_loss":0.0,"damage_taken":7.0,"relics_obtained":["Ornamental Fan"]},{"damage_healed":0.0,"max_hp_gain":5.0,"max_hp_loss":0.0,"gold_gain":0.0,"event_name":"Big Fish","player_choice":"Donut","floor":6.0,"gold_loss":0.0,"damage_taken":0.0},{"cards_removed":["champ:ShieldWall"],"damage_healed":0.0,"max_hp_gain":0.0,"max_hp_loss":0.0,"gold_gain":0.0,"event_name":"Falling","player_choice":"Removed Power","floor":37.0,"gold_loss":0.0,"damage_taken":0.0},{"damage_healed":0.0,"max_hp_gain":0.0,"max_hp_loss":0.0,"gold_gain":0.0,"event_name":"Mysterious Sphere","player_choice":"Fight","floor":38.0,"gold_loss":0.0,"damage_taken":0.0},{"damage_healed":0.0,"max_hp_gain":0.0,"max_hp_loss":0.0,"gold_gain":0.0,"event_name":"Accursed Blacksmith","player_choice":"Rummage","floor":46.0,"gold_loss":0.0,"damage_taken":0.0,"relics_obtained":["WarpedTongs"],"cards_obtained":["Pain"]}],"is_beta":false,"boss_relics":[{"not_picked":["Snecko Eye","SlaversCollar"],"picked":"Black Star"},{"not_picked":["Fusion Hammer","Tiny House"],"picked":"Busted Crown"}],"items_purged_floors":[22,25,53],"is_endless":false,"potions_floor_spawned":[2,9,13,15,23,27,29,31,32,33,36,42,48],"ascension_level":1}}