{"host":"kywtqy4o43fs5yna","time":1611550559,"event":{"mods":["AchievementEnabler","Act Like it!","BaseMod","Better Note","BetterRewards","Colored Map","Minty Spire (QoL Compilation)","Quick Restart","Rare Cards Sparkle","StSLib","SuperFastMode"],"gold_per_floor":[112,124,299,299,311,311,311],"floor_reached":6,"language":"RUS","playtime":341,"items_purged":[],"score":43,"play_id":"5c603f0f-71a6-4f96-b093-c64727982d16","local_time":"20210125145559","is_ascension_mode":true,"campfire_choices":[],"circlet_count":0,"master_deck":["Strike_B","Strike_B","Strike_B+1","Strike_B","Defend_B+1","Defend_B","Defend_B","Defend_B","Zap","Dualcast","Capacitor","Master of Strategy","Barrage","Loop","Doubt","Barrage"],"relics":["Cracked Core","Membership Card","Runic Capacitor","Question Card","Letter Opener"],"acts_visited":["Exordium"],"potions_floor_usage":[6],"damage_taken":[{"damage":0,"enemies":"Jaw Worm","floor":1,"turns":3},{"damage":8,"enemies":"2 Louse","floor":2,"turns":2},{"damage":0,"enemies":"Cultist","floor":5,"turns":4},{"damage":34,"enemies":"Gremlin Nob","floor":6,"turns":3}],"seed_played":"959143043605381775","potions_obtained":[{"floor":5,"key":"Energy Potion"}],"is_trial":false,"path_per_floor":["M","M","?","?","M","E"],"character_chosen":"DEFECT","items_purchased":["Membership Card","Runic Capacitor","Capacitor","Question Card"],"campfire_rested":0,"item_purchase_floors":[0,0,0,0],"current_hp_per_floor":[40,32,32,17,17,0,0],"gold":311,"neow_bonus":"","is_daily":false,"chose_seed":false,"campfire_upgraded":0,"win_rate":0.0,"timestamp":1611550559,"path_taken":["M","M","?","?","M","E"],"items_purchased_type":["Relic","Relic","Card","Relic"],"build_version":"2020-12-22","purchased_purges":0,"victory":false,"max_hp_per_floor":[75,75,75,75,75,75,75],"card_choices":[{"not_picked":["Leap","Redo","Auto Shields"],"picked":"Barrage","floor":1},{"not_picked":["Force Field","Leap","Barrage"],"picked":"Loop","floor":2},{"not_picked":["Sweeping Beam","Compile Driver","Conserve Battery"],"picked":"Barrage","floor":5}],"player_experience":199425,"relics_obtained":[],"event_choices":[{"damage_healed":0,"gold_gain":175,"player_choice":"AGREE","damage_taken":0,"max_hp_gain":0,"max_hp_loss":0,"event_name":"Liars Game","floor":3,"gold_loss":0,"cards_obtained":["Doubt"]},{"damage_healed":0,"gold_gain":0,"player_choice":"Entered Light","damage_taken":15,"max_hp_gain":0,"max_hp_loss":0,"event_name":"Shining Light","floor":4,"gold_loss":0,"cards_upgraded":["Defend_B","Strike_B"]}],"is_beta":false,"boss_relics":[],"items_purged_floors":[],"is_endless":false,"potions_floor_spawned":[5],"killed_by":"Gremlin Nob","ascension_level":4}}