{"host":"y24pqu7jih1n8m3t","time":1611535743,"event":{"mods":["AchievementEnabler","BaseMod","Bestiary","Block Reminder","Colored Map","Colored Powertips","DeckTracker","Highlight Path","Minty Spire (QoL Compilation)","Permanent Neow","Quick Restart","Rare Cards Sparkle","Relic Stats"],"gold_per_floor":[109,69,88,101,112,112,138,158,158,158,187,199,232,182,182,182,182],"floor_reached":16,"language":"ENG","playtime":1769,"items_purged":[],"score":134,"play_id":"453db64c-0f4d-4f56-949d-0e45ff70ed7c","local_time":"20210124194903","is_ascension_mode":true,"campfire_choices":[{"data":"Fusion","floor":6.0,"key":"SMITH"},{"floor":10.0,"key":"REST"},{"data":"Redo","floor":15.0,"key":"SMITH"}],"circlet_count":0,"master_deck":["Strike_B","Defend_B","Defend_B","Defend_B","Zap","Dualcast","Darkness+1","Recycle+1","Rip and Tear+1","Redo+1","Defragment","Fusion+1","Tempest","Blizzard","Skim","Multi-Cast","Auto Shields","Redo","Aggregate","Cold Snap"],"relics":["Astrolabe","Prayer Wheel","Meat on the Bone","Omamori","WingedGreaves"],"acts_visited":["Exordium"],"potions_floor_usage":[16,16],"damage_taken":[{"damage":0.0,"enemies":"Small Slimes","floor":1.0,"turns":3.0},{"damage":0.0,"enemies":"Cultist","floor":3.0,"turns":2.0},{"damage":1.0,"enemies":"2 Louse","floor":4.0,"turns":2.0},{"damage":14.0,"enemies":"Blue Slaver","floor":5.0,"turns":4.0},{"damage":21.0,"enemies":"Lagavulin","floor":7.0,"turns":4.0},{"damage":0.0,"enemies":"Large Slime","floor":8.0,"turns":2.0},{"damage":40.0,"enemies":"Gremlin Nob","floor":11.0,"turns":4.0},{"damage":6.0,"enemies":"3 Louse","floor":12.0,"turns":2.0},{"damage":20.0,"enemies":"Lagavulin","floor":13.0,"turns":5.0},{"damage":22,"enemies":"The Guardian","floor":16,"turns":6}],"seed_played":"399831335921261412","potions_obtained":[{"floor":1.0,"key":"Fruit Juice"},{"floor":2.0,"key":"PotionOfCapacity"},{"floor":2.0,"key":"GamblersBrew"},{"floor":2.0,"key":"PotionOfCapacity"},{"floor":11.0,"key":"Strength Potion"}],"is_trial":false,"path_per_floor":["M","?","M","M","M","R","E","M","T","R","E","M","E","?","R","B"],"character_chosen":"DEFECT","items_purchased":[],"campfire_rested":1,"item_purchase_floors":[],"current_hp_per_floor":[80,80,80,79,65,65,44,44,44,68,40,46,38,38,38,16,16],"gold":182,"neow_bonus":"BOSS_RELIC","is_daily":false,"chose_seed":false,"campfire_upgraded":2,"win_rate":0.0,"timestamp":1611535743,"path_taken":["M","?","M","M","M","R","E","M","T","R","E","?","E","?","R","BOSS"],"items_purchased_type":[],"build_version":"2020-12-22","purchased_purges":0,"victory":false,"max_hp_per_floor":[80,80,80,80,80,80,80,80,80,80,80,80,80,80,80,80,80],"relic_stats":{"counters":[10,34],"Astrolabe":["Darkness","Recycle","Rip and Tear"],"Prayer Wheel":2,"obtain_stats":[{"Astrolabe":0,"Prayer Wheel":7,"WingedGreaves":13,"Omamori":11,"Cracked Core":0,"Meat on the Bone":9},{"Astrolabe":0,"Prayer Wheel":5,"WingedGreaves":9,"Omamori":7,"Cracked Core":0,"Meat on the Bone":6},{"Astrolabe":0,"Prayer Wheel":15,"WingedGreaves":28,"Omamori":21,"Cracked Core":0,"Meat on the Bone":17}],"Meat on the Bone":36},"card_choices":[{"not_picked":["Static Discharge","Gash"],"picked":"Redo","floor":1.0},{"not_picked":["Rip and Tear","Genetic Algorithm"],"picked":"Defragment","floor":3.0},{"not_picked":["Lockon","Static Discharge"],"picked":"Fusion","floor":4.0},{"not_picked":["Sweeping Beam","Turbo"],"picked":"Tempest","floor":5.0},{"not_picked":["Leap","Static Discharge"],"picked":"Blizzard","floor":7.0},{"not_picked":["Streamline","Static Discharge"],"picked":"Skim","floor":8.0},{"not_picked":["Redo","Ball Lightning"],"picked":"Multi-Cast","floor":8.0},{"not_picked":["Ball Lightning","Streamline"],"picked":"Auto Shields","floor":11.0},{"not_picked":["Skim","Hello World"],"picked":"Redo","floor":12.0},{"not_picked":["Turbo","Defragment"],"picked":"Aggregate","floor":12.0},{"not_picked":["Hologram","Compile Driver"],"picked":"Cold Snap","floor":13.0}],"player_experience":188451,"relics_obtained":[{"floor":7.0,"key":"Prayer Wheel"},{"floor":9.0,"key":"Meat on the Bone"},{"floor":11.0,"key":"Omamori"},{"floor":13.0,"key":"WingedGreaves"}],"event_choices":[{"damage_healed":0.0,"max_hp_gain":0.0,"max_hp_loss":0.0,"gold_gain":0.0,"event_name":"The Woman in Blue","player_choice":"Bought 3 Potions","floor":2.0,"gold_loss":0.0,"damage_taken":0.0},{"cards_removed":["Strike_B"],"damage_healed":0.0,"max_hp_gain":0.0,"max_hp_loss":0.0,"gold_gain":0.0,"event_name":"The Cleric","player_choice":"Card Removal","floor":14.0,"gold_loss":50.0,"damage_taken":0.0}],"is_beta":false,"boss_relics":[],"items_purged_floors":[],"is_endless":false,"potions_floor_spawned":[1,4,7,11],"killed_by":"The Guardian","ascension_level":2}}