{"host":"j0rajrfs2q3wozdq","time":1611585817,"event":{"mods":["BaseMod","Colored Powertips","HololiveMod","Koishi","Lobotomy","LobotomyExtend","Minty Spire (QoL Compilation)","Prisma Mod","Quick Restart","Remilia¡]Á¢¦Ì²ú?¡^","Replay The Spire","Shop Mod","StSLib","The Alterego","WarShipGirlsR/??¤Ö¤kR mod","Yakumo Yukari mod","Youmu¡]»î¾z§¯?¡^"],"gold_per_floor":[118,118,193,212,212,212,212],"floor_reached":6,"language":"ZHS","playtime":498,"items_purged":[],"score":34,"play_id":"17dd6e9c-e09b-48c6-8f2f-f94f67cafe01","local_time":"20210125224337","is_ascension_mode":false,"campfire_choices":[],"circlet_count":0,"master_deck":["alterego_mod:Strike","alterego_mod:Strike","alterego_mod:Strike","alterego_mod:Strike","alterego_mod:Defend","alterego_mod:Defend","alterego_mod:Defend","alterego_mod:Defend","alterego_mod:BigMeatyClaws","alterego_mod:BrynhildrsRune","LaLuna","alterego_mod:Bounce","alterego_mod:BusterCard+1"],"relics":["alterego_mod:MasochisticConstitution","CogitoBucket"],"acts_visited":["Exordium"],"potions_floor_usage":[],"damage_taken":[{"damage":8,"enemies":"Jaw Worm","floor":1,"turns":13},{"damage":5,"enemies":"2 Louse","floor":4,"turns":3},{"damage":64,"enemies":"Lagavulin","floor":6,"turns":14}],"seed_played":"-6807684447779044304","potions_obtained":[{"floor":1,"key":"SmokeBomb"},{"floor":4,"key":"Explosive Potion"}],"is_trial":false,"path_per_floor":["M","?","?","M","?","E"],"character_chosen":"The_Alterego","items_purchased":[],"campfire_rested":0,"item_purchase_floors":[],"current_hp_per_floor":[70,70,59,62,62,0,0],"gold":212,"neow_bonus":"","is_daily":false,"chose_seed":false,"campfire_upgraded":0,"win_rate":0.0,"timestamp":1611585817,"path_taken":["M","?","?","M","?","E"],"items_purchased_type":[],"build_version":"2020-12-22","purchased_purges":0,"victory":false,"max_hp_per_floor":[71,71,71,72,72,72,72],"card_choices":[{"not_picked":["UniverseFragment","WhitesApple"],"picked":"LaLuna","floor":1},{"not_picked":["alterego_mod:DustData","alterego_mod:Schoolgirl"],"picked":"alterego_mod:Bounce","floor":1},{"not_picked":["LongBird","RedShoes","FairyFestival"],"picked":"Singing Bowl","floor":4},{"not_picked":["alterego_mod:Bounce","alterego_mod:Skirt","alterego_mod:Complex"],"picked":"SKIP","floor":4}],"player_experience":33787,"relics_obtained":[],"event_choices":[{"damage_healed":0,"gold_gain":75,"player_choice":"Gather Gold","damage_taken":11,"max_hp_gain":0,"max_hp_loss":0,"event_name":"World of Goop","floor":3,"gold_loss":0}],"is_beta":false,"boss_relics":[],"items_purged_floors":[],"is_endless":false,"potions_floor_spawned":[1,4],"killed_by":"Lagavulin","ascension_level":0}}