{"host":"zwuytn9vh5b8tdl7","time":1611612310,"event":{"mods":["AchievementEnabler","BaseMod","Colored Powertips","GifTheSpireLib","Minty Spire (QoL Compilation)","Rare Cards Sparkle","StSLib","The Animator"],"gold_per_floor":[119,168,168,14,14,49,49,49,49,74,89,112,132,160,160,160,160],"floor_reached":16,"language":"ENG","playtime":754,"items_purged":[],"score":135,"play_id":"1891fe0f-0006-4762-9f09-998eabd7804b","local_time":"20210125170510","is_ascension_mode":false,"campfire_choices":[{"data":"animator:Aqua","floor":7,"key":"SMITH"},{"floor":15,"key":"REST"}],"circlet_count":0,"master_deck":["animator:Strike_Konosuba","animator:Strike","animator:Strike","animator:Strike","animator:Defend","animator:Defend","animator:Defend","animator:Kazuma","animator:Aqua+1","animator:Demiurge+1","Regret","animator:Sora","Decay","animator:Elsword","animator:Tet","animator:Ciel","animator:Viivi"],"relics":["animator:LivingPicture","animator:TheMissingPiece","NeowsBlessing","Champion Belt","Tiny Chest","Happy Flower","animator:Buoy","Strawberry"],"acts_visited":["Exordium"],"potions_floor_usage":[11,13],"damage_taken":[{"damage":0,"enemies":"Small Slimes","floor":1,"turns":1},{"damage":0,"enemies":"3 Sentries","floor":6,"turns":2},{"damage":0,"enemies":"2 Louse","floor":10,"turns":1},{"damage":0,"enemies":"Cultist","floor":11,"turns":3},{"damage":17,"enemies":"Lots of Slimes","floor":12,"turns":4},{"damage":13,"enemies":"Large Slime","floor":13,"turns":6},{"damage":37,"enemies":"Lagavulin","floor":14,"turns":7},{"damage":52,"enemies":"Hexaghost","floor":16,"turns":12}],"seed_played":"4732011815431446176","potions_obtained":[{"floor":6,"key":"Fruit Juice"},{"floor":10,"key":"Fire Potion"},{"floor":12,"key":"FairyPotion"}],"is_trial":false,"path_per_floor":["M","?","?","$","?","E","R","?","T","M","M","M","M","E","R","B"],"character_chosen":"THE_ANIMATOR","items_purchased":["Tiny Chest"],"campfire_rested":1,"item_purchase_floors":[4],"current_hp_per_floor":[66,66,66,66,66,66,66,66,66,66,66,52,48,21,44,23,23],"gold":160,"neow_bonus":"THREE_ENEMY_KILL","is_daily":false,"chose_seed":false,"campfire_upgraded":1,"win_rate":0.0,"timestamp":1611612310,"path_taken":["M","?","?","$","?","E","R","?","T","M","M","M","M","E","R","BOSS"],"items_purchased_type":["Relic"],"build_version":"2020-12-22","purchased_purges":0,"victory":false,"max_hp_per_floor":[66,66,66,66,66,66,66,66,66,66,66,66,72,79,79,79,79],"card_choices":[{"not_picked":["animator:ChaikaBohdan","animator:Sonic"],"picked":"animator:Demiurge","floor":1},{"not_picked":["animator:IrohaTamaki","animator:PandorasActor"],"picked":"animator:Sora","floor":6},{"not_picked":["animator:DolaCouronne","animator:ChaikaBohdan"],"picked":"animator:Elsword","floor":10},{"not_picked":["animator:DolaCouronne","animator:DolaSchwi"],"picked":"animator:Tet","floor":11},{"not_picked":["animator:OrikoMikuni","animator:NarberalGamma"],"picked":"animator:Eris","floor":12},{"not_picked":["animator:AcuraAkari","animator:Layla"],"picked":"animator:Ciel","floor":13},{"not_picked":["animator:Caster","animator:AcuraTooru"],"picked":"animator:Viivi","floor":14}],"player_experience":332455,"relics_obtained":[{"floor":6,"key":"Happy Flower"},{"floor":9,"key":"animator:Buoy"},{"floor":14,"key":"Strawberry"}],"event_choices":[{"damage_healed":0,"gold_gain":0,"player_choice":"Box","damage_taken":0,"relics_obtained":["Champion Belt"],"max_hp_gain":0,"max_hp_loss":0,"event_name":"Big Fish","floor":3,"gold_loss":0,"cards_obtained":["Regret"]},{"damage_healed":0,"gold_gain":0,"player_choice":"Grow","damage_taken":0,"max_hp_gain":0,"max_hp_loss":0,"event_name":"Living Wall","floor":5,"gold_loss":0,"cards_upgraded":["animator:Demiurge"]},{"damage_healed":0,"gold_gain":0,"player_choice":"Cursed","damage_taken":0,"max_hp_gain":0,"max_hp_loss":0,"event_name":"Wheel of Change","floor":8,"gold_loss":0,"cards_obtained":["Decay"]}],"is_beta":false,"boss_relics":[],"items_purged_floors":[],"is_endless":false,"potions_floor_spawned":[6,10,12],"killed_by":"Hexaghost","ascension_level":0}}