{"host":"a5lz0e76zb3fcwkm","time":1611577991,"event":{"mods":["AchievementEnabler","BaseMod","Colored Map","Colored Powertips","Minty Spire (QoL Compilation)","StSLib","SuperFastMode"],"gold_per_floor":[15,15,30,47,121,121,138,157,182,182,197,25,25,36,36,112,112,124,39,56,0,23,23,34,34,86,103,116,116,116,134,134,207,207,227,227,237,37,37,64,90,118,142,169,169,197,243,8,8,8,8,8,8,8,40,40],"floor_reached":57,"language":"KOR","playtime":1448,"items_purged":["Strike_R","Strike_R"],"score":3440,"play_id":"8bbc458e-7e9b-4a9e-8319-f06ebe890c83","local_time":"20210125213311","is_ascension_mode":true,"campfire_choices":[{"data":"Barricade","floor":6.0,"key":"SMITH"},{"data":"Body Slam","floor":10.0,"key":"SMITH"},{"data":"Shrug It Off","floor":15.0,"key":"SMITH"},{"data":"Pommel Strike","floor":23.0,"key":"SMITH"},{"data":"Second Wind","floor":25.0,"key":"SMITH"},{"floor":29.0,"key":"RECALL"},{"floor":32.0,"key":"REST"},{"data":"Master of Strategy","floor":49,"key":"SMITH"},{"data":"Defend_R","floor":53,"key":"SMITH"}],"circlet_count":0,"master_deck":["AscendersBane","Defend_R+1","Defend_R+1","Defend_R+1","Defend_R","Bash","Barricade+1","Shrug It Off+1","Body Slam+1","Second Wind+1","True Grit+1","Pommel Strike+1","Master of Strategy+1"],"relics":["Burning Blood","Sundial","Ancient Tea Set","Empty Cage","Omamori","Centennial Puzzle","Bag of Marbles","SacredBark","Membership Card","WingedGreaves","Lantern","War Paint","Oddly Smooth Stone","Toy Ornithopter","MealTicket","Charon\u0027s Ashes","Strawberry","Nunchaku"],"acts_visited":["Exordium","TheCity","TheBeyond","TheEnding"],"potions_floor_usage":[46,46,56],"damage_taken":[{"damage":4.0,"enemies":"Jaw Worm","floor":1.0,"turns":4.0},{"damage":2.0,"enemies":"2 Louse","floor":3.0,"turns":5.0},{"damage":6.0,"enemies":"Small Slimes","floor":4.0,"turns":5.0},{"damage":11.0,"enemies":"Blue Slaver","floor":7.0,"turns":7.0},{"damage":16.0,"enemies":"2 Fungi Beasts","floor":8.0,"turns":6.0},{"damage":9.0,"enemies":"3 Louse","floor":11.0,"turns":4.0},{"damage":1.0,"enemies":"Gremlin Nob","floor":13.0,"turns":3.0},{"damage":12.0,"enemies":"Red Slaver","floor":14.0,"turns":4.0},{"damage":33.0,"enemies":"The Guardian","floor":16.0,"turns":12.0},{"damage":0.0,"enemies":"Spheric Guardian","floor":18.0,"turns":4.0},{"damage":7.0,"enemies":"Chosen","floor":20.0,"turns":9.0},{"damage":9.0,"enemies":"Centurion and Healer","floor":24.0,"turns":3.0},{"damage":15.0,"enemies":"Snake Plant","floor":27.0,"turns":4.0},{"damage":0.0,"enemies":"3 Cultists","floor":28.0,"turns":5.0},{"damage":6.0,"enemies":"Shelled Parasite and Fungi","floor":31.0,"turns":3.0},{"damage":0.0,"enemies":"Champ","floor":33.0,"turns":5.0},{"damage":0.0,"enemies":"3 Shapes","floor":35.0,"turns":5.0},{"damage":6.0,"enemies":"Orb Walker","floor":37.0,"turns":2.0},{"damage":5.0,"enemies":"Nemesis","floor":40.0,"turns":3.0},{"damage":27,"enemies":"Reptomancer","floor":42,"turns":4},{"damage":0,"enemies":"Giant Head","floor":44,"turns":4},{"damage":0,"enemies":"Reptomancer","floor":46,"turns":3},{"damage":14,"enemies":"2 Orb Walkers","floor":47,"turns":5},{"damage":0,"enemies":"Donu and Deca","floor":50,"turns":3},{"damage":0,"enemies":"Awakened One","floor":51,"turns":4},{"damage":0,"enemies":"Shield and Spear","floor":55,"turns":2},{"damage":26,"enemies":"The Heart","floor":56,"turns":6}],"seed_played":"7332198492575104065","potions_obtained":[{"floor":3.0,"key":"SmokeBomb"},{"floor":4.0,"key":"SteroidPotion"},{"floor":14.0,"key":"SpeedPotion"},{"floor":16.0,"key":"SkillPotion"},{"floor":18.0,"key":"Fire Potion"},{"floor":27.0,"key":"SkillPotion"},{"floor":31.0,"key":"Energy Potion"},{"floor":35.0,"key":"SpeedPotion"},{"floor":42,"key":"Swift Potion"},{"floor":47,"key":"Ancient Potion"}],"is_trial":false,"path_per_floor":["M","?","M","M","T","R","M","M","T","R","M","$","E","M","R","B",null,"M","?","M","?","T","R","M","R","T","M","M","R","?","M","R","B",null,"M","?","M","$","?","E","T","E","T","E","?","E","?","$","R","B","B",null,"R","$","E","B",null],"character_chosen":"IRONCLAD","items_purchased":["Ancient Tea Set","Membership Card","Master of Strategy","Strawberry"],"campfire_rested":1,"item_purchase_floors":[12,38,48,48],"current_hp_per_floor":[70,70,74,74,74,74,69,59,59,59,56,56,61,55,55,28,63,69,69,68,68,68,68,65,65,65,56,62,62,41,41,65,71,78,80,70,70,70,70,71,71,50,50,56,56,72,64,83,83,83,83,83,83,83,83,63],"gold":40,"neow_bonus":"THREE_RARE_CARDS","is_daily":false,"chose_seed":false,"campfire_upgraded":7,"win_rate":0.0,"timestamp":1611577991,"path_taken":["M","?","M","M","?","R","M","M","T","R","?","$","E","M","R","BOSS","M","?","M","?","?","R","M","R","T","M","?","R","?","M","R","BOSS","M","?","M","$","?","E","?","E","T","E","?","E","?","$","R","BOSS","BOSS","R","$","E","BOSS"],"items_purchased_type":["Relic","Relic","Card","Relic"],"build_version":"2020-12-22","purchased_purges":2,"victory":true,"max_hp_per_floor":[75,75,75,75,75,75,75,75,75,75,75,75,75,75,75,75,75,75,75,75,75,75,75,75,75,75,75,75,75,80,80,80,80,80,80,80,80,80,80,80,80,80,80,80,76,76,76,83,83,83,83,83,83,83,83,83],"card_choices":[{"not_picked":["Juggernaut","Brutality"],"picked":"Barricade","floor":0.0},{"not_picked":["Anger","Spot Weakness"],"picked":"Shrug It Off","floor":1.0},{"not_picked":["Ghostly Armor","Sever Soul","Sword Boomerang"],"picked":"SKIP","floor":3.0},{"not_picked":["True Grit","Thunderclap"],"picked":"Body Slam","floor":4.0},{"not_picked":["Ghostly Armor","Juggernaut"],"picked":"Second Wind","floor":7.0},{"not_picked":["Spot Weakness","Perfected Strike","Carnage"],"picked":"SKIP","floor":8.0},{"not_picked":["Twin Strike","Wild Strike","Fire Breathing"],"picked":"SKIP","floor":11.0},{"not_picked":["Twin Strike","Pummel","Sever Soul"],"picked":"SKIP","floor":14.0},{"not_picked":["Body Slam","Uppercut"],"picked":"True Grit+1","floor":18.0},{"not_picked":["Twin Strike","Shrug It Off"],"picked":"Pommel Strike","floor":20.0},{"not_picked":["Thunderclap","Clothesline","Uppercut"],"picked":"SKIP","floor":24.0},{"not_picked":["True Grit","Impervious","Combust+1"],"picked":"SKIP","floor":27.0},{"not_picked":["Thunderclap","Body Slam+1","Metallicize"],"picked":"SKIP","floor":28.0},{"not_picked":["Clash","Iron Wave","Cleave"],"picked":"SKIP","floor":31.0},{"not_picked":["Iron Wave+1","Armaments+1","Searing Blow"],"picked":"SKIP","floor":35.0},{"not_picked":["HandOfGreed","Good Instincts"],"picked":"Flash of Steel","floor":36.0},{"not_picked":["Shrug It Off","Bloodletting","Heavy Blade"],"picked":"SKIP","floor":37.0},{"not_picked":["Clash","Havoc+1","Rage"],"picked":"SKIP","floor":40.0},{"not_picked":["Heavy Blade+1","Seeing Red","Fire Breathing"],"picked":"SKIP","floor":42},{"not_picked":["Iron Wave","Clothesline","Dropkick"],"picked":"SKIP","floor":44},{"not_picked":["Seeing Red","Spot Weakness","Inflame+1"],"picked":"SKIP","floor":46},{"not_picked":["Shrug It Off","Power Through+1","Twin Strike"],"picked":"SKIP","floor":55}],"player_experience":1799439,"relics_obtained":[{"floor":5.0,"key":"Sundial"},{"floor":22.0,"key":"Centennial Puzzle"},{"floor":26.0,"key":"Bag of Marbles"},{"floor":40.0,"key":"WingedGreaves"},{"floor":41.0,"key":"Lantern"},{"floor":42,"key":"War Paint"},{"floor":43,"key":"Oddly Smooth Stone"},{"floor":44,"key":"Toy Ornithopter"},{"floor":46,"key":"MealTicket"},{"floor":47,"key":"Charon\u0027s Ashes"},{"floor":55,"key":"Nunchaku"}],"event_choices":[{"cards_removed":["Strike_R"],"damage_healed":0.0,"max_hp_gain":0.0,"max_hp_loss":0.0,"gold_gain":0.0,"event_name":"Living Wall","player_choice":"Forget","floor":2.0,"gold_loss":0.0,"damage_taken":0.0},{"damage_healed":0.0,"max_hp_gain":0.0,"max_hp_loss":0.0,"gold_gain":0.0,"event_name":"Addict","player_choice":"Obtained Relic","floor":19.0,"gold_loss":85.0,"damage_taken":0.0,"relics_obtained":["Omamori"]},{"damage_healed":0.0,"max_hp_gain":0.0,"max_hp_loss":0.0,"gold_gain":0.0,"event_name":"Masked Bandits","player_choice":"Paid Fearfully","floor":21.0,"gold_loss":56.0,"damage_taken":0.0},{"damage_healed":0.0,"max_hp_gain":5.0,"max_hp_loss":0.0,"gold_gain":0.0,"event_name":"Forgotten Altar","player_choice":"Shed Blood","floor":30.0,"gold_loss":0.0,"damage_taken":26.0},{"damage_healed":0.0,"max_hp_gain":0.0,"max_hp_loss":0.0,"gold_gain":0.0,"event_name":"SensoryStone","player_choice":"Memory 3","floor":36.0,"gold_loss":0.0,"damage_taken":10.0},{"cards_removed":["Flash of Steel"],"damage_healed":0.0,"max_hp_gain":0.0,"max_hp_loss":0.0,"gold_gain":0.0,"event_name":"Falling","player_choice":"Removed Attack","floor":39.0,"gold_loss":0.0,"damage_taken":0.0},{"damage_healed":0,"gold_gain":0,"player_choice":"Max HP","damage_taken":0,"max_hp_gain":0,"max_hp_loss":4,"event_name":"Winding Halls","floor":45,"gold_loss":0},{"damage_healed":0,"gold_gain":0,"player_choice":"Fight","damage_taken":0,"max_hp_gain":0,"max_hp_loss":0,"event_name":"Mysterious Sphere","floor":47,"gold_loss":0}],"is_beta":false,"boss_relics":[{"not_picked":["Runic Cube","Runic Dome"],"picked":"Empty Cage"},{"not_picked":["Black Blood","Tiny House"],"picked":"SacredBark"}],"items_purged_floors":[38,48],"is_endless":false,"potions_floor_spawned":[3,4,14,16,18,27,31,35,42,47],"ascension_level":20}}