{"host":"edndssuekvzbh3is","time":1611534765,"event":{"mods":["BaseMod","Colored Map","Colored Powertips","Minty Spire (QoL Compilation)","SuperFastMode"],"gold_per_floor":[119,136,150,169,169,196,207,221,221,247,247,44,44,44],"floor_reached":13,"language":"ENG","playtime":371,"items_purged":[],"score":112,"play_id":"4a6b3751-4443-48ab-9e65-c20c73885bb4","local_time":"20210124193245","is_ascension_mode":true,"campfire_choices":[],"circlet_count":0,"master_deck":["Strike_G","Strike_G","Strike_G","Strike_G","Strike_G","Defend_G","Defend_G","Defend_G","Defend_G","Defend_G","Survivor","Neutralize","Leg Sweep","Blade Dance","Dash","Dagger Throw","Quick Slash","Dagger Spray","Flechettes","Deflect","Deflect"],"relics":["Ring of the Snake","NeowsBlessing","Orichalcum","HornCleat","CaptainsWheel","Paper Crane","PreservedInsect"],"acts_visited":["Exordium"],"potions_floor_usage":[6,6,10],"damage_taken":[{"damage":0,"enemies":"2 Louse","floor":1,"turns":1},{"damage":0,"enemies":"Jaw Worm","floor":2,"turns":1},{"damage":0,"enemies":"Cultist","floor":3,"turns":1},{"damage":0,"enemies":"3 Louse","floor":4,"turns":5},{"damage":28,"enemies":"Lagavulin","floor":6,"turns":7},{"damage":12,"enemies":"Exordium Wildlife","floor":7,"turns":5},{"damage":7,"enemies":"Large Slime","floor":8,"turns":8},{"damage":10,"enemies":"Gremlin Nob","floor":10,"turns":4},{"damage":16,"enemies":"Lagavulin","floor":13,"turns":5}],"seed_played":"-5650264706218525010","potions_obtained":[{"floor":1,"key":"LiquidMemories"},{"floor":3,"key":"AttackPotion"},{"floor":6,"key":"Fire Potion"},{"floor":10,"key":"Swift Potion"}],"is_trial":false,"path_per_floor":["M","M","M","M","?","E","M","M","T","E","?","$","E"],"character_chosen":"THE_SILENT","items_purchased":["PreservedInsect","Deflect"],"campfire_rested":0,"item_purchase_floors":[12,12],"current_hp_per_floor":[70,70,70,70,70,42,30,23,23,13,13,13,0,0],"gold":44,"neow_bonus":"THREE_ENEMY_KILL","is_daily":false,"chose_seed":false,"campfire_upgraded":0,"win_rate":0.0,"timestamp":1611534765,"path_taken":["M","M","M","M","?","E","M","M","T","E","?","$","E"],"items_purchased_type":["Relic","Card"],"build_version":"2020-12-22","purchased_purges":0,"victory":false,"max_hp_per_floor":[70,70,70,70,70,70,70,70,70,70,70,70,70,70],"card_choices":[{"not_picked":["Footwork","All Out Attack"],"picked":"Leg Sweep","floor":1},{"not_picked":["Acrobatics","Catalyst"],"picked":"Blade Dance","floor":2},{"not_picked":["Quick Slash","Sucker Punch"],"picked":"Dash","floor":3},{"not_picked":["Venomology","Bane"],"picked":"Dagger Throw","floor":4},{"not_picked":["Prepared","Dagger Throw"],"picked":"Quick Slash","floor":6},{"not_picked":["Unload","Poisoned Stab"],"picked":"Dagger Spray","floor":7},{"not_picked":["Poisoned Stab","Cloak And Dagger"],"picked":"Flechettes","floor":8},{"not_picked":["Well Laid Plans","Flechettes"],"picked":"Deflect","floor":10}],"player_experience":329936,"relics_obtained":[{"floor":6,"key":"Orichalcum"},{"floor":9,"key":"HornCleat"},{"floor":10,"key":"CaptainsWheel"}],"event_choices":[{"damage_healed":0,"gold_gain":0,"player_choice":"Ignored","damage_taken":0,"max_hp_gain":0,"max_hp_loss":0,"event_name":"Liars Game","floor":5,"gold_loss":0},{"damage_healed":0,"gold_gain":0,"player_choice":"Gave Potion","damage_taken":0,"relics_obtained":["Paper Crane"],"max_hp_gain":0,"max_hp_loss":0,"event_name":"WeMeetAgain","floor":11,"gold_loss":0}],"is_beta":false,"boss_relics":[],"items_purged_floors":[],"is_endless":false,"potions_floor_spawned":[1,3,6,10],"killed_by":"Lagavulin","ascension_level":3}}