{"host":"f4xk8spljo3akohx","time":1611565908,"event":{"mods":["Act Like it!","Arknights The Spire","BaseMod","Better Third Choice","Downfall","Ekko","Gensokyo","GifTheSpireLib","Hallownest","Hermit","Highlight Path","Luminous","Marisa£®ÏF”Í°°ƒß¿Ì…≥£©","Minty Spire (QoL Compilation)","Quick Restart","Reimu£®≤©¿ˆ¡È√Œ£©","Remilia£®¿Ÿ√◊¿Ú—«£©","Replay The Spire","StSLib","The Bug Knight","The Cursed","The Marked","The Runesmith","The Senshi","The Servant 0.9.4","Waifu the Spire","WarShipGirlsR/’ΩΩ¢…Ÿ≈ÆR mod","Yakumo Yukari mod","Youmu£®ªÍ∆«—˝√Œ£©","Yuyuko","°æ“≈ŒÔø®≈∆°øREMEMod"],"gold_per_floor":[115,115,115,127,142,173,186,219,219,219,230,249,249,284,284,380,380,395,395,268,268,268],"floor_reached":21,"language":"ZHS","playtime":1081,"items_purged":["Spreading Infection"],"score":199,"play_id":"d273b96b-5b87-4de9-97a2-4cd744889c83","local_time":"20210125171148","is_ascension_mode":false,"campfire_choices":[{"floor":10,"key":"REST"},{"floor":13,"key":"REST"},{"floor":15,"key":"REST"}],"circlet_count":0,"master_deck":["ats:Strike C","ats:Strike G","ats:Strike S","ats:Strike V","ats:Armor Crushing Shot","ats:Defend","ats:Defend+1","ats:Defend","ats:Defend","ats:Emotion Absorption+1","ats:Ignite","ats:Flexible Camouflage","ats:Consecutive Shot Auto","ats:Rapid Magazine","ats:Nebulous Foxfire","ats:Poison Spread","ats:Shadow Assault","Normality","downfall:Icky","ats:Healing Strengthening","ats:Burning Ground","ats:Ignite","ReplayTheSpireMod:Omega Cannon"],"relics":["ats:Sanity","REME_ComplimentaryCards","NeowsBlessing","Hallownest:SalubrasBlessingRelic","Hallownest:DreamNailRelic","ats:Originium","Replay:Accelerometer","Bag of Preparation","War Paint","HollowMod:LifeEnderRelic","Replay:Ancient Bell","Mastiff:ReiMu","Snack Pack","Shovel"],"acts_visited":["Hallownest:Greenpath","Hallownest:CityofTears"],"potions_floor_usage":[12,16,16],"damage_taken":[{"damage":0,"enemies":"Hallownest:monsterHuskWarrior","floor":1,"turns":1},{"damage":0,"enemies":"Hallownest:2_Baldur","floor":4,"turns":1},{"damage":0,"enemies":"Hallownest:2_MossCreeps","floor":5,"turns":1},{"damage":26,"enemies":"Hallownest:eliteCrystalGuardian","floor":6,"turns":5},{"damage":14,"enemies":"Hallownest:monsterFoolEater","floor":7,"turns":3},{"damage":29,"enemies":"Hallownest:eliteVengeflyKing","floor":8,"turns":5},{"damage":28,"enemies":"Hallownest:2_Tiktiks_1_Baldur_1_Crawlid","floor":11,"turns":10},{"damage":6,"enemies":"Hallownest:1_Baldur_1_Crawlid_1_Warrior","floor":12,"turns":4},{"damage":41,"enemies":"Hallownest:eliteCrystalGuardian","floor":14,"turns":8},{"damage":85,"enemies":"Hallownest:BossBrokenVessel","floor":16,"turns":12},{"damage":63,"enemies":"Hallownest:Guard_and_Sentry","floor":18,"turns":10},{"damage":35,"enemies":"Hallownest:2_Mistakes","floor":21,"turns":4}],"seed_played":"3954118636186319475","potions_obtained":[{"floor":5,"key":"Milkshake"},{"floor":7,"key":"Weak Potion"},{"floor":8,"key":"FairyPotion"},{"floor":11,"key":"Explosive Potion"},{"floor":12,"key":"Dexterity Potion"}],"is_trial":false,"path_per_floor":["M","?","?","M","M","E","M","E","T","R","M","M","R","E","R","B",null,"M","?","$","M"],"character_chosen":"DOCTOR_CLASS","items_purchased":["ats:Ignite"],"campfire_rested":3,"item_purchase_floors":[20],"current_hp_per_floor":[72,72,72,72,72,46,32,3,3,26,13,10,34,14,38,1,78,30,30,30,0,0],"gold":268,"neow_bonus":"THREE_ENEMY_KILL","is_daily":false,"chose_seed":false,"campfire_upgraded":0,"win_rate":0.0,"timestamp":1611565908,"path_taken":["M","?","?","?","M","E","M","E","T","R","M","M","R","E","R","BOSS","M","?","$","M"],"items_purchased_type":["Card"],"build_version":"2020-12-22","purchased_purges":1,"victory":false,"max_hp_per_floor":[72,72,72,72,72,72,72,72,72,74,74,74,76,76,78,78,78,78,78,78,78,78],"card_choices":[{"not_picked":["ats:Absolute Focus","ats:Shadow Raid"],"picked":"ats:Ignite","floor":1},{"not_picked":["ats:Counter Healing Mode","ats:Blood Oath"],"picked":"ats:Flexible Camouflage","floor":4},{"not_picked":["ats:Hammer On","ats:Collapsing Strike"],"picked":"ats:Consecutive Shot Auto","floor":5},{"not_picked":["ats:Shell Defense","ats:Blood Oath","ats:Leaping Hammer"],"picked":"SKIP","floor":6},{"not_picked":["ats:Poison Spread","ats:Flexible Camouflage"],"picked":"ats:Rapid Magazine","floor":7},{"not_picked":["ats:Steam Pump","ats:Sunburst"],"picked":"ats:Nebulous Foxfire","floor":8},{"not_picked":["ats:Curse Doll","ats:Explosion Area Strengthen","ats:Hammer On"],"picked":"SKIP","floor":11},{"not_picked":["ats:Closed Bolt Burst Fire","ats:Shadow Raid"],"picked":"ats:Poison Spread","floor":12},{"not_picked":["ats:Very Hot Blade","ats:Hammer On","ats:Sashimi Platter"],"picked":"SKIP","floor":14},{"not_picked":["ats:Disruption Kick","ats:Nebulous Foxfire"],"picked":"ats:Shadow Assault","floor":16},{"not_picked":["ReplayTheSpireMod:Doomed","Gluttony_TH"],"picked":"Normality","floor":17},{"not_picked":["ReplayTheSpireMod:Doomed","downfall:Haunted"],"picked":"Spreading Infection","floor":17},{"not_picked":["Poor:ReiMu","Parasite"],"picked":"downfall:Icky","floor":17},{"not_picked":["ats:Very Hot Blade","ats:Flexible Camouflage","ats:Curse Doll"],"picked":"SKIP","floor":18},{"not_picked":["ats:Chain Hook","ats:Mental Burst"],"picked":"ats:Healing Strengthening","floor":19},{"not_picked":["ats:Assault Order","ats:Composite Medical Shells+1"],"picked":"ats:Burning Ground","floor":19}],"player_experience":67118,"relics_obtained":[{"floor":6,"key":"ats:Originium"},{"floor":6,"key":"Replay:Accelerometer"},{"floor":8,"key":"ats:Originium"},{"floor":8,"key":"Bag of Preparation"},{"floor":9,"key":"War Paint"},{"floor":14,"key":"ats:Originium"},{"floor":14,"key":"HollowMod:LifeEnderRelic"}],"event_choices":[],"is_beta":false,"boss_relics":[{"not_picked":["Ectoplasm","Replay:Bronze Core"],"picked":"Replay:Ancient Bell"},{"not_picked":["Lantern","Dream Catcher"],"picked":"Mastiff:ReiMu"},{"not_picked":["Meat on the Bone","Pantograph"],"picked":"Snack Pack"},{"not_picked":["REME_IWantAll","Incense Burner"],"picked":"Shovel"}],"items_purged_floors":[20],"is_endless":false,"potions_floor_spawned":[5,7,8,11,12],"killed_by":"Hallownest:2_Mistakes","ascension_level":0}}