{"host":"vpaavrwbmey593fx","time":1611543714,"event":{"mods":["AchievementEnabler","BaseMod","Bestiary","Colored Map","Colored Powertips","DeckTracker","Minty Spire (QoL Compilation)","Relic Sorter"],"gold_per_floor":[110,110,130,55,10,43,43,72,72,72,98,111,111,122,122,217,217,234,194,43,55,55,55,82,82,82,102,102,116,116,127,127,232,232,249,249,265,140,160,160,192,192,192,221,238,238,238,251,251,251,251,251,53,87,87,87],"floor_reached":55,"language":"ENG","playtime":7059,"items_purged":["Regret","Strike_P","Strike_P"],"score":895,"play_id":"a2ca8145-f3b1-4d15-a05c-7304c3d9f0fa","local_time":"20210124190154","is_ascension_mode":true,"campfire_choices":[{"data":"ClearTheMind","floor":7.0,"key":"SMITH"},{"floor":10.0,"key":"REST"},{"floor":13.0,"key":"REST"},{"data":"Eruption","floor":15.0,"key":"SMITH"},{"data":"BattleHymn","floor":23.0,"key":"SMITH"},{"data":"Omniscience","floor":25.0,"key":"SMITH"},{"data":"ForeignInfluence","floor":28.0,"key":"SMITH"},{"data":"Scrawl","floor":30.0,"key":"SMITH"},{"data":"Halt","floor":32.0,"key":"SMITH"},{"floor":40.0,"key":"REST"},{"floor":42.0,"key":"RECALL"},{"data":"Madness","floor":46.0,"key":"SMITH"},{"floor":49.0,"key":"REST"},{"data":"Protect","floor":52.0,"key":"SMITH"}],"circlet_count":0,"master_deck":["Defend_P","Defend_P","Eruption+1","Vigilance","ClearTheMind+1","WindmillStrike+1","Protect+1","EmptyMind","Halt+1","Swivel","WheelKick+1","ForeignInfluence+1","SpiritShield","BattleHymn+1","Consecrate+1","Omniscience+1","Indignation+1","Scrawl+1","MentalFortress+1","Wallop+1","Swivel","Sanctity+1","Swivel+1","SandsOfTime+1","DevaForm+1","Crescendo+1","Madness+1","Madness+1","CutThroughFate+1","Wallop+1","WaveOfTheHand+1"],"relics":["SacredBark","Incense Burner","StoneCalendar","Velvet Choker","Molten Egg 2","Prayer Wheel","HornCleat","Odd Mushroom","Bird Faced Urn","Frozen Egg 2","Astrolabe","Mercury Hourglass","Vajra","Mummified Hand"],"acts_visited":["Exordium","TheCity","TheBeyond","TheEnding"],"potions_floor_usage":[55,55],"damage_taken":[{"damage":0.0,"enemies":"Small Slimes","floor":1.0,"turns":2.0},{"damage":29.0,"enemies":"Jaw Worm","floor":3.0,"turns":5.0},{"damage":0.0,"enemies":"Gremlin Nob","floor":6.0,"turns":1.0},{"damage":32.0,"enemies":"Lagavulin","floor":8.0,"turns":7.0},{"damage":18.0,"enemies":"The Mushroom Lair","floor":11.0,"turns":5.0},{"damage":0.0,"enemies":"Cultist","floor":12.0,"turns":3.0},{"damage":0.0,"enemies":"Blue Slaver","floor":14.0,"turns":3.0},{"damage":11.0,"enemies":"The Guardian","floor":16.0,"turns":11.0},{"damage":2.0,"enemies":"Chosen","floor":18.0,"turns":3.0},{"damage":16.0,"enemies":"3 Byrds","floor":21.0,"turns":6.0},{"damage":19.0,"enemies":"Gremlin Leader","floor":24.0,"turns":5.0},{"damage":0.0,"enemies":"3 Cultists","floor":27.0,"turns":3.0},{"damage":3.0,"enemies":"Cultist and Chosen","floor":29.0,"turns":3.0},{"damage":0.0,"enemies":"Sentry and Sphere","floor":31.0,"turns":3.0},{"damage":29.0,"enemies":"Collector","floor":33.0,"turns":10.0},{"damage":0.0,"enemies":"Orb Walker","floor":35.0,"turns":4.0},{"damage":29.0,"enemies":"3 Shapes","floor":37.0,"turns":4.0},{"damage":29.0,"enemies":"Transient","floor":39.0,"turns":5.0},{"damage":6.0,"enemies":"Reptomancer","floor":41.0,"turns":5.0},{"damage":0.0,"enemies":"Nemesis","floor":44.0,"turns":5.0},{"damage":6.0,"enemies":"Maw","floor":45.0,"turns":6.0},{"damage":1.0,"enemies":"3 Darklings","floor":48.0,"turns":5.0},{"damage":52.0,"enemies":"Awakened One","floor":50.0,"turns":12.0},{"damage":50.0,"enemies":"Shield and Spear","floor":54.0,"turns":7.0},{"damage":33,"enemies":"The Heart","floor":55,"turns":5}],"seed_played":"7500142084455248175","potions_obtained":[{"floor":1.0,"key":"AttackPotion"},{"floor":14.0,"key":"BlessingOfTheForge"},{"floor":19.0,"key":"LiquidBronze"},{"floor":19.0,"key":"Ancient Potion"},{"floor":19.0,"key":"Weak Potion"},{"floor":24.0,"key":"Block Potion"},{"floor":33.0,"key":"Strength Potion"},{"floor":41.0,"key":"LiquidBronze"},{"floor":44.0,"key":"Strength Potion"}],"is_trial":false,"path_per_floor":["M","?","M","$","?","E","R","E","T","R","?","M","R","M","R","B",null,"M","?","$","M","?","R","E","R","T","M","R","M","R","M","R","B",null,"M","?","M","$","M","R","E","R","T","E","M","R","?","M","R","B",null,"R","$","E","B"],"character_chosen":"WATCHER","items_purchased":["Consecrate+1","SteroidPotion","Vajra"],"campfire_rested":4,"item_purchase_floors":[20,53,53],"current_hp_per_floor":[72,72,43,43,43,43,43,11,11,32,14,14,35,35,35,24,72,70,70,70,54,54,54,35,35,35,37,37,38,38,42,42,19,72,72,63,36,36,11,32,28,28,28,34,32,32,32,33,54,8,72,72,72,24,0,0],"gold":87,"neow_bonus":"BOSS_RELIC","is_daily":false,"chose_seed":false,"campfire_upgraded":9,"win_rate":0.0,"timestamp":1611543714,"path_taken":["M","?","M","$","?","E","R","E","T","R","?","M","R","?","R","BOSS","M","?","$","?","?","R","E","R","T","M","R","M","R","?","R","BOSS","M","?","M","$","M","R","E","R","T","E","M","R","?","?","R","BOSS","R","$","E","BOSS"],"items_purchased_type":["Card","Potion","Relic"],"build_version":"2020-12-22","purchased_purges":3,"victory":false,"max_hp_per_floor":[72,72,72,72,72,72,72,72,72,72,72,72,72,72,72,72,72,72,72,72,72,72,72,72,72,72,72,72,72,72,72,72,72,72,72,72,72,72,72,72,72,72,72,72,72,72,72,72,72,72,72,72,72,72,72,72],"card_choices":[{"not_picked":["Swivel","EmptyFist"],"picked":"ClearTheMind","floor":1.0},{"not_picked":["Evaluate","JustLucky+1"],"picked":"WindmillStrike+1","floor":3.0},{"not_picked":["WreathOfFlame","Prostrate"],"picked":"Protect","floor":6.0},{"not_picked":["Prostrate","SashWhip+1"],"picked":"EmptyMind","floor":8.0},{"not_picked":["EmptyMind","EmptyFist+1"],"picked":"Halt","floor":11.0},{"not_picked":["FlurryOfBlows+1","Evaluate"],"picked":"Swivel","floor":12.0},{"not_picked":["Crescendo","LikeWater"],"picked":"WheelKick+1","floor":12.0},{"not_picked":["Pray","CutThroughFate+1"],"picked":"ForeignInfluence","floor":14.0},{"not_picked":["Halt","Fasting2","Evaluate"],"picked":"SKIP","floor":14.0},{"not_picked":["MasterReality","ConjureBlade"],"picked":"SpiritShield","floor":16.0},{"not_picked":["ClearTheMind","MasterReality"],"picked":"BattleHymn","floor":18.0},{"not_picked":["EmptyFist+1","JustLucky+1","PathToVictory"],"picked":"SKIP","floor":18.0},{"not_picked":["EmptyBody","Prostrate","FlurryOfBlows+1"],"picked":"SKIP","floor":21.0},{"not_picked":["Halt","JustLucky+1","Pray"],"picked":"SKIP","floor":21.0},{"not_picked":["Halt","SashWhip+1"],"picked":"Indignation+1","floor":24.0},{"not_picked":["EmptyFist+1","ThirdEye+1"],"picked":"Scrawl","floor":27.0},{"not_picked":["EmptyFist+1","WaveOfTheHand+1"],"picked":"MentalFortress+1","floor":27.0},{"not_picked":["CutThroughFate+1","EmptyFist+1"],"picked":"Wallop+1","floor":29.0},{"not_picked":["Nirvana+1","EmptyFist+1"],"picked":"Swivel","floor":29.0},{"not_picked":["Fasting2+1","CutThroughFate+1"],"picked":"Sanctity+1","floor":31.0},{"not_picked":["Pray","Perseverance","ForeignInfluence"],"picked":"SKIP","floor":31.0},{"not_picked":["FollowUp+1","LikeWater+1"],"picked":"Crescendo+1","floor":35.0},{"not_picked":["EmptyFist+1","Conclude+1","Halt+1"],"picked":"SKIP","floor":35.0},{"not_picked":["SashWhip+1","FlyingSleeves+1","ClearTheMind"],"picked":"SKIP","floor":37.0},{"not_picked":["Pray+1","Crescendo","ClearTheMind+1"],"picked":"SKIP","floor":37.0},{"not_picked":["CrushJoints+1","WaveOfTheHand+1"],"picked":"CutThroughFate+1","floor":39.0},{"not_picked":["Blasphemy","ThirdEye","JustLucky+1"],"picked":"SKIP","floor":39.0},{"not_picked":["Wireheading+1","Evaluate+1","DeceiveReality"],"picked":"SKIP","floor":41.0},{"not_picked":["SignatureMove+1","DeusExMachina","Fasting2+1"],"picked":"SKIP","floor":44.0},{"not_picked":["EmptyBody+1","Crescendo+1","SandsOfTime+1"],"picked":"SKIP","floor":45.0},{"not_picked":["EmptyFist+1","SashWhip+1","CutThroughFate+1"],"picked":"SKIP","floor":45.0},{"not_picked":["Sanctity+1","FlyingSleeves+1"],"picked":"Wallop+1","floor":48.0},{"not_picked":["Collect","ThirdEye","Prostrate+1"],"picked":"SKIP","floor":48.0},{"not_picked":["CrushJoints+1","ThirdEye+1"],"picked":"WaveOfTheHand+1","floor":54.0}],"player_experience":267848,"relics_obtained":[{"floor":6.0,"key":"StoneCalendar"},{"floor":8.0,"key":"Prayer Wheel"},{"floor":9.0,"key":"HornCleat"},{"floor":11.0,"key":"Odd Mushroom"},{"floor":24.0,"key":"Bird Faced Urn"},{"floor":26.0,"key":"Frozen Egg 2"},{"floor":41.0,"key":"Mercury Hourglass"},{"floor":44.0,"key":"Incense Burner"},{"floor":54.0,"key":"Mummified Hand"}],"event_choices":[{"damage_healed":0.0,"max_hp_gain":0.0,"max_hp_loss":0.0,"gold_gain":0.0,"event_name":"Big Fish","player_choice":"Box","floor":2.0,"gold_loss":0.0,"damage_taken":0.0,"relics_obtained":["Molten Egg 2"],"cards_obtained":["Regret"]},{"damage_healed":0.0,"max_hp_gain":0.0,"max_hp_loss":0.0,"gold_gain":0.0,"event_name":"World of Goop","player_choice":"Left Gold","floor":5.0,"gold_loss":45.0,"damage_taken":0.0},{"damage_healed":0.0,"max_hp_gain":0.0,"max_hp_loss":0.0,"gold_gain":0.0,"event_name":"Mushrooms","player_choice":"Fought Mushrooms","floor":11.0,"gold_loss":0.0,"damage_taken":0.0},{"damage_healed":0.0,"max_hp_gain":0.0,"max_hp_loss":0.0,"gold_gain":0.0,"event_name":"The Woman in Blue","player_choice":"Bought 3 Potions","floor":19.0,"gold_loss":0.0,"damage_taken":0.0},{"damage_healed":0.0,"max_hp_gain":0.0,"max_hp_loss":0.0,"gold_gain":0.0,"cards_transformed":["Strike_P"],"event_name":"Transmorgrifier","player_choice":"Transformed","floor":22.0,"gold_loss":0.0,"damage_taken":0.0,"cards_obtained":["Omniscience"]},{"damage_healed":0.0,"max_hp_gain":0.0,"max_hp_loss":0.0,"gold_gain":0.0,"event_name":"Winding Halls","player_choice":"Embrace Madness","floor":36.0,"gold_loss":0.0,"damage_taken":9.0,"cards_obtained":["Madness","Madness"]},{"damage_healed":0.0,"max_hp_gain":0.0,"max_hp_loss":0.0,"gold_gain":0.0,"event_name":"Accursed Blacksmith","player_choice":"Forge","floor":47.0,"gold_loss":0.0,"damage_taken":0.0,"cards_upgraded":["Madness"]}],"is_beta":false,"boss_relics":[{"not_picked":["Busted Crown","Pandora\u0027s Box"],"picked":"Velvet Choker"},{"not_picked":["Philosopher\u0027s Stone","Runic Dome"],"picked":"Astrolabe"}],"items_purged_floors":[4,20,38],"is_endless":false,"potions_floor_spawned":[1,14,24,33,41,44,45,48,54],"killed_by":"The Heart","ascension_level":3}}