{"host":"fuszjwm6fqgjjp4d","time":1611535038,"event":{"mods":["BaseMod","Bestiary","Colored Map","DeckTracker","Minty Spire (QoL Compilation)","Permanent Neow","Relic Sorter","Relic Stats","StSLib"],"gold_per_floor":[117,117,136,154,154,154,185,185,185,198,211,239,219,237,237,313,313,326,119,132,152,152,152,187,187,187,237,237,248,4,35,35,110,110,126,126,140,140,154,154,188,188,188,198,229,247,282,297,297,297],"floor_reached":51,"language":"ENG","playtime":2408,"items_purged":["Strike_P"],"score":1830,"play_id":"c8673c58-1ec7-4bed-828b-e071848b4db6","local_time":"20210124183718","is_ascension_mode":true,"campfire_choices":[{"data":"Eruption","floor":6.0,"key":"SMITH"},{"data":"FlurryOfBlows","floor":8.0,"key":"SMITH"},{"data":"WindmillStrike","floor":15.0,"key":"SMITH"},{"floor":23.0,"key":"REST"},{"data":"LessonLearned","floor":25.0,"key":"SMITH"},{"floor":28.0,"key":"REST"},{"floor":32.0,"key":"REST"},{"data":"Dark Shackles","floor":40,"key":"SMITH"},{"data":"Vigilance","floor":42,"key":"SMITH"},{"floor":49,"key":"REST"}],"circlet_count":0,"master_deck":["AscendersBane","Strike_P+1","Strike_P+1","Strike_P+1","Defend_P+1","Defend_P+1","Defend_P+1","Eruption+1","Vigilance+1","BowlingBash+1","FlurryOfBlows+1","ForeignInfluence+1","CutThroughFate+1","Meditate+1","WindmillStrike+1","LessonLearned+1","FearNoEvil+1","SpiritShield+1","JustLucky+1","FollowUp+1","Dark Shackles+1","Prostrate+1","Prostrate+1","CutThroughFate+1","SpiritShield+1","Prostrate+1","Halt+1","Tantrum+1","TalkToTheHand+1","Wallop+1","EmptyFist"],"relics":["Black Star","FossilizedHelix","Damaru","Ornamental Fan","Bird Faced Urn","Bottled Lightning","Runic Pyramid","Boot","War Paint","Ancient Tea Set","Oddly Smooth Stone","Omamori","Shuriken","Cursed Key","Bottled Flame","MealTicket","White Beast Statue","Question Card","Regal Pillow","Orichalcum","Blue Candle"],"acts_visited":["Exordium","TheCity","TheBeyond"],"potions_floor_usage":[44,47],"damage_taken":[{"damage":2.0,"enemies":"2 Louse","floor":1.0,"turns":3.0},{"damage":0.0,"enemies":"Small Slimes","floor":3.0,"turns":3.0},{"damage":0.0,"enemies":"Cultist","floor":4.0,"turns":3.0},{"damage":1.0,"enemies":"Gremlin Nob","floor":7.0,"turns":3.0},{"damage":0.0,"enemies":"2 Fungi Beasts","floor":10.0,"turns":2.0},{"damage":10.0,"enemies":"Lots of Slimes","floor":11.0,"turns":4.0},{"damage":8.0,"enemies":"3 Sentries","floor":12.0,"turns":6.0},{"damage":8.0,"enemies":"3 Louse","floor":14.0,"turns":3.0},{"damage":41.0,"enemies":"Hexaghost","floor":16.0,"turns":10.0},{"damage":0.0,"enemies":"Chosen","floor":18.0,"turns":3.0},{"damage":0.0,"enemies":"2 Thieves","floor":20.0,"turns":3.0},{"damage":5.0,"enemies":"Cultist and Chosen","floor":21.0,"turns":7.0},{"damage":36.0,"enemies":"Book of Stabbing","floor":24.0,"turns":7.0},{"damage":8.0,"enemies":"Snake Plant","floor":29.0,"turns":4.0},{"damage":7.0,"enemies":"Slavers","floor":31.0,"turns":4.0},{"damage":0.0,"enemies":"Automaton","floor":33.0,"turns":7.0},{"damage":0.0,"enemies":"3 Shapes","floor":35.0,"turns":3.0},{"damage":11.0,"enemies":"3 Darklings","floor":37.0,"turns":4.0},{"damage":0,"enemies":"Spire Growth","floor":39,"turns":3},{"damage":0,"enemies":"Giant Head","floor":41,"turns":7},{"damage":0,"enemies":"Jaw Worm Horde","floor":44,"turns":4},{"damage":0,"enemies":"Nemesis","floor":45,"turns":7},{"damage":0,"enemies":"3 Darklings","floor":46,"turns":3},{"damage":0,"enemies":"Giant Head","floor":47,"turns":7},{"damage":0,"enemies":"Sphere and 2 Shapes","floor":48,"turns":3},{"damage":0,"enemies":"Time Eater","floor":50,"turns":6}],"seed_played":"1329899070992870019","potions_obtained":[{"floor":1.0,"key":"PowerPotion"},{"floor":7.0,"key":"PowerPotion"},{"floor":12.0,"key":"EssenceOfSteel"},{"floor":13.0,"key":"Fruit Juice"},{"floor":18.0,"key":"ColorlessPotion"},{"floor":31.0,"key":"Swift Potion"},{"floor":33.0,"key":"SpeedPotion"},{"floor":35.0,"key":"LiquidBronze"},{"floor":44,"key":"BlessingOfTheForge"},{"floor":46,"key":"EntropicBrew"},{"floor":47,"key":"SpeedPotion"},{"floor":48,"key":"StancePotion"}],"is_trial":false,"path_per_floor":["M","?","M","M","?","R","E","R","T","M","M","E","?","M","R","B",null,"M","$","M","M","?","R","E","R","T","?","R","M","$","E","R","B",null,"M","?","M","?","M","R","E","R","T","M","E","M","E","M","R","B",null],"character_chosen":"WATCHER","items_purchased":["FollowUp","Dark Shackles","Oddly Smooth Stone","Prostrate","CutThroughFate"],"campfire_rested":4,"item_purchase_floors":[19,19,30,30,30],"current_hp_per_floor":[59,64,64,64,64,64,63,63,63,63,53,45,45,37,37,1,59,59,59,59,54,32,56,22,22,22,22,46,38,38,31,55,55,76,76,76,65,65,65,65,65,65,65,65,65,65,65,65,83,83],"gold":297,"neow_bonus":"BOSS_RELIC","is_daily":false,"chose_seed":false,"campfire_upgraded":6,"win_rate":0.0,"timestamp":1611535038,"path_taken":["M","?","M","M","?","R","E","R","T","M","?","E","?","?","R","BOSS","M","$","M","M","?","R","E","R","T","?","R","?","$","E","R","BOSS","M","?","?","?","M","R","E","R","T","M","E","M","E","M","R","BOSS"],"items_purchased_type":["Card","Card","Relic","Card","Card"],"build_version":"2020-12-22","purchased_purges":1,"victory":true,"max_hp_per_floor":[68,73,73,73,73,73,73,73,73,73,73,73,73,73,73,78,78,78,78,78,78,83,83,83,83,83,83,83,83,83,83,83,83,83,83,83,83,83,83,83,83,83,83,83,83,83,83,83,83,83],"relic_stats":{"Regal Pillow":0,"counters":[26,119],"Blue Candle":[0],"War Paint":["Defend_P","Meditate"],"Orichalcum":[0],"Boot":[57],"Cursed Key":1,"Question Card":3,"Ornamental Fan":[288],"Shuriken":[45],"Bird Faced Urn":[2],"MealTicket":0,"Black Star":7,"obtain_stats":[{"Regal Pillow":45,"Blue Candle":47,"Damaru":7,"Oddly Smooth Stone":30,"Omamori":31,"War Paint":24,"Orichalcum":47,"Boot":24,"Ancient Tea Set":26,"Cursed Key":34,"Question Card":45,"White Beast Statue":43,"Bottled Flame":41,"Ornamental Fan":9,"Shuriken":31,"Bird Faced Urn":12,"MealTicket":41,"Black Star":0,"Bottled Lightning":12,"PureWater":0,"FossilizedHelix":7,"Runic Pyramid":17},{"Regal Pillow":22,"Blue Candle":24,"Damaru":4,"Oddly Smooth Stone":14,"Omamori":15,"War Paint":13,"Orichalcum":24,"Boot":13,"Ancient Tea Set":13,"Cursed Key":16,"Question Card":22,"White Beast Statue":20,"Bottled Flame":20,"Ornamental Fan":4,"Shuriken":15,"Bird Faced Urn":7,"MealTicket":20,"Black Star":0,"Bottled Lightning":7,"PureWater":0,"FossilizedHelix":4,"Runic Pyramid":9},{"Regal Pillow":100,"Blue Candle":110,"Damaru":12,"Oddly Smooth Stone":61,"Omamori":65,"War Paint":57,"Orichalcum":110,"Boot":57,"Ancient Tea Set":57,"Cursed Key":72,"Question Card":100,"White Beast Statue":89,"Bottled Flame":89,"Ornamental Fan":12,"Shuriken":65,"Bird Faced Urn":24,"MealTicket":89,"Black Star":0,"Bottled Lightning":24,"PureWater":0,"FossilizedHelix":12,"Runic Pyramid":37}]},"card_choices":[{"not_picked":["EmptyBody","InnerPeace"],"picked":"BowlingBash","floor":1.0},{"not_picked":["PathToVictory","Weave"],"picked":"FlurryOfBlows","floor":3.0},{"not_picked":["Prostrate","DeceiveReality"],"picked":"ForeignInfluence","floor":4.0},{"not_picked":["WheelKick","FollowUp"],"picked":"CutThroughFate","floor":7.0},{"not_picked":["ForeignInfluence","BattleHymn"],"picked":"Meditate","floor":10.0},{"not_picked":["EmptyBody","Consecrate"],"picked":"WindmillStrike","floor":11.0},{"not_picked":["Perseverance","Halt"],"picked":"LessonLearned","floor":12.0},{"not_picked":["EmptyBody","Collect"],"picked":"FearNoEvil","floor":14.0},{"not_picked":["Judgement","LessonLearned"],"picked":"SpiritShield","floor":16.0},{"not_picked":["ClearTheMind","ReachHeaven"],"picked":"JustLucky+1","floor":18.0},{"not_picked":["EmptyBody","Meditate+1","ThirdEye"],"picked":"SKIP","floor":20.0},{"not_picked":["Meditate+1","Vengeance","WreathOfFlame"],"picked":"SKIP","floor":21.0},{"not_picked":["FlyingSleeves","Worship","BowlingBash"],"picked":"SKIP","floor":24.0},{"not_picked":["SandsOfTime","Nirvana","Prostrate+1"],"picked":"SKIP","floor":29.0},{"not_picked":["SandsOfTime","Nirvana"],"picked":"Prostrate+1","floor":29.0},{"not_picked":["Study","WreathOfFlame+1","WheelKick"],"picked":"SKIP","floor":31.0},{"not_picked":["MasterReality","Establishment"],"picked":"SpiritShield","floor":33.0},{"not_picked":["Worship+1","Study"],"picked":"Prostrate+1","floor":35.0},{"not_picked":["FollowUp+1","Swivel","BowlingBash"],"picked":"SKIP","floor":37.0},{"not_picked":["EmptyBody","ClearTheMind","WaveOfTheHand"],"picked":"SKIP","floor":39},{"not_picked":["Wish","Sanctity","Protect"],"picked":"SKIP","floor":41},{"not_picked":["FollowUp","SignatureMove"],"picked":"Halt","floor":44},{"not_picked":["Halt+1","FlyingSleeves"],"picked":"Tantrum","floor":45},{"not_picked":["Swivel","CrushJoints","Scrawl"],"picked":"TalkToTheHand","floor":46},{"not_picked":["FearNoEvil","JustLucky","Tantrum"],"picked":"Wallop+1","floor":47},{"not_picked":["Crescendo","Fasting2","ClearTheMind"],"picked":"EmptyFist","floor":48}],"player_experience":1333115,"relics_obtained":[{"floor":7.0,"key":"FossilizedHelix"},{"floor":7.0,"key":"Damaru"},{"floor":9.0,"key":"Ornamental Fan"},{"floor":12.0,"key":"Bird Faced Urn"},{"floor":12.0,"key":"Bottled Lightning"},{"floor":24.0,"key":"Boot"},{"floor":24.0,"key":"War Paint"},{"floor":26.0,"key":"Ancient Tea Set"},{"floor":31.0,"key":"Omamori"},{"floor":31.0,"key":"Shuriken"},{"floor":41,"key":"Bottled Flame"},{"floor":41,"key":"MealTicket"},{"floor":43,"key":"White Beast Statue"},{"floor":45,"key":"Question Card"},{"floor":45,"key":"Regal Pillow"},{"floor":47,"key":"Orichalcum"},{"floor":47,"key":"Blue Candle"}],"event_choices":[{"damage_healed":0.0,"max_hp_gain":5.0,"max_hp_loss":0.0,"gold_gain":0.0,"event_name":"Big Fish","player_choice":"Donut","floor":2.0,"gold_loss":0.0,"damage_taken":0.0},{"damage_healed":0.0,"max_hp_gain":0.0,"max_hp_loss":0.0,"gold_gain":0.0,"event_name":"Upgrade Shrine","player_choice":"Upgraded","floor":5.0,"gold_loss":0.0,"damage_taken":0.0,"cards_upgraded":["ForeignInfluence"]},{"damage_healed":0.0,"max_hp_gain":0.0,"max_hp_loss":0.0,"gold_gain":0.0,"event_name":"The Woman in Blue","player_choice":"Bought 1 Potion","floor":13.0,"gold_loss":0.0,"damage_taken":0.0},{"damage_healed":0.0,"max_hp_gain":5.0,"max_hp_loss":0.0,"gold_gain":0.0,"event_name":"Forgotten Altar","player_choice":"Shed Blood","floor":22.0,"gold_loss":0.0,"damage_taken":27.0},{"damage_healed":0.0,"max_hp_gain":0.0,"max_hp_loss":0.0,"gold_gain":50.0,"event_name":"Golden Shrine","player_choice":"Pray","floor":27.0,"gold_loss":0.0,"damage_taken":0.0},{"damage_healed":0.0,"max_hp_gain":0.0,"max_hp_loss":0.0,"gold_gain":0.0,"event_name":"Accursed Blacksmith","player_choice":"Forge","floor":36.0,"gold_loss":0.0,"damage_taken":0.0,"cards_upgraded":["SpiritShield"]},{"cards_removed":["Defend_P"],"damage_healed":0.0,"max_hp_gain":0.0,"max_hp_loss":0.0,"gold_gain":0.0,"event_name":"Falling","player_choice":"Removed Skill","floor":38.0,"gold_loss":0.0,"damage_taken":0.0}],"is_beta":false,"boss_relics":[{"not_picked":["Runic Dome","Fusion Hammer"],"picked":"Runic Pyramid"},{"not_picked":["Snecko Eye","SacredBark"],"picked":"Cursed Key"}],"items_purged_floors":[19],"is_endless":false,"potions_floor_spawned":[1,7,12,18,31,33,35,44,45,46,47,48],"ascension_level":18}}