{"host":"xp5rvh2jwe2ejyfm","time":1611583915,"event":{"mods":["BaseMod","Downfall","Duelist Mod","GifTheSpireLib","Gremlin Mod","Hermit","Hubris","Minty Spire (QoL Compilation)","Robot Space Explorer","StSLib","The Blackbeard","The Clintock","The Construct","The Cursed","The Disciple","The Forsaken","The Hierophant","The Necromancer","The Runesmith","The Servant 0.9.4"],"gold_per_floor":[113,123,123,45,55,69,80,80,80,90,90,90,118,118,118,244,244,267,5,20,45,45,59,59,59,59],"floor_reached":25,"language":"ENG","playtime":966,"items_purged":[],"score":205,"play_id":"771257fc-9ea1-47c5-b144-ffdcc4c7e87d","local_time":"20210125091155","is_ascension_mode":false,"campfire_choices":[{"data":"theForsaken:InspiringBlow","floor":8,"key":"SMITH"},{"floor":15,"key":"RECALL"},{"floor":24,"key":"REST"}],"circlet_count":0,"master_deck":["theForsaken:TheForsaken_Strike","theForsaken:TheForsaken_Strike","theForsaken:TheForsaken_Strike","theForsaken:TheForsaken_Strike","theForsaken:TheForsaken_Defend","theForsaken:TheForsaken_Defend","theForsaken:TheForsaken_Defend+1","theForsaken:TheForsaken_Defend","theForsaken:Smite","theForsaken:Penitence","theForsaken:InspiringBlow+1","theForsaken:Riposte","theForsaken:LightRoll","theForsaken:Bolster+1","theForsaken:RainingSunlight","theForsaken:BlessedWeapon","theForsaken:PowerUp","theForsaken:BountifulSunlight","Injury","theForsaken:FountainOfLife","theForsaken:ChargeAttack","theForsaken:Riposte+1","theForsaken:Confusion","theForsaken:QuickAttack"],"relics":["theForsaken:JudgementScales","Anchor","hubris:Towel","construct:RocketBooster","hubris:Icosahedron","Vajra","Golden Idol","theForsaken:ArmorOfThorns","Bottled Tornado"],"acts_visited":["Exordium","TheCity"],"potions_floor_usage":[13,13,16,23],"damage_taken":[{"damage":2,"enemies":"2 Louse","floor":1,"turns":2},{"damage":3,"enemies":"Jaw Worm","floor":2,"turns":4},{"damage":0,"enemies":"Small Slimes","floor":5,"turns":4},{"damage":5,"enemies":"Exordium Wildlife","floor":6,"turns":5},{"damage":10,"enemies":"2 Fungi Beasts","floor":7,"turns":4},{"damage":4,"enemies":"Blue Slaver","floor":10,"turns":4},{"damage":13,"enemies":"Lagavulin","floor":13,"turns":8},{"damage":51,"enemies":"Hexaghost","floor":16,"turns":15},{"damage":27,"enemies":"Chosen","floor":18,"turns":8},{"damage":34,"enemies":"Shell Parasite","floor":20,"turns":9},{"damage":13,"enemies":"Snecko","floor":21,"turns":6},{"damage":20,"enemies":"Chosen and Byrds","floor":23,"turns":7},{"damage":40,"enemies":"Book of Stabbing","floor":25,"turns":6}],"seed_played":"-8675319191130877197","potions_obtained":[{"floor":2,"key":"SneckoOil"},{"floor":5,"key":"DistilledChaos"},{"floor":7,"key":"Explosive Potion"},{"floor":21,"key":"BlessingOfTheForge"}],"is_trial":false,"path_per_floor":["M","M","?","$","M","M","M","R","T","M","?","?","E","?","R","B",null,"M","$","M","M","$","M","R","E"],"character_chosen":"THE_FORSAKEN","items_purchased":["theForsaken:LightRoll","Bottled Tornado"],"campfire_rested":1,"item_purchase_floors":[4,19],"current_hp_per_floor":[63,62,62,62,64,60,53,53,53,52,52,52,47,47,47,34,65,40,40,22,23,23,10,30,0,0],"gold":59,"neow_bonus":"RANDOM_COMMON_RELIC","is_daily":false,"chose_seed":false,"campfire_upgraded":1,"win_rate":0.0,"timestamp":1611583915,"path_taken":["M","M","?","$","M","M","M","R","T","M","?","?","E","?","R","BOSS","M","$","M","M","$","M","R","E"],"items_purchased_type":["Card","Relic"],"build_version":"2020-12-22","purchased_purges":0,"victory":false,"max_hp_per_floor":[65,65,65,65,65,65,65,65,65,65,65,65,65,65,65,65,65,67,67,69,69,69,69,69,69,69],"card_choices":[{"not_picked":["theForsaken:ShieldCharge","theForsaken:Parry"],"picked":"theForsaken:InspiringBlow","floor":1},{"not_picked":["theForsaken:BottledPlague","theForsaken:NobleSacrifice"],"picked":"theForsaken:Riposte","floor":2},{"not_picked":["theForsaken:FatRoll","theForsaken:ChargeAttack"],"picked":"theForsaken:Bolster","floor":5},{"not_picked":["theForsaken:DarkRift","theForsaken:ShieldCharge"],"picked":"theForsaken:RainingSunlight","floor":6},{"not_picked":["theForsaken:Devotion","theForsaken:ShieldBash"],"picked":"theForsaken:BlessedWeapon","floor":7},{"not_picked":["theForsaken:ShieldBash","theForsaken:PanicDive"],"picked":"theForsaken:PowerUp","floor":10},{"not_picked":["theForsaken:FatRoll","theForsaken:Terrorize"],"picked":"theForsaken:BountifulSunlight","floor":13},{"not_picked":["theForsaken:DivineGuidance","theForsaken:Prudence"],"picked":"theForsaken:FountainOfLife","floor":16},{"not_picked":["theForsaken:Preservation","theForsaken:LightRoll"],"picked":"theForsaken:ChargeAttack","floor":18},{"not_picked":["theForsaken:Thunderbolt","theForsaken:HymnOfPatience"],"picked":"theForsaken:Riposte+1","floor":20},{"not_picked":["theForsaken:Backlash+1","theForsaken:ShieldBash+1"],"picked":"theForsaken:Confusion","floor":21},{"not_picked":["theForsaken:BlindFaith+1","theForsaken:BindingThorns"],"picked":"theForsaken:QuickAttack","floor":23}],"player_experience":327206,"relics_obtained":[{"floor":9,"key":"construct:RocketBooster"},{"floor":13,"key":"Vajra"}],"event_choices":[{"damage_healed":0,"gold_gain":0,"player_choice":"Grow","damage_taken":0,"max_hp_gain":0,"max_hp_loss":0,"event_name":"Living Wall","floor":11,"gold_loss":0,"cards_upgraded":["theForsaken:Bolster"]},{"damage_healed":0,"gold_gain":0,"player_choice":"Take Wound","damage_taken":0,"relics_obtained":["Golden Idol"],"max_hp_gain":0,"max_hp_loss":0,"event_name":"Golden Idol","floor":14,"gold_loss":0,"cards_obtained":["Injury"]}],"is_beta":false,"boss_relics":[{"not_picked":["SlaversCollar","hubris:Backtick"],"picked":"theForsaken:ArmorOfThorns"}],"items_purged_floors":[],"is_endless":false,"potions_floor_spawned":[2,5,7,21],"killed_by":"Book of Stabbing","ascension_level":0}}