{"host":"hwrdjx5eod2cxh09","time":1611570639,"event":{"mods":["AchievementEnabler","BaseMod","Bestiary","Minty Spire (QoL Compilation)","Relic Stats"],"gold_per_floor":[119,133,133,133,145,145,173,173,245,265,300,311,20,36,36,36,36],"floor_reached":16,"language":"ENG","playtime":480,"items_purged":[],"score":112,"play_id":"f6aee3a2-3bba-4f6e-9a54-28aa37af2a7a","local_time":"20210125193039","is_ascension_mode":false,"campfire_choices":[{"data":"Bash","floor":6,"key":"SMITH"},{"data":"Pommel Strike","floor":8,"key":"SMITH"},{"data":"Armaments","floor":15,"key":"SMITH"}],"circlet_count":0,"master_deck":["Strike_R+1","Strike_R","Strike_R","Strike_R+1","Defend_R","Defend_R","Defend_R","Defend_R","Bash+1","Headbutt","Pommel Strike+1","Iron Wave","Armaments+1"],"relics":["Burning Blood","Magic Flower","Anchor","Singing Bowl","Centennial Puzzle","Pantograph"],"acts_visited":["Exordium"],"potions_floor_usage":[],"damage_taken":[{"damage":0,"enemies":"Small Slimes","floor":1,"turns":3},{"damage":1,"enemies":"Jaw Worm","floor":2,"turns":4},{"damage":0,"enemies":"2 Louse","floor":5,"turns":2},{"damage":36,"enemies":"Lagavulin","floor":7,"turns":9},{"damage":2,"enemies":"Blue Slaver","floor":10,"turns":5},{"damage":6,"enemies":"Gremlin Nob","floor":11,"turns":3},{"damage":5,"enemies":"Exordium Wildlife","floor":12,"turns":4},{"damage":5,"enemies":"Looter","floor":14,"turns":3},{"damage":87,"enemies":"Hexaghost","floor":16,"turns":11}],"seed_played":"2592774886500808172","potions_obtained":[{"floor":11,"key":"Weak Potion"},{"floor":12,"key":"SpeedPotion"},{"floor":14,"key":"Strength Potion"}],"is_trial":false,"path_per_floor":["M","M","?","?","M","R","E","R","T","M","E","M","$","M","R","B"],"character_chosen":"IRONCLAD","items_purchased":["Pantograph","Armaments"],"campfire_rested":0,"item_purchase_floors":[13,13],"current_hp_per_floor":[65,73,66,50,59,59,32,32,32,41,46,50,50,56,56,0,0],"gold":36,"neow_bonus":"ONE_RARE_RELIC","is_daily":false,"chose_seed":false,"campfire_upgraded":3,"win_rate":0.0,"timestamp":1611570639,"path_taken":["M","M","?","?","M","R","E","R","T","M","E","M","$","M","R","BOSS"],"items_purchased_type":["Relic","Card"],"build_version":"2020-12-22","purchased_purges":0,"victory":false,"max_hp_per_floor":[80,80,80,80,80,80,80,80,80,82,84,84,84,86,86,86,86],"relic_stats":{"Centennial Puzzle":[9],"Singing Bowl":6,"counters":[9,44],"Pantograph":30,"Magic Flower":[29],"obtain_stats":[{"Anchor":7,"Centennial Puzzle":11,"Singing Bowl":9,"Pantograph":13,"Magic Flower":0,"Burning Blood":0},{"Anchor":4,"Centennial Puzzle":6,"Singing Bowl":4,"Pantograph":7,"Magic Flower":0,"Burning Blood":0},{"Anchor":18,"Centennial Puzzle":26,"Singing Bowl":18,"Pantograph":30,"Magic Flower":0,"Burning Blood":0}],"Burning Blood":72},"card_choices":[{"not_picked":["Havoc","Sword Boomerang"],"picked":"Headbutt","floor":1},{"not_picked":["Fire Breathing","Intimidate","Combust"],"picked":"SKIP","floor":2},{"not_picked":["Ghostly Armor","Exhume","Headbutt"],"picked":"SKIP","floor":5},{"not_picked":["Demon Form","Spot Weakness"],"picked":"Pommel Strike","floor":7},{"not_picked":["Anger","Blood for Blood","Clash"],"picked":"Singing Bowl","floor":10},{"not_picked":["Seeing Red","Spot Weakness","Evolve"],"picked":"Singing Bowl","floor":11},{"not_picked":["Power Through","Thunderclap"],"picked":"Iron Wave","floor":12},{"not_picked":["Rampage","Hemokinesis","Spot Weakness"],"picked":"Singing Bowl","floor":14}],"player_experience":294100,"relics_obtained":[{"floor":7,"key":"Anchor"},{"floor":9,"key":"Singing Bowl"},{"floor":11,"key":"Centennial Puzzle"}],"event_choices":[{"cards_removed":["Strike_R"],"damage_healed":0,"gold_gain":0,"player_choice":"Card Removal","damage_taken":7,"max_hp_gain":0,"max_hp_loss":0,"event_name":"Golden Wing","floor":3,"gold_loss":0},{"damage_healed":0,"gold_gain":0,"player_choice":"Entered Light","damage_taken":16,"max_hp_gain":0,"max_hp_loss":0,"event_name":"Shining Light","floor":4,"gold_loss":0,"cards_upgraded":["Strike_R","Strike_R"]}],"is_beta":false,"boss_relics":[],"items_purged_floors":[],"is_endless":false,"potions_floor_spawned":[11,12,14],"killed_by":"Hexaghost","ascension_level":0}}