{"host":"09xy7x44mql7nhdq","time":1611608147,"event":{"mods":["AchievementEnabler","BaseMod","Colored Map","Colored Powertips","Filter the Spire","Minty Spire (QoL Compilation)","Quick Restart","Relic Stats","Slay the Relics Exporter","everything is the same but u backflip on backflip","ojb\u0027s Better Paths Mod","ojb\u0027s Info Mod","slay the spire mod where everything is the same but ironclad has a cowboy hat"],"gold_per_floor":[119,133,153,170,181,181,211,221,221,271,283,283,314,332,332,406,406,425,27,27,27,45,45,77,96,96,122,122,102,118,131,131,208,208,218,234,254,264,264,264,275,302,302,302,320,320,320],"floor_reached":46,"language":"ENG","playtime":4187,"items_purged":["Bane"],"score":1166,"play_id":"7e41bac3-5abc-438f-b7a8-f9842bd47de9","local_time":"20210125155547","is_ascension_mode":true,"campfire_choices":[{"data":"Burst","floor":6.0,"key":"SMITH"},{"floor":12.0,"key":"REST"},{"floor":15.0,"key":"REST"},{"data":"Leg Sweep","floor":23.0,"key":"SMITH"},{"floor":28.0,"key":"REST"},{"floor":32.0,"key":"REST"},{"floor":40.0,"key":"REST"},{"floor":44.0,"key":"RECALL"}],"circlet_count":0,"master_deck":["AscendersBane","Survivor","Neutralize","Flying Knee","Die Die Die","Terror","Distraction","Well Laid Plans","Venomology","Flying Knee","Dagger Throw","Deflect","Deflect","Burst+1","Deflect","Backflip","Dodge and Roll","Blade Dance","Die Die Die","Leg Sweep+1","Tools of the Trade","Dash","Backflip","Blade Dance+1","Acrobatics","Eviscerate+1","Tactician+1","Finisher","After Image","Footwork","Outmaneuver","Skewer+1","Dodge and Roll+1"],"relics":["Pandora\u0027s Box","Sundial","White Beast Statue","Tough Bandages","HoveringKite","Omamori","WarpedTongs","Gremlin Horn","InkBottle","Bag of Preparation","Empty Cage","StoneCalendar"],"acts_visited":["Exordium","TheCity","TheBeyond"],"potions_floor_usage":[46,46,46],"damage_taken":[{"damage":0.0,"enemies":"Cultist","floor":1.0,"turns":2.0},{"damage":0.0,"enemies":"Small Slimes","floor":2.0,"turns":2.0},{"damage":0.0,"enemies":"2 Louse","floor":3.0,"turns":2.0},{"damage":6.0,"enemies":"Gremlin Gang","floor":4.0,"turns":4.0},{"damage":2.0,"enemies":"Large Slime","floor":5.0,"turns":6.0},{"damage":36.0,"enemies":"Gremlin Nob","floor":7.0,"turns":4.0},{"damage":4.0,"enemies":"2 Fungi Beasts","floor":8.0,"turns":2.0},{"damage":0.0,"enemies":"3 Louse","floor":11.0,"turns":2.0},{"damage":24.0,"enemies":"3 Sentries","floor":13.0,"turns":7.0},{"damage":0.0,"enemies":"Large Slime","floor":14.0,"turns":5.0},{"damage":12.0,"enemies":"The Guardian","floor":16.0,"turns":7.0},{"damage":0.0,"enemies":"3 Byrds","floor":18.0,"turns":4.0},{"damage":4.0,"enemies":"2 Thieves","floor":22.0,"turns":4.0},{"damage":0.0,"enemies":"Gremlin Leader","floor":24.0,"turns":7.0},{"damage":11.0,"enemies":"Cultist and Chosen","floor":25.0,"turns":7.0},{"damage":20.0,"enemies":"Book of Stabbing","floor":27.0,"turns":7.0},{"damage":6.0,"enemies":"Shelled Parasite and Fungi","floor":30.0,"turns":4.0},{"damage":16.0,"enemies":"Snake Plant","floor":31.0,"turns":4.0},{"damage":9.0,"enemies":"Automaton","floor":33.0,"turns":9.0},{"damage":12.0,"enemies":"3 Darklings","floor":35.0,"turns":4.0},{"damage":0.0,"enemies":"3 Shapes","floor":36.0,"turns":7.0},{"damage":18.0,"enemies":"3 Darklings","floor":37.0,"turns":5.0},{"damage":5.0,"enemies":"Transient","floor":38.0,"turns":6.0},{"damage":0.0,"enemies":"Sphere and 2 Shapes","floor":41.0,"turns":5.0},{"damage":0.0,"enemies":"Giant Head","floor":42.0,"turns":6.0},{"damage":33.0,"enemies":"Spire Growth","floor":45.0,"turns":7.0},{"damage":12,"enemies":"Reptomancer","floor":46,"turns":3}],"seed_played":"-856785436522694553","potions_obtained":[{"floor":1.0,"key":"CunningPotion"},{"floor":8.0,"key":"Strength Potion"},{"floor":13.0,"key":"CunningPotion"},{"floor":14.0,"key":"CunningPotion"},{"floor":16.0,"key":"Fire Potion"},{"floor":18.0,"key":"LiquidMemories"},{"floor":24.0,"key":"BlessingOfTheForge"},{"floor":25.0,"key":"Energy Potion"},{"floor":27.0,"key":"Strength Potion"},{"floor":30.0,"key":"DuplicationPotion"},{"floor":31.0,"key":"SkillPotion"},{"floor":35.0,"key":"CunningPotion"},{"floor":36.0,"key":"GhostInAJar"},{"floor":37.0,"key":"Strength Potion"},{"floor":38.0,"key":"CultistPotion"},{"floor":45.0,"key":"DuplicationPotion"}],"is_trial":false,"path_per_floor":["M","M","M","M","M","R","E","M","T","?","M","R","E","M","R","B",null,"M","$","?","$","M","R","E","M","T","E","R","?","M","M","R","B",null,"M","M","M","M","?","R","M","E","T","R","M","E"],"character_chosen":"THE_SILENT","items_purchased":["Tools of the Trade","Dash","Omamori"],"campfire_rested":5,"item_purchase_floors":[19,19,19],"current_hp_per_floor":[59,59,59,53,51,51,15,11,11,11,11,30,6,6,25,13,53,53,53,53,53,49,49,49,38,38,18,37,37,31,15,34,25,56,44,44,26,21,21,40,40,40,40,40,7,0,0],"gold":320,"neow_bonus":"BOSS_RELIC","is_daily":false,"chose_seed":false,"campfire_upgraded":2,"win_rate":0.0,"timestamp":1611608147,"path_taken":["M","M","M","?","M","R","E","M","T","?","M","R","E","?","R","BOSS","M","$","?","?","M","R","E","M","T","E","R","?","M","M","R","BOSS","M","M","?","M","?","R","M","E","T","R","M","E"],"items_purchased_type":["Card","Card","Relic"],"build_version":"2020-12-22","purchased_purges":1,"victory":false,"max_hp_per_floor":[66,66,66,66,66,66,66,66,66,66,66,66,66,66,66,66,66,66,66,66,66,66,66,66,66,66,66,66,66,66,66,66,66,66,66,66,66,66,66,66,66,66,66,66,66,66,66],"relic_stats":{"Tough Bandages":[267],"Gremlin Horn":[18,18],"counters":[27,132],"Sundial":[16],"HoveringKite":[63],"Pandora\u0027s Box":["Flying Knee","Bane","Die Die Die","Terror","Infinite Blades","Distraction","Well Laid Plans","Venomology","Flying Knee","Dagger Throw"],"StoneCalendar":[0],"Bag of Preparation":[22],"obtain_stats":[{"Gremlin Horn":24,"HoveringKite":17,"StoneCalendar":42,"Omamori":19,"Bag of Preparation":27,"Empty Cage":34,"White Beast Statue":9,"WarpedTongs":20,"Tough Bandages":13,"Sundial":7,"Pandora\u0027s Box":0,"InkBottle":26,"Ring of the Snake":0},{"Gremlin Horn":14,"HoveringKite":11,"StoneCalendar":25,"Omamori":12,"Bag of Preparation":16,"Empty Cage":19,"White Beast Statue":7,"WarpedTongs":12,"Tough Bandages":9,"Sundial":6,"Pandora\u0027s Box":0,"InkBottle":15,"Ring of the Snake":0},{"Gremlin Horn":58,"HoveringKite":43,"StoneCalendar":122,"Omamori":47,"Bag of Preparation":72,"Empty Cage":89,"White Beast Statue":22,"WarpedTongs":47,"Tough Bandages":31,"Sundial":20,"Pandora\u0027s Box":0,"InkBottle":65,"Ring of the Snake":0}],"InkBottle":[50],"WarpedTongs":[84]},"card_choices":[{"not_picked":["Expertise","Flying Knee"],"picked":"Deflect","floor":1.0},{"not_picked":["Sucker Punch","Poisoned Stab","Bane"],"picked":"SKIP","floor":2.0},{"not_picked":["Flying Knee","Eviscerate"],"picked":"Deflect","floor":3.0},{"not_picked":["Underhanded Strike","Outmaneuver"],"picked":"Burst","floor":4.0},{"not_picked":["Prepared","Sucker Punch","Quick Slash"],"picked":"SKIP","floor":5.0},{"not_picked":["Setup","Flying Knee"],"picked":"Riddle With Holes","floor":7.0},{"not_picked":["Bane","Expertise"],"picked":"Deflect","floor":8.0},{"not_picked":["Dodge and Roll","Outmaneuver"],"picked":"Backflip","floor":11.0},{"not_picked":["Concentrate","Sucker Punch"],"picked":"Dodge and Roll","floor":13.0},{"not_picked":["Reflex","Noxious Fumes"],"picked":"Blade Dance","floor":14.0},{"not_picked":["Unload","Bullet Time"],"picked":"Die Die Die","floor":16.0},{"not_picked":["PiercingWail","Underhanded Strike"],"picked":"Leg Sweep","floor":18.0},{"not_picked":["Dagger Throw","Reflex"],"picked":"Backflip","floor":22.0},{"not_picked":["Riddle With Holes","Deflect"],"picked":"Blade Dance+1","floor":24.0},{"not_picked":["Slice","Poisoned Stab"],"picked":"Acrobatics","floor":25.0},{"not_picked":["Setup","Outmaneuver"],"picked":"Eviscerate+1","floor":27.0},{"not_picked":["Infinite Blades","Predator"],"picked":"Tactician+1","floor":30.0},{"not_picked":["Cloak And Dagger","Distraction"],"picked":"Finisher","floor":31.0},{"not_picked":["Unload","Wraith Form v2"],"picked":"After Image","floor":33.0},{"not_picked":["Outmaneuver+1","Dodge and Roll"],"picked":"Footwork","floor":35.0},{"not_picked":["Endless Agony","Backstab+1"],"picked":"Outmaneuver","floor":36.0},{"not_picked":["Blade Dance","Slice+1","Deadly Poison+1"],"picked":"SKIP","floor":37.0},{"not_picked":["All Out Attack","Dodge and Roll"],"picked":"Skewer+1","floor":38.0},{"not_picked":["Masterful Stab","Caltrops+1","Infinite Blades+1"],"picked":"SKIP","floor":41.0},{"not_picked":["Deflect","Corpse Explosion","Slice"],"picked":"SKIP","floor":42.0},{"not_picked":["Reflex","Dagger Spray"],"picked":"Dodge and Roll+1","floor":45.0}],"player_experience":1103683,"relics_obtained":[{"floor":7.0,"key":"Sundial"},{"floor":9.0,"key":"White Beast Statue"},{"floor":13.0,"key":"Tough Bandages"},{"floor":24.0,"key":"Gremlin Horn"},{"floor":26.0,"key":"InkBottle"},{"floor":27.0,"key":"Bag of Preparation"},{"floor":42.0,"key":"StoneCalendar"}],"event_choices":[{"damage_healed":0.0,"max_hp_gain":0.0,"max_hp_loss":0.0,"gold_gain":50.0,"event_name":"Golden Shrine","player_choice":"Pray","floor":10.0,"gold_loss":0.0,"damage_taken":0.0},{"damage_healed":0.0,"max_hp_gain":0.0,"max_hp_loss":0.0,"gold_gain":0.0,"event_name":"Accursed Blacksmith","player_choice":"Rummage","floor":20.0,"gold_loss":0.0,"damage_taken":0.0,"relics_obtained":["WarpedTongs"],"cards_obtained":["Pain"]},{"damage_healed":0.0,"max_hp_gain":0.0,"max_hp_loss":0.0,"gold_gain":0.0,"event_name":"The Woman in Blue","player_choice":"Bought 1 Potion","floor":29.0,"gold_loss":0.0,"damage_taken":0.0},{"damage_healed":0.0,"max_hp_gain":0.0,"max_hp_loss":0.0,"gold_gain":0.0,"event_name":"Mysterious Sphere","player_choice":"Ignored","floor":39.0,"gold_loss":0.0,"damage_taken":0.0}],"is_beta":false,"boss_relics":[{"not_picked":["Velvet Choker","WristBlade"],"picked":"HoveringKite"},{"not_picked":["Calling Bell","Tiny House"],"picked":"Empty Cage"}],"items_purged_floors":[19],"is_endless":false,"potions_floor_spawned":[1,3,8,11,13,14,16,18,22,24,25,27,30,31,33,35,36,37,38,41,42,45],"killed_by":"Reptomancer","ascension_level":20}}