{"host":"Jade","time":1611543220,"event":{"mods":["2.2 Compatiblity","A Penny For Your Troubles","Aspiration","BaseMod","Better Altar","Better Match","Better Note","Better Skull","Better Third Choice","Better Vampires","BetterRewards","Colored Powertips","Conspire","Curses Come First","DeckTracker","GifTheSpireLib","Hero for Fun","Hubris","Infinite Spire","Minty Spire (QoL Compilation)","Quick Restart","Rare Cards Sparkle","Relic Stats","Replay The Spire","RumiaBox-????????","StSLib","Stuff the Spire","Wandering Minibosses"],"gold_per_floor":[35,35,52,72,91,91,111,111,136,136,58,58,91,101,101,204,204,215,235,246,266,266,266,280,280,280,280,280,298,316,328,328,328,328],"floor_reached":33,"language":"ENG","playtime":1460,"items_purged":[],"score":253,"play_id":"2d604dc2-0464-42f1-8d95-3bb052b90eee","local_time":"20210125105340","is_ascension_mode":false,"campfire_choices":[{"floor":6,"key":"REST"},{"data":"Noxious Fumes","floor":12,"key":"SMITH"},{"data":"StuffTheSpire:Injection","floor":15,"key":"SMITH"},{"data":"Fluid Movement","floor":23,"key":"SMITH"},{"floor":25,"key":"REST"},{"data":"Corpse Explosion","floor":32,"key":"SMITH"}],"circlet_count":0,"master_deck":["Strike_G","Strike_G","Strike_G","Defend_G","Defend_G","Defend_G","Defend_G","Defend_G","Survivor+1","Hidden Blade","Fluid Movement+1","Outmaneuver","Noxious Fumes+1","StuffTheSpire:Injection+1","Burst","Blur+1","Blade Dance","Corpse Explosion+1"],"relics":["Ring of the Snake","CaptainsWheel","StuffTheSpire:DarkSteelAnvil","MagicDraw4","Omamori","hubris:DisguiseKit","GodSword3","EasyGame_NEW","Iron Hammer","ClockworkSouvenir"],"acts_visited":["Exordium","TheCity"],"potions_floor_usage":[5,5,7,14,33,33],"damage_taken":[{"damage":2,"enemies":"Jaw Worm","floor":1,"turns":7},{"damage":3,"enemies":"Cultist","floor":3,"turns":5},{"damage":5,"enemies":"2 Louse","floor":4,"turns":3},{"damage":11,"enemies":"Exordium Wildlife","floor":5,"turns":8},{"damage":4,"enemies":"Blue Slaver","floor":7,"turns":5},{"damage":27,"enemies":"Gremlin Nob","floor":13,"turns":6},{"damage":0,"enemies":"Gremlin Gang","floor":14,"turns":3},{"damage":4,"enemies":"The Guardian","floor":16,"turns":9},{"damage":20,"enemies":"conspire:FuzzyDice","floor":18,"turns":5},{"damage":4,"enemies":"Shell Parasite","floor":19,"turns":4},{"damage":0,"enemies":"Chosen and Byrds","floor":20,"turns":5},{"damage":8,"enemies":"conspire:HollyBat","floor":21,"turns":6},{"damage":5,"enemies":"Centurion and Healer","floor":24,"turns":7},{"damage":10,"enemies":"Cultist and Chosen","floor":29,"turns":5},{"damage":8,"enemies":"3 Cultists","floor":30,"turns":5},{"damage":2,"enemies":"conspire:HollyBat","floor":31,"turns":6},{"damage":35,"enemies":"hubris:MusketHawk","floor":33,"turns":6}],"seed_played":"4658008315231472436","potions_obtained":[{"floor":3,"key":"CunningPotion"},{"floor":4,"key":"SpeedPotion"},{"floor":13,"key":"DistilledChaos"},{"floor":21,"key":"Strength Potion"},{"floor":24,"key":"Elixir"},{"floor":30,"key":"SpeedPotion"}],"is_trial":false,"path_per_floor":["M","?","M","M","M","R","M","?","T","?","$","R","E","M","R","B",null,"M","M","M","M","?","R","M","R","T","AVR","?","M","M","M","R","B"],"character_chosen":"THE_SILENT","items_purchased":["StuffTheSpire:DarkSteelAnvil","Strength Potion","Noxious Fumes"],"campfire_rested":2,"item_purchase_floors":[0,0,11],"current_hp_per_floor":[36,36,33,28,17,38,34,34,34,34,34,34,7,7,7,3,70,50,46,46,38,38,38,33,54,54,54,54,44,36,34,34,0,0],"gold":328,"neow_bonus":"","is_daily":false,"chose_seed":false,"campfire_upgraded":4,"win_rate":0.0,"timestamp":1611543220,"path_taken":["M","?","?","M","M","R","M","?","T","?","?","R","E","M","R","BOSS","M","M","?","M","?","R","M","R","T","AVR","?","?","M","M","R","BOSS"],"items_purchased_type":["Relic","Potion","Card"],"build_version":"2020-11-17","purchased_purges":0,"victory":false,"max_hp_per_floor":[70,70,70,70,70,70,70,70,70,70,70,70,70,70,70,70,70,70,70,70,70,70,70,70,70,70,70,70,70,70,70,70,70,70],"relic_stats":{"counters":[17,94],"obtain_stats":[{"TwistedFunnel":0,"Ice Cream":0,"Lantern":0,"SecretRecord":0,"Replay:Multitool":0,"MagicDraw4":0,"Burning Blood":0,"ClockworkSouvenir":27,"hubris:AstralHammer":0,"infinitespire:Golems Mask":0,"Iron Hammer":26,"Kunai":0,"StuffTheSpire:Nightcore":0,"Cracked Core":0,"StuffTheSpire:NeowsTribute":0,"Ring of the Snake":0,"Girya":0,"hubris:DisguiseKit":10,"aspiration:Nostalgia":0,"infinitespire:CursedDice":0,"ReplayTheSpireMod:CursedCoin":0,"StuffTheSpire:Wildfire":0,"hubris:MedicalManual":0,"Omamori":9,"aspiration:SeaSaltIceCream":0,"conspire:GiftBox":0,"CaptainsWheel":0,"Bird Faced Urn":0,"StuffTheSpire:DarkSteelAnvil":0,"Membership Card":0,"GodSword3":13,"FossilizedHelix":0,"Unceasing Top":0,"EasyGame_NEW":17,"hubris:Reverence":0},{"TwistedFunnel":0,"Ice Cream":0,"Lantern":0,"SecretRecord":0,"Replay:Multitool":0,"MagicDraw4":0,"Burning Blood":0,"ClockworkSouvenir":13,"hubris:AstralHammer":0,"infinitespire:Golems Mask":0,"Iron Hammer":13,"Kunai":0,"StuffTheSpire:Nightcore":0,"Cracked Core":0,"StuffTheSpire:NeowsTribute":0,"Ring of the Snake":0,"Girya":0,"hubris:DisguiseKit":5,"aspiration:Nostalgia":0,"infinitespire:CursedDice":0,"ReplayTheSpireMod:CursedCoin":0,"StuffTheSpire:Wildfire":0,"hubris:MedicalManual":0,"Omamori":5,"aspiration:SeaSaltIceCream":0,"conspire:GiftBox":0,"CaptainsWheel":0,"Bird Faced Urn":0,"StuffTheSpire:DarkSteelAnvil":0,"Membership Card":0,"GodSword3":6,"FossilizedHelix":0,"Unceasing Top":0,"EasyGame_NEW":8,"hubris:Reverence":0},{"TwistedFunnel":0,"Ice Cream":0,"Lantern":0,"SecretRecord":0,"Replay:Multitool":0,"MagicDraw4":0,"Burning Blood":0,"ClockworkSouvenir":72,"hubris:AstralHammer":0,"infinitespire:Golems Mask":0,"Iron Hammer":72,"Kunai":0,"StuffTheSpire:Nightcore":0,"Cracked Core":0,"StuffTheSpire:NeowsTribute":0,"Ring of the Snake":0,"Girya":0,"hubris:DisguiseKit":28,"aspiration:Nostalgia":0,"infinitespire:CursedDice":0,"ReplayTheSpireMod:CursedCoin":0,"StuffTheSpire:Wildfire":0,"hubris:MedicalManual":0,"Omamori":28,"aspiration:SeaSaltIceCream":0,"conspire:GiftBox":0,"CaptainsWheel":0,"Bird Faced Urn":0,"StuffTheSpire:DarkSteelAnvil":0,"Membership Card":0,"GodSword3":34,"FossilizedHelix":0,"Unceasing Top":0,"EasyGame_NEW":46,"hubris:Reverence":0}],"Ring of the Snake":[34]},"card_choices":[{"not_picked":["PiercingWail","Blade Dance"],"picked":"Fluid Movement","floor":1},{"not_picked":["Endless Agony","Blade Dance","Prepared"],"picked":"SKIP","floor":3},{"not_picked":["StuffTheSpire:BumpUp","Outmaneuver","Sneak Up"],"picked":"SKIP","floor":4},{"not_picked":["StuffTheSpire:BumpUp","Dodge and Roll","Sucker Punch"],"picked":"SKIP","floor":5},{"not_picked":["hubris:TrickCloak","Acrobatics","ReplayTheSpireMod:Shiv Toss"],"picked":"SKIP","floor":7},{"not_picked":["Underhanded Strike","Slice","Deflect","Heavy Blade"],"picked":"SKIP","floor":13},{"not_picked":["Dodge and Roll","Calculated Gamble","ReplayTheSpireMod:LeadingStrike"],"picked":"StuffTheSpire:Injection","floor":14},{"not_picked":["Bullet Time","Glass Knife","Offering"],"picked":"Burst","floor":16},{"not_picked":["Leg Sweep","StuffTheSpire:Sprint","Bane","ReplayTheSpireMod:Limb From Limb"],"picked":"SKIP","floor":18},{"not_picked":["Deflect","Blade Dance","Infinite Blades+1","Iron Wave"],"picked":"SKIP","floor":19},{"not_picked":["Dagger Spray+1","StuffTheSpire:Shiver","Acrobatics","Havoc"],"picked":"SKIP","floor":20},{"not_picked":["StuffTheSpire:Repulse+1","hubris:SlightOfHand","Replay:Undeath\u0027s Touch"],"picked":"Blur+1","floor":21},{"not_picked":["PiercingWail","Footwork","StuffTheSpire:Injection","Ghostly Armor"],"picked":"SKIP","floor":24},{"not_picked":["Hidden Blade+1","Deflect","StuffTheSpire:Incineration"],"picked":"Blade Dance","floor":29},{"not_picked":["Blade Dance","StuffTheSpire:Injection","Clash"],"picked":"Corpse Explosion","floor":30},{"not_picked":["Quick Slash","Flying Knee+1","StuffTheSpire:ClusterCrunch","StuffTheSpire:Slingshot"],"picked":"SKIP","floor":31}],"player_experience":33010,"relics_obtained":[{"floor":9,"key":"Omamori"},{"floor":10,"key":"hubris:DisguiseKit"},{"floor":13,"key":"GodSword3"},{"floor":26,"key":"Iron Hammer"}],"event_choices":[{"damage_healed":0,"gold_gain":0,"cards_transformed":["Strike_G"],"player_choice":"Transformed","damage_taken":0,"max_hp_gain":0,"max_hp_loss":0,"event_name":"Transmorgrifier","floor":2,"gold_loss":0,"cards_obtained":["Outmaneuver"]},{"damage_healed":0,"gold_gain":0,"player_choice":"Grow","damage_taken":0,"max_hp_gain":0,"max_hp_loss":0,"event_name":"Living Wall","floor":8,"gold_loss":0,"cards_upgraded":["Survivor"]},{"damage_healed":0,"gold_gain":0,"player_choice":"Ignored","damage_taken":0,"max_hp_gain":0,"max_hp_loss":0,"event_name":"betterNote:BetterNote","floor":22,"gold_loss":0,"cards_obtained":["ReplayTheSpireMod:Brewmster"]},{"damage_healed":0,"gold_gain":0,"player_choice":"Ignored","damage_taken":0,"max_hp_gain":0,"max_hp_loss":0,"event_name":"Ghosts","floor":28,"gold_loss":0}],"is_beta":true,"boss_relics":[{"not_picked":["Philosopher\u0027s Stone","StuffTheSpire:ModemDavis"],"picked":"EasyGame_NEW"}],"items_purged_floors":[],"is_endless":false,"potions_floor_spawned":[3,4,13,21,24,30,31],"killed_by":"hubris:MusketHawk","ascension_level":0}}