{"host":"0mk07bycsqo1qk03","time":1611586046,"event":{"mods":["BaseMod","Downfall","Hermit","Hubris","Minty Spire (QoL Compilation)","StSLib","The Cursed"],"gold_per_floor":[112,112,124,124,124,124,158,158,158,158,177,203,222,255,255,333,333,349,359,359,213,232,232,250,250,276,376,376,391,411,421,421,421,421],"floor_reached":33,"language":"ENG","playtime":1089,"items_purged":[],"score":482,"play_id":"b411ee0b-59f5-4e06-8396-76056468ad07","local_time":"20210125154726","is_ascension_mode":true,"campfire_choices":[{"data":"ReachHeaven","floor":6,"key":"SMITH"},{"data":"Eruption","floor":8,"key":"SMITH"},{"data":"Study","floor":10,"key":"SMITH"},{"floor":15,"key":"REST"},{"data":"Blasphemy","floor":23,"key":"SMITH"},{"data":"Adaptation","floor":25,"key":"SMITH"},{"floor":28,"key":"REST"},{"data":"Meditate","floor":32,"key":"SMITH"}],"circlet_count":0,"master_deck":["AscendersBane","Strike_P+1","Strike_P+1","Strike_P+1","Strike_P+1","Defend_P+1","Defend_P+1","Defend_P+1","Defend_P+1","Eruption+1","Vigilance","CarveReality","Study+1","ReachHeaven+1","FlyingSleeves","Adaptation+1","Meditate+1","MentalFortress","Swivel","Blasphemy+1","FlurryOfBlows","SpiritShield","Consecrate","Prostrate","Evaluate","Prostrate","ClearTheMind","Halt+1"],"relics":["PureWater","NeowsBlessing","hubris:Zylophone","MealTicket","Centennial Puzzle","Happy Flower","Bag of Preparation","hubris:ScarierMask","Orrery","Bronze Scales","hubris:MedicalManual","hubris:DeckOfHolding"],"acts_visited":["Exordium","TheCity"],"potions_floor_usage":[12,16,19,31,33],"damage_taken":[{"damage":0,"enemies":"Jaw Worm","floor":1,"turns":1},{"damage":0,"enemies":"Cultist","floor":3,"turns":1},{"damage":0,"enemies":"3 Sentries","floor":7,"turns":2},{"damage":0,"enemies":"2 Louse","floor":11,"turns":3},{"damage":32,"enemies":"Gremlin Nob","floor":12,"turns":3},{"damage":8,"enemies":"Blue Slaver","floor":13,"turns":2},{"damage":20,"enemies":"3 Sentries","floor":14,"turns":7},{"damage":7,"enemies":"Hexaghost","floor":16,"turns":7},{"damage":1,"enemies":"3 Byrds","floor":18,"turns":3},{"damage":15,"enemies":"Shell Parasite","floor":19,"turns":8},{"damage":22,"enemies":"Snake Plant","floor":22,"turns":5},{"damage":0,"enemies":"Snecko","floor":24,"turns":3},{"damage":0,"enemies":"Colosseum Slavers","floor":27,"turns":4},{"damage":9,"enemies":"Colosseum Nobs","floor":27,"turns":3},{"damage":0,"enemies":"Centurion and Healer","floor":29,"turns":3},{"damage":0,"enemies":"3 Cultists","floor":30,"turns":4},{"damage":4,"enemies":"Shelled Parasite and Fungi","floor":31,"turns":4},{"damage":72,"enemies":"Collector","floor":33,"turns":5}],"seed_played":"8605188310246886036","potions_obtained":[{"floor":1,"key":"Explosive Potion"},{"floor":2,"key":"Fire Potion"},{"floor":2,"key":"PowerPotion"},{"floor":16,"key":"SkillPotion"},{"floor":27,"key":"Energy Potion"},{"floor":29,"key":"GamblersBrew"}],"is_trial":false,"path_per_floor":["M","?","M","?","?","R","E","R","T","R","M","E","M","E","R","B",null,"M","M","?","$","M","R","M","R","T","?","R","M","M","M","R","B"],"character_chosen":"WATCHER","items_purchased":["Orrery"],"campfire_rested":2,"item_purchase_floors":[21],"current_hp_per_floor":[65,65,65,62,62,62,62,62,62,62,62,30,22,2,23,16,58,57,42,42,57,35,35,35,35,35,26,47,47,47,43,43,0,0],"gold":421,"neow_bonus":"THREE_ENEMY_KILL","is_daily":false,"chose_seed":false,"campfire_upgraded":6,"win_rate":0.0,"timestamp":1611586046,"path_taken":["M","?","?","?","?","R","E","R","T","R","M","E","M","E","R","BOSS","M","M","?","$","M","R","M","R","T","?","R","M","M","M","R","BOSS"],"items_purchased_type":["Relic"],"build_version":"2020-12-22","purchased_purges":0,"victory":false,"max_hp_per_floor":[72,72,72,72,72,72,72,72,72,72,72,72,72,72,72,72,72,72,72,72,72,72,72,72,72,72,72,72,72,72,72,72,72,72],"card_choices":[{"not_picked":["SashWhip","ClearTheMind"],"picked":"CarveReality","floor":1},{"not_picked":["CrushJoints","FearNoEvil"],"picked":"Study","floor":3},{"not_picked":["Omniscience","InnerPeace"],"picked":"FlyingSleeves","floor":7},{"not_picked":["FlyingSleeves","CrushJoints"],"picked":"Adaptation","floor":11},{"not_picked":["ClearTheMind","Collect"],"picked":"Meditate","floor":12},{"not_picked":["FollowUp","Indignation"],"picked":"MentalFortress","floor":13},{"not_picked":["Indignation","CrushJoints"],"picked":"Swivel","floor":14},{"not_picked":["Alpha","Judgement"],"picked":"Blasphemy","floor":16},{"not_picked":["PathToVictory+1","BowlingBash","Weave"],"picked":"SKIP","floor":18},{"not_picked":["Study","Pray+1"],"picked":"FlurryOfBlows","floor":19},{"not_picked":["Nirvana","Crescendo"],"picked":"SpiritShield","floor":21},{"not_picked":["BowlingBash+1","CutThroughFate"],"picked":"Consecrate","floor":21},{"not_picked":["Evaluate+1","FlyingSleeves+1"],"picked":"Prostrate","floor":21},{"not_picked":["EmptyMind","Collect"],"picked":"Evaluate","floor":21},{"not_picked":["CrushJoints","ClearTheMind"],"picked":"Prostrate","floor":22},{"not_picked":["Perseverance","EmptyFist","Fasting2"],"picked":"SKIP","floor":24},{"not_picked":["EmptyFist","WheelKick"],"picked":"ClearTheMind","floor":27},{"not_picked":["CrushJoints","FlyingSleeves+1","EmptyFist"],"picked":"SKIP","floor":29},{"not_picked":["LikeWater","FlurryOfBlows"],"picked":"Halt+1","floor":30},{"not_picked":["SashWhip","CrushJoints","FlyingSleeves"],"picked":"SKIP","floor":31}],"player_experience":970229,"relics_obtained":[{"floor":7,"key":"MealTicket"},{"floor":9,"key":"Centennial Puzzle"},{"floor":12,"key":"Happy Flower"},{"floor":14,"key":"Bag of Preparation"},{"floor":26,"key":"Bronze Scales"},{"floor":27,"key":"hubris:MedicalManual"},{"floor":27,"key":"hubris:DeckOfHolding"}],"event_choices":[{"damage_healed":0,"gold_gain":0,"player_choice":"Got Potions","damage_taken":0,"max_hp_gain":0,"max_hp_loss":0,"event_name":"Lab","floor":2,"gold_loss":0},{"damage_healed":0,"gold_gain":0,"player_choice":"Success","damage_taken":3,"relics_obtained":["hubris:Zylophone"],"max_hp_gain":0,"max_hp_loss":0,"event_name":"Scrap Ooze","floor":4,"gold_loss":0},{"damage_healed":0,"gold_gain":0,"player_choice":"Simplicity","damage_taken":0,"max_hp_gain":0,"max_hp_loss":0,"event_name":"Back to Basics","floor":20,"gold_loss":0,"cards_upgraded":["Strike_P","Strike_P","Strike_P","Strike_P","Defend_P","Defend_P","Defend_P","Defend_P"]},{"damage_healed":0,"gold_gain":0,"player_choice":"Fight","damage_taken":0,"max_hp_gain":0,"max_hp_loss":0,"event_name":"Colosseum","floor":27,"gold_loss":0},{"damage_healed":0,"gold_gain":0,"player_choice":"Fought Nobs","damage_taken":0,"max_hp_gain":0,"max_hp_loss":0,"event_name":"Colosseum","floor":27,"gold_loss":0}],"is_beta":false,"boss_relics":[{"not_picked":["SacredBark","Runic Dome"],"picked":"hubris:ScarierMask"}],"items_purged_floors":[],"is_endless":false,"potions_floor_spawned":[1,3,11,16,27,27,29,30],"killed_by":"Collector","ascension_level":13}}