{"host":"63o2iqaaus9jfjk5","time":1611540385,"event":{"mods":["BaseMod","Better Altar","Better Match","Better Note","Better Sensory Stone","Better Skull","Better Third Choice","Better Vampires","Better-Laid Plans","BetterRewards","Block Reminder","Colored Powertips","Curses Come First","Displayed Cursed Tome","Glutton Mod","Gremlin Mod","JesterMod","Jorbs\u0027s Wanderer Trilogy","Mad Scientist","Marked Mod","Minty Spire (QoL Compilation)","RNG Fix","Red Circlet Mod","Retaliation","Shade Mod","Somnambulant","StSLib","The Construct","The Florist","The Necromancer","The Runesmith","The Sage","The Servant 0.9.4","The Showman","The Trickster","TheHeartMod","Unceasing Turn Reminder"],"gold_per_floor":[115,127,140,119,119,119,152,162,162,162,179,179,179,197,197,197,197],"floor_reached":16,"language":"ENG","playtime":1056,"items_purged":[],"score":102,"play_id":"48348dc2-b328-4101-9c33-1e9b59233cec","local_time":"20210124200625","is_ascension_mode":false,"campfire_choices":[{"floor":6,"key":"REST"},{"floor":10,"key":"REST"},{"floor":12,"key":"REST"},{"floor":15,"key":"REST"}],"circlet_count":0,"master_deck":["Agrypnos:BasicStrike","Agrypnos:BasicStrike","Agrypnos:BasicStrike","Agrypnos:BasicStrike","Agrypnos:BasicDefend","Agrypnos:BasicDefend","Agrypnos:BasicDefend+1","Agrypnos:BasicDefend","Agrypnos:Dandelion","Agrypnos:Trowel","Agrypnos:Azalea+1","Agrypnos:Watering","Agrypnos:Rose","Agrypnos:Shell","Agrypnos:Harvest","Agrypnos:Composting","Agrypnos:Carnation"],"relics":["Agrypnos:Floristry","NeowsBlessing","betterThird:SlimedRelic","Centennial Puzzle","Bottled Tornado"],"acts_visited":["Exordium"],"potions_floor_usage":[11,16],"damage_taken":[{"damage":0,"enemies":"Cultist","floor":1,"turns":1},{"damage":0,"enemies":"Jaw Worm","floor":2,"turns":1},{"damage":0,"enemies":"Small Slimes","floor":3,"turns":1},{"damage":30,"enemies":"Gremlin Nob","floor":7,"turns":5},{"damage":4,"enemies":"Looter","floor":8,"turns":3},{"damage":6,"enemies":"3 Louse","floor":11,"turns":3},{"damage":20,"enemies":"Exordium Thugs","floor":14,"turns":5},{"damage":73,"enemies":"Hexaghost","floor":16,"turns":21}],"seed_played":"-1838415824873030545","potions_obtained":[{"floor":2,"key":"SmokeBomb"},{"floor":3,"key":"DuplicationPotion"},{"floor":7,"key":"Energy Potion"}],"is_trial":false,"path_per_floor":["M","M","M","?","?","R","E","M","T","R","M","R","?","M","R","B"],"character_chosen":"THE_FLORIST","items_purchased":[],"campfire_rested":4,"item_purchase_floors":[],"current_hp_per_floor":[70,70,70,59,45,66,36,32,32,53,47,68,68,48,69,0,0],"gold":197,"neow_bonus":"THREE_ENEMY_KILL","is_daily":false,"chose_seed":false,"campfire_upgraded":0,"win_rate":0.0,"timestamp":1611540385,"path_taken":["M","M","M","?","?","R","E","?","T","R","M","R","?","M","R","BOSS"],"items_purchased_type":[],"build_version":"2020-12-22","purchased_purges":0,"victory":false,"max_hp_per_floor":[70,70,70,70,70,70,70,70,70,70,70,70,70,70,70,70,70],"card_choices":[{"not_picked":["Agrypnos:Bramble","Agrypnos:Poinsettia"],"picked":"Agrypnos:Azalea","floor":1},{"not_picked":["Agrypnos:Weeding","Agrypnos:Tumbleweed"],"picked":"Agrypnos:Watering","floor":2},{"not_picked":["Agrypnos:Azalea","Agrypnos:Bramble"],"picked":"Agrypnos:Rose","floor":3},{"not_picked":["Agrypnos:FloralScent","Agrypnos:Orchid"],"picked":"Agrypnos:Shell","floor":7},{"not_picked":["Agrypnos:Azalea","Agrypnos:Rake"],"picked":"Agrypnos:Harvest","floor":8},{"not_picked":["Agrypnos:FloralScent","Agrypnos:Azalea"],"picked":"Agrypnos:Composting","floor":11},{"not_picked":["Agrypnos:Winter","Agrypnos:Harvest"],"picked":"Agrypnos:Carnation","floor":14}],"player_experience":114470,"relics_obtained":[{"floor":7,"key":"Centennial Puzzle"},{"floor":9,"key":"Bottled Tornado"}],"event_choices":[{"damage_healed":0,"gold_gain":0,"player_choice":"Slimed","damage_taken":11,"max_hp_gain":0,"max_hp_loss":0,"event_name":"betterThird:BetterGoop","floor":4,"gold_loss":21},{"damage_healed":59,"gold_gain":0,"player_choice":"Upgrade","damage_taken":14,"max_hp_gain":0,"max_hp_loss":70,"event_name":"betterThird:BetterShining","floor":5,"gold_loss":0,"cards_upgraded":["Agrypnos:Azalea","Agrypnos:BasicDefend"]},{"damage_healed":0,"gold_gain":0,"player_choice":"Ignored","damage_taken":179,"max_hp_gain":0,"max_hp_loss":0,"event_name":"betterThird:BetterSerpent","floor":13,"gold_loss":0}],"is_beta":false,"boss_relics":[],"items_purged_floors":[],"is_endless":false,"potions_floor_spawned":[2,3,7],"killed_by":"Hexaghost","ascension_level":0}}