{"host":"1zjc08c6hob33401","time":1611601937,"event":{"mods":["AchievementEnabler","Act Like it!","Aspiration","BaseMod","Downfall","Elementarium","Energized Spire","Evolution","Friendly Minions","Gensokyo","GifTheSpireLib","Hubris","Infinite Spire","Jedi Mod","Menagerie","Minty Spire (QoL Compilation)","Pale of the Ancients","Quick Restart","Reliquary","Replay The Spire","Retaliation","Shop Mod","Spire Arcade","StS++","StSLib","Stuff the Spire","The Blue Laboratory","Wandering Minibosses","??????REMEMod"],"gold_per_floor":[117,117,131,147,147,147,160,177,177,205,225,235,235,269,269,343,343,356,356,240,240,240,240,251,271,295,295,327,341,353,369,369,446,446,462,478,36,47,65,65,77,77,131,131,156,181,200,217,217,217],"floor_reached":51,"language":"RUS","playtime":3434,"items_purged":["Defend_B","Defend_B"],"score":1348,"play_id":"934da4a8-fb16-46e3-a770-a46543a40ce3","local_time":"20210125211217","is_ascension_mode":true,"campfire_choices":[{"data":"Gensokyo:Dawn","floor":6.0,"key":"SMITH"},{"data":"hubris:PowerSurge","floor":13.0,"key":"SMITH"},{"data":"Tempest","floor":15.0,"key":"SMITH"},{"data":"Biased Cognition","floor":23.0,"key":"SMITH"},{"floor":27.0,"key":"REST"},{"data":"Electrodynamics","floor":32.0,"key":"SMITH"},{"data":"infinitespire:Starlight","floor":40.0,"key":"SMITH"},{"data":"StuffTheSpire:Vigor","floor":44.0,"key":"SMITH"},{"data":"Tempest","floor":49,"key":"SMITH"}],"circlet_count":0,"master_deck":["AscendersBane","Compile Driver+1","Compile Driver","Compile Driver","Compile Driver","Leap","Leap","Zap","Dualcast","Gensokyo:Dawn+1","Flash of Steel+1","Conserve Battery","Barrage","hubris:PowerSurge+1","Tempest+1","Crystallizer","Heatsinks","Tempest","Electrodynamics+1","Biased Cognition+1","AbeCurse","Chaos","infinitespire:Starlight+1","Genetic Algorithm+1","StSpp:TargetLocked","jedi:sharpshooter","Creative AI","Sweeping Beam","Recycle","Tempest+1","StuffTheSpire:Synthwave","Stack+1","Compile Driver","Parasite","Reinforced Body","StuffTheSpire:Vigor+1","Compile Driver","ReplayRNGCard","Go for the Eyes","StSpp:Igniter"],"relics":["Cracked Core","REME_ComplimentaryCards","hubris:Towel","jedi:Pinwheel","StuffTheSpire:OldFever","Abe\u0027s Treasure","MerchantsRug","Whetstone","Garlic","Replay:Grab Bag","Coffee Dripper","Philosopher\u0027s Stone","REME_DuelDisc","Potion Belt","Vajra","Bird Faced Urn","Replay:Rubber Ducky"],"acts_visited":["Exordium","TheCity","TheBeyond"],"potions_floor_usage":[47,50,50],"damage_taken":[{"damage":0.0,"enemies":"Small Slimes","floor":1.0,"turns":2.0},{"damage":0.0,"enemies":"Cultist","floor":3.0,"turns":2.0},{"damage":0.0,"enemies":"2 Louse","floor":4.0,"turns":2.0},{"damage":0.0,"enemies":"Large Slime","floor":7.0,"turns":3.0},{"damage":1.0,"enemies":"Blue Slaver","floor":8.0,"turns":2.0},{"damage":0.0,"enemies":"Lagavulin","floor":10.0,"turns":3.0},{"damage":5.0,"enemies":"2 Fungi Beasts","floor":11.0,"turns":2.0},{"damage":6.0,"enemies":"Gremlin Nob","floor":14.0,"turns":3.0},{"damage":8.0,"enemies":"Fading Forest","floor":16.0,"turns":11.0},{"damage":0.0,"enemies":"Spheric Guardian","floor":18.0,"turns":3.0},{"damage":2.0,"enemies":"Shell Parasite","floor":24.0,"turns":2.0},{"damage":13.0,"enemies":"Centurion and Healer","floor":25.0,"turns":3.0},{"damage":25.0,"enemies":"Book of Stabbing","floor":28.0,"turns":3.0},{"damage":1.0,"enemies":"Snake Plant","floor":29.0,"turns":2.0},{"damage":0.0,"enemies":"Sentry and Sphere","floor":30.0,"turns":3.0},{"damage":7.0,"enemies":"Centurion and Healer","floor":31.0,"turns":3.0},{"damage":25.0,"enemies":"hubris:MusketHawk","floor":33.0,"turns":5.0},{"damage":0.0,"enemies":"Orb Walker","floor":35.0,"turns":3.0},{"damage":13.0,"enemies":"3 Shapes","floor":36.0,"turns":4.0},{"damage":18.0,"enemies":"Maw","floor":38.0,"turns":4.0},{"damage":0.0,"enemies":"3 Darklings","floor":39.0,"turns":1.0},{"damage":0.0,"enemies":"Writhing Mass","floor":41.0,"turns":4.0},{"damage":3.0,"enemies":"Mind Bloom Boss Battle","floor":45.0,"turns":5.0},{"damage":7.0,"enemies":"Reptomancer","floor":46.0,"turns":3.0},{"damage":0,"enemies":"Transient","floor":47,"turns":6},{"damage":0,"enemies":"Maw","floor":48,"turns":6},{"damage":20,"enemies":"hubris:GrandSnecko","floor":50,"turns":8}],"seed_played":"6123735613919315602","potions_obtained":[{"floor":2.0,"key":"Dexterity Potion"},{"floor":2.0,"key":"blueLaboratory:PlasmaFuel"},{"floor":8.0,"key":"SkillPotion"},{"floor":11.0,"key":"blueLaboratory:StoneskinPotion"},{"floor":16.0,"key":"Swift Potion"},{"floor":18.0,"key":"EssenceOfSteel"},{"floor":29.0,"key":"blueLaboratory:Moonshine"},{"floor":31.0,"key":"Adrenaline Potion"},{"floor":39.0,"key":"SpeedPotion"},{"floor":41.0,"key":"Guardian:BlockOnCardUsePotion"},{"floor":45.0,"key":"blueLaboratory:BottleOfVodka"},{"floor":47,"key":"blueLaboratory:CoolantVial"}],"is_trial":false,"path_per_floor":["M","?","M","M","?","R","M","M","T","E","M","?","R","E","R","B",null,"M","?","$","?","?","R","M","M","T","R","E","M","M","M","R","B",null,"M","M","$","M","M","R","M","?","T","R","?","E","M","M","R","B",null],"character_chosen":"DEFECT","items_purchased":["MerchantsRug","Tempest","Potion Belt","StuffTheSpire:Synthwave"],"campfire_rested":1,"item_purchase_floors":[20,37,37,37],"current_hp_per_floor":[64,64,64,64,64,64,64,63,63,63,58,58,58,52,52,52,66,66,48,48,28,43,43,41,38,38,60,45,44,54,57,57,42,68,76,63,63,55,55,55,70,70,70,70,67,68,76,76,76,76],"gold":217,"neow_bonus":"RANDOM_COLORLESS","is_daily":false,"chose_seed":false,"campfire_upgraded":8,"win_rate":0.0,"timestamp":1611601937,"path_taken":["M","?","M","?","?","R","M","M","T","E","M","?","R","E","R","BOSS","M","?","$","?","?","R","?","M","T","R","E","M","M","?","R","BOSS","M","M","$","M","?","R","M","?","T","R","?","E","M","M","R","BOSS"],"items_purchased_type":["Relic","Card","Relic","Card"],"build_version":"2020-12-22","purchased_purges":2,"victory":true,"max_hp_per_floor":[71,71,71,71,71,71,71,71,71,71,71,71,71,71,71,71,71,71,71,71,76,76,76,76,76,76,76,76,76,76,76,76,76,76,76,76,76,76,76,76,76,76,76,76,76,76,76,76,76,76],"card_choices":[{"not_picked":["StSpp:MindBarrier","jedi:forcepull"],"picked":"Flash of Steel","floor":0.0},{"not_picked":["Coolheaded","Panic Button"],"picked":"Conserve Battery","floor":1.0},{"not_picked":["Conserve Battery","Compile Driver"],"picked":"Barrage","floor":3.0},{"not_picked":["BasicCrystalCard","Go for the Eyes"],"picked":"hubris:PowerSurge","floor":4.0},{"not_picked":["Gash","Hologram"],"picked":"Tempest","floor":7.0},{"not_picked":["StuffTheSpire:Rend","Ball Lightning"],"picked":"Crystallizer","floor":8.0},{"not_picked":["ReplayTheSpireMod:Repulse","Cold Snap"],"picked":"Heatsinks","floor":10.0},{"not_picked":["jedi:BurstLightning","Go for the Eyes"],"picked":"Tempest","floor":11.0},{"not_picked":["jedi:sharpshooter","Rebound"],"picked":"Electrodynamics","floor":14.0},{"not_picked":["REME_ForAll","Multi-Cast"],"picked":"Biased Cognition","floor":16.0},{"not_picked":["Redo","Beam Cell"],"picked":"Chaos","floor":18.0},{"not_picked":["Replay:Fractal Strike","infinitespire:Fortify"],"picked":"infinitespire:Starlight","floor":19.0},{"not_picked":["Ball Lightning","jedi:BurstFrost","Hologram"],"picked":"SKIP","floor":24.0},{"not_picked":["Steam","Stack"],"picked":"Genetic Algorithm+1","floor":25.0},{"not_picked":["Hologram","Panic Button","Cold Snap"],"picked":"SKIP","floor":28.0},{"not_picked":["jedi:BurstFrost","Beam Cell"],"picked":"StSpp:TargetLocked","floor":29.0},{"not_picked":["Streamline","Coolheaded","StuffTheSpire:LoadUp"],"picked":"SKIP","floor":30.0},{"not_picked":["Stack","jedi:BurstFrost"],"picked":"jedi:sharpshooter","floor":31.0},{"not_picked":["StSpp:CopyPaste","hubris:SpecializedCircuitry"],"picked":"Creative AI","floor":33.0},{"not_picked":["Redo","jedi:hex+1"],"picked":"Sweeping Beam","floor":35.0},{"not_picked":["Streamline","Leap"],"picked":"Recycle","floor":36.0},{"not_picked":["Doom and Gloom","jedi:blockon+1"],"picked":"Stack+1","floor":38.0},{"not_picked":["StuffTheSpire:ShieldGenerator","jedi:BurstLightning"],"picked":"Compile Driver","floor":39.0},{"not_picked":["Panic Button","Gash"],"picked":"Reinforced Body","floor":41.0},{"not_picked":["StuffTheSpire:Innocence","StuffTheSpire:Rapture"],"picked":"StuffTheSpire:Vigor","floor":42.0},{"not_picked":["Coolheaded","Fusion","Conserve Battery"],"picked":"Compile Driver","floor":45.0},{"not_picked":["Beam Cell","jedi:BurstFrost+1"],"picked":"ReplayRNGCard","floor":46.0},{"not_picked":["Ball Lightning","Beam Cell"],"picked":"Go for the Eyes","floor":47},{"not_picked":["Turbo+1","jedi:BurstFrost+1"],"picked":"StSpp:Igniter","floor":48}],"player_experience":703238,"relics_obtained":[{"floor":9.0,"key":"jedi:Pinwheel"},{"floor":10.0,"key":"StuffTheSpire:OldFever"},{"floor":14.0,"key":"Anchor"},{"floor":26.0,"key":"Whetstone"},{"floor":28.0,"key":"Garlic"},{"floor":43.0,"key":"Vajra"},{"floor":45.0,"key":"Bird Faced Urn"},{"floor":46.0,"key":"Replay:Rubber Ducky"}],"event_choices":[{"damage_healed":0.0,"max_hp_gain":0.0,"max_hp_loss":0.0,"gold_gain":0.0,"event_name":"Lab","player_choice":"Got Potions","floor":2.0,"gold_loss":0.0,"damage_taken":0.0},{"damage_healed":0.0,"max_hp_gain":5.0,"max_hp_loss":0.0,"gold_gain":0.0,"event_name":"Forgotten Altar","player_choice":"Shed Blood","floor":21.0,"gold_loss":0.0,"damage_taken":25.0},{"damage_healed":15.0,"max_hp_gain":0.0,"max_hp_loss":0.0,"gold_gain":0.0,"event_name":"The Library","player_choice":"Heal","floor":22.0,"gold_loss":0.0,"damage_taken":0.0},{"damage_healed":0.0,"max_hp_gain":0.0,"max_hp_loss":0.0,"gold_gain":0.0,"event_name":"MindBloom","player_choice":"Fight","floor":45.0,"gold_loss":0.0,"damage_taken":0.0}],"is_beta":false,"boss_relics":[{"not_picked":["StSpp:Magatama","StSpp:Balance"],"picked":"Abe\u0027s Treasure"},{"not_picked":["energizedSpire:MagnifyingGlass","Nuclear Battery"],"picked":"Replay:Grab Bag"},{"not_picked":["hubris:CrackedHourglass","jedi:paperlyon"],"picked":"Coffee Dripper"},{"not_picked":["Cursed Key","Fusion Hammer"],"picked":"Philosopher\u0027s Stone"},{"not_picked":["Kintsugi","StSpp:PileOfSugar"],"picked":"REME_DuelDisc"}],"items_purged_floors":[20,37],"is_endless":false,"potions_floor_spawned":[7,8,11,16,18,29,31,39,41,45,47],"ascension_level":17}}