{"host":"up0yrwoki2hbybns","time":1611577891,"event":{"mods":["BaseMod","Downfall","Hermit","Infinite Spire","Minty Spire (QoL Compilation)","Quick Restart","Replay The Spire","StSLib","The Runesmith"],"gold_per_floor":[110,110,35,35,35,68,68,68,115,115,143,143,159,191,191,288,288,273,273,288,313,313,347,347,194,194,194,219,219,275,340,340,443,443,456,415,415,433,488,488,488,513,513,528,528,528,855,529,529,529,529,529,61,88,88],"floor_reached":56,"language":"ENG","playtime":5873,"items_purged":["Pain"],"score":1177,"play_id":"83c39a52-5f7d-4c2e-8b38-428b53a61f37","local_time":"20210125173131","is_ascension_mode":true,"campfire_choices":[{"data":"Bash","floor":8.0,"key":"SMITH"},{"data":"Clash","floor":10.0,"key":"SMITH"},{"data":"ReplayTheSpireMod:Stacked","floor":12.0,"key":"SMITH"},{"data":"Reaper","floor":15.0,"key":"SMITH"},{"data":"Inflame","floor":24.0,"key":"SMITH"},{"data":"Berserk","floor":27.0,"key":"SMITH"},{"data":"Double Tap","floor":29.0,"key":"SMITH"},{"data":"Spot Weakness","floor":32.0,"key":"SMITH"},{"data":"Armaments","floor":40.0,"key":"SMITH"},{"floor":41.0,"key":"RECALL"},{"data":"Whirlwind","floor":46.0,"key":"SMITH"},{"data":"Chrysalis","floor":49.0,"key":"SMITH"},{"data":"Warcry","floor":52.0,"key":"SMITH"}],"circlet_count":1,"master_deck":["Defend_R","Defend_R","Bash+1","ReplayTheSpireMod:Stacked+1","Clash+1","ReplayTheSpireMod:Stacked","Clothesline","Reaper+1","Berserk+1","Twin Strike","Clash","Warcry+1","Inflame+1","Double Tap+1","Cleave+1","Spot Weakness+1","Replay:Undeath\u0027s Touch+1","Whirlwind+1","Inflame+1","Armaments+1","Body Slam+1","Spot Weakness","Twin Strike+1","Chrysalis+1","Clothesline","Limit Break","Warcry+1"],"relics":["Burning Blood","Pondfish Scales","WarpedTongs","Circlet","Orichalcum","Dream Catcher","Replay:Drink Me","Red Mask","ReplayTheSpireMod:Ring of Challenge","Ring of Misfortune","Champion Belt","Medical Kit","WingedGreaves","Toy Ornithopter","Coffee Dripper","Replay:PocketPolymizer","Singing Bowl","Old Coin","Replay:Baseball","Durian","Eternal Feather"],"acts_visited":["Exordium","TheCity","TheBeyond","TheEnding"],"potions_floor_usage":[55,55,55],"damage_taken":[{"damage":0.0,"enemies":"Small Slimes","floor":1.0,"turns":3.0},{"damage":39.0,"enemies":"3 Sentries","floor":6.0,"turns":16.0},{"damage":16.0,"enemies":"Gremlin Nob","floor":11.0,"turns":3.0},{"damage":0.0,"enemies":"Cultist","floor":13.0,"turns":4.0},{"damage":4.0,"enemies":"Lagavulin","floor":14.0,"turns":6.0},{"damage":17.0,"enemies":"The Guardian","floor":16.0,"turns":11.0},{"damage":2.0,"enemies":"2 Thieves","floor":18.0,"turns":4.0},{"damage":6.0,"enemies":"Chosen","floor":20.0,"turns":6.0},{"damage":32.0,"enemies":"Masked Bandits","floor":21.0,"turns":5.0},{"damage":0.0,"enemies":"Book of Stabbing","floor":23.0,"turns":5.0},{"damage":0.0,"enemies":"Replay:Snechameleon","floor":28.0,"turns":6.0},{"damage":5.0,"enemies":"Snecko","floor":30.0,"turns":6.0},{"damage":1.0,"enemies":"Centurion and Healer","floor":31.0,"turns":7.0},{"damage":76.0,"enemies":"Automaton","floor":33.0,"turns":9.0},{"damage":0.0,"enemies":"3 Darklings","floor":35.0,"turns":4.0},{"damage":0.0,"enemies":"Orb Walker","floor":38.0,"turns":2.0},{"damage":16.0,"enemies":"Sphere and 2 Shapes","floor":39.0,"turns":5.0},{"damage":26.0,"enemies":"R_Hoarder","floor":42.0,"turns":8.0},{"damage":21.0,"enemies":"Transient","floor":44.0,"turns":5.0},{"damage":4.0,"enemies":"3 Darklings","floor":47.0,"turns":3.0},{"damage":58.0,"enemies":"Replay:Hell Engine","floor":50.0,"turns":7.0},{"damage":52.0,"enemies":"Shield and Spear","floor":54.0,"turns":5.0},{"damage":43,"enemies":"The Heart","floor":55,"turns":7}],"seed_played":"-4358114760319524453","potions_obtained":[{"floor":6.0,"key":"Ancient Potion"},{"floor":11.0,"key":"Reflective Coating"},{"floor":19.0,"key":"Dexterity Potion"},{"floor":23.0,"key":"Block Potion"},{"floor":33.0,"key":"Toxic Potion"},{"floor":54.0,"key":"Regen Potion"}],"is_trial":false,"path_per_floor":["M","?","$","?","$","E","$","R","T","R","E","R","M","E","R","B",null,"M","?","M","?","?","E","R","$","T","R","E","R","M","M","R","B",null,"M","$","?","M","M","R","R","E","T","M","?","R","M","$","R","B",null,"R","$","E","B",null],"character_chosen":"IRONCLAD","items_purchased":["Medical Kit","Whirlwind","Chrysalis","Replay:Baseball","Durian","Limit Break"],"campfire_rested":0,"item_purchase_floors":[25,36,48,48,53,53],"current_hp_per_floor":[72,72,72,65,65,32,32,32,32,32,31,31,49,51,51,55,54,54,54,54,31,31,37,37,37,37,37,49,49,54,54,54,16,54,54,54,54,54,46,46,46,26,26,19,19,19,55,55,55,38,56,56,61,61,61],"gold":88,"neow_bonus":"ONE_RARE_RELIC","is_daily":false,"chose_seed":false,"campfire_upgraded":12,"win_rate":0.0,"timestamp":1611577891,"path_taken":["M","?","?","?","?","E","$","R","T","R","E","R","M","E","R","BOSS","M","?","?","?","?","E","R","?","T","R","E","R","M","M","R","BOSS","M","$","?","?","M","R","R","E","T","M","?","R","M","$","R","BOSS","R","$","E","BOSS"],"items_purchased_type":["Relic","Card","Card","Relic","Relic","Card"],"build_version":"2020-12-22","purchased_purges":1,"victory":true,"max_hp_per_floor":[72,72,72,72,72,72,72,72,72,72,72,72,72,72,72,72,54,54,54,54,54,54,54,54,54,54,54,54,54,54,54,54,54,54,54,54,54,54,54,54,54,54,54,56,56,56,56,56,56,56,56,56,61,61,61],"card_choices":[{"not_picked":["Hemokinesis","ReplayReversal"],"picked":"ReplayTheSpireMod:Stacked","floor":1.0},{"not_picked":["Entrench","Fire Breathing"],"picked":"Clash","floor":6.0},{"not_picked":["Massacre","Shockwave"],"picked":"ReplayTheSpireMod:Stacked","floor":11.0},{"not_picked":["Heavy Blade","Rampage"],"picked":"Clothesline","floor":13.0},{"not_picked":["Cleave","Warcry"],"picked":"Reaper","floor":14.0},{"not_picked":["Exhume","Brutality"],"picked":"Berserk","floor":16.0},{"not_picked":["Flame Barrier","ReplayTheSpireMod:Limb From Limb+1"],"picked":"Twin Strike","floor":18.0},{"not_picked":["Heavy Blade","Thunderclap"],"picked":"Clash","floor":20.0},{"not_picked":["True Grit","Abandon"],"picked":"Warcry","floor":21.0},{"not_picked":["Dropkick+1","ReplayTheSpireMod:Muscle Training"],"picked":"Inflame","floor":23.0},{"not_picked":["Uppercut+1","ReplayTheSpireMod:Strike From Hell"],"picked":"Double Tap","floor":28.0},{"not_picked":["ReplayTheSpireMod:Strike From Hell","Wild Strike"],"picked":"Cleave+1","floor":30.0},{"not_picked":["Replay:Undeath\u0027s Touch+1","ReplayTheSpireMod:Strike From Hell"],"picked":"Spot Weakness","floor":31.0},{"not_picked":["Rage","Intimidate"],"picked":"Replay:Undeath\u0027s Touch+1","floor":35.0},{"not_picked":["Havoc","Shrug It Off"],"picked":"Inflame+1","floor":38.0},{"not_picked":["Burning Pact+1","Iron Wave"],"picked":"Armaments","floor":39.0},{"not_picked":["Headbutt","Feel No Pain"],"picked":"Body Slam+1","floor":42.0},{"not_picked":["Perfected Strike+1","Wild Strike","Heavy Blade"],"picked":"Singing Bowl","floor":44.0},{"not_picked":["ReplayTheSpireMod:Muscle Training","Flex"],"picked":"Twin Strike+1","floor":47.0},{"not_picked":["Flex","True Grit"],"picked":"Warcry+1","floor":54.0}],"player_experience":378246,"relics_obtained":[{"floor":6.0,"key":"Dead Branch"},{"floor":11.0,"key":"Orichalcum"},{"floor":14.0,"key":"Dream Catcher"},{"floor":21.0,"key":"Red Mask"},{"floor":22.0,"key":"ReplayTheSpireMod:Ring of Challenge"},{"floor":22.0,"key":"Ring of Misfortune"},{"floor":23.0,"key":"Champion Belt"},{"floor":26.0,"key":"WingedGreaves"},{"floor":28.0,"key":"Toy Ornithopter"},{"floor":42.0,"key":"Replay:PocketPolymizer"},{"floor":43.0,"key":"Singing Bowl"},{"floor":47.0,"key":"Old Coin"},{"floor":54.0,"key":"Eternal Feather"}],"event_choices":[{"damage_healed":0.0,"max_hp_gain":0.0,"max_hp_loss":0.0,"gold_gain":0.0,"event_name":"Accursed Blacksmith","player_choice":"Rummage","floor":2.0,"gold_loss":0.0,"damage_taken":0.0,"relics_obtained":["WarpedTongs"],"cards_obtained":["Pain"]},{"cards_removed":["Strike_R"],"damage_healed":0.0,"max_hp_gain":0.0,"max_hp_loss":0.0,"gold_gain":0.0,"event_name":"Golden Wing","player_choice":"Card Removal","floor":4.0,"gold_loss":0.0,"damage_taken":7.0},{"damage_healed":0.0,"max_hp_gain":0.0,"max_hp_loss":0.0,"gold_gain":0.0,"event_name":"Lab","player_choice":"Got Potions","floor":19.0,"gold_loss":0.0,"damage_taken":0.0},{"damage_healed":0.0,"max_hp_gain":0.0,"max_hp_loss":0.0,"gold_gain":0.0,"event_name":"Masked Bandits","player_choice":"Fought Bandits","floor":21.0,"gold_loss":0.0,"damage_taken":0.0},{"damage_healed":0.0,"max_hp_gain":0.0,"max_hp_loss":0.0,"gold_gain":0.0,"event_name":"The Woman in Blue","player_choice":"Bought 0 Potions","floor":37.0,"gold_loss":0.0,"damage_taken":0.0},{"cards_removed":["Defend_R"],"damage_healed":0.0,"max_hp_gain":0.0,"max_hp_loss":0.0,"gold_gain":0.0,"event_name":"Falling","player_choice":"Removed Skill","floor":45.0,"gold_loss":0.0,"damage_taken":0.0}],"is_beta":false,"boss_relics":[{"not_picked":["Runesmith:UraniumAnvil","Busted Crown"],"picked":"Replay:Drink Me"},{"not_picked":["Electric Blood","Fusion Hammer"],"picked":"Coffee Dripper"}],"items_purged_floors":[3],"is_endless":false,"potions_floor_spawned":[6,11,20,23,31,33,42,54],"ascension_level":4}}