{"host":"guzbs4v8630hpsy6","time":1611591354,"event":{"mods":["2.2 Compatiblity","AchievementEnabler","BaseMod","Block Reminder","DeckTracker","Highlight Path","Minty Spire (QoL Compilation)","Relic Stats","SuperFastMode"],"gold_per_floor":[126,152,152,169,189,189,231,231,231,261,284,179,27,69,69,176,176,202,221,296,308,308,308],"floor_reached":22,"language":"ENG","playtime":2489,"items_purged":["Strike_B"],"score":265,"play_id":"2ffd8179-42cc-4c93-bd61-d48f81c6b4b7","local_time":"20210126001554","is_ascension_mode":true,"campfire_choices":[{"data":"Compile Driver","floor":6.0,"key":"SMITH"},{"data":"Seek","floor":8,"key":"SMITH"},{"floor":15,"key":"REST"}],"circlet_count":0,"master_deck":["Strike_B","Strike_B","Defend_B","Defend_B","Defend_B","Defend_B","Zap","Dualcast","Cold Snap","Seek+1","Compile Driver+1","Conserve Battery","Coolheaded","Consume","Self Repair","Ball Lightning","Seek","Loop","Tempest"],"relics":["Cracked Core","CeramicFish","InkBottle","Kunai","Odd Mushroom","PreservedInsect","Meat on the Bone","Coffee Dripper"],"acts_visited":["Exordium","TheCity"],"potions_floor_usage":[7],"damage_taken":[{"damage":7.0,"enemies":"Jaw Worm","floor":1.0,"turns":3.0},{"damage":4.0,"enemies":"Cultist","floor":2.0,"turns":3.0},{"damage":0.0,"enemies":"Small Slimes","floor":4.0,"turns":3.0},{"damage":3.0,"enemies":"Red Slaver","floor":5.0,"turns":4.0},{"damage":14,"enemies":"Lagavulin","floor":7,"turns":6},{"damage":12,"enemies":"The Mushroom Lair","floor":10,"turns":6},{"damage":8,"enemies":"Lots of Slimes","floor":11,"turns":5},{"damage":9,"enemies":"3 Sentries","floor":14,"turns":10},{"damage":25,"enemies":"Hexaghost","floor":16,"turns":12},{"damage":10,"enemies":"Chosen","floor":18,"turns":4},{"damage":32,"enemies":"3 Byrds","floor":19,"turns":5},{"damage":33,"enemies":"Snake Plant","floor":21,"turns":3},{"damage":26,"enemies":"Centurion and Healer","floor":22,"turns":3}],"seed_played":"-8345375823104089803","potions_obtained":[{"floor":2.0,"key":"PotionOfCapacity"},{"floor":4.0,"key":"FocusPotion"},{"floor":5.0,"key":"EssenceOfDarkness"},{"floor":10,"key":"Fire Potion"}],"is_trial":false,"path_per_floor":["M","M","?","M","M","R","E","R","T","?","M","$","$","E","R","B",null,"M","M","?","M","M"],"character_chosen":"DEFECT","items_purchased":["Self Repair","PreservedInsect"],"campfire_rested":1,"item_purchase_floors":[12,13],"current_hp_per_floor":[61,57,57,57,54,54,40,40,40,28,20,20,20,18,40,34,65,62,49,42,21,0,0],"gold":308,"neow_bonus":"RANDOM_COMMON_RELIC","is_daily":false,"chose_seed":false,"campfire_upgraded":2,"win_rate":0.0,"timestamp":1611591354,"path_taken":["M","M","?","M","?","R","E","R","T","?","M","?","$","E","R","BOSS","M","M","?","M","M"],"items_purchased_type":["Card","Relic"],"build_version":"2020-12-22","purchased_purges":1,"victory":false,"max_hp_per_floor":[75,75,75,75,75,75,75,75,75,75,75,75,75,75,75,75,75,75,75,75,75,75,75],"relic_stats":{"counters":[13,67],"CeramicFish":99,"PreservedInsect":31,"Kunai":[5],"obtain_stats":[{"CeramicFish":0,"PreservedInsect":13,"Coffee Dripper":17,"Kunai":9,"Odd Mushroom":10,"Cracked Core":0,"InkBottle":7,"Meat on the Bone":14},{"CeramicFish":0,"PreservedInsect":7,"Coffee Dripper":9,"Kunai":5,"Odd Mushroom":6,"Cracked Core":0,"InkBottle":5,"Meat on the Bone":8},{"CeramicFish":0,"PreservedInsect":30,"Coffee Dripper":52,"Kunai":19,"Odd Mushroom":25,"Cracked Core":0,"InkBottle":19,"Meat on the Bone":40}],"InkBottle":[15],"Meat on the Bone":36},"card_choices":[{"not_picked":["Turbo","Rip and Tear"],"picked":"Cold Snap","floor":1.0},{"not_picked":["Hologram","Leap"],"picked":"Seek","floor":2.0},{"not_picked":["Hologram","Beam Cell","Steam Power"],"picked":"SKIP","floor":4.0},{"not_picked":["Gash","Aggregate"],"picked":"Compile Driver","floor":5.0},{"not_picked":["Skim","Turbo"],"picked":"Conserve Battery","floor":7},{"not_picked":["Skim","Steam"],"picked":"Coolheaded","floor":10},{"not_picked":["Skim","Meteor Strike"],"picked":"Consume","floor":11},{"not_picked":["Blizzard","Seek"],"picked":"Ball Lightning","floor":14},{"not_picked":["All For One","Machine Learning"],"picked":"Seek","floor":16},{"not_picked":["Redo","Compile Driver"],"picked":"Loop","floor":18},{"not_picked":["Steam","Streamline+1"],"picked":"Tempest","floor":19},{"not_picked":["Reprogram","Rebound","Blizzard"],"picked":"SKIP","floor":21}],"player_experience":517179,"relics_obtained":[{"floor":7,"key":"InkBottle"},{"floor":9,"key":"Kunai"},{"floor":10,"key":"Odd Mushroom"},{"floor":14,"key":"Meat on the Bone"}],"event_choices":[{"cards_removed":["Strike_B"],"damage_healed":0.0,"max_hp_gain":0.0,"max_hp_loss":0.0,"gold_gain":0.0,"event_name":"Purifier","player_choice":"Purged","floor":3.0,"gold_loss":0.0,"damage_taken":0.0},{"damage_healed":0,"gold_gain":0,"player_choice":"Fought Mushrooms","damage_taken":0,"max_hp_gain":0,"max_hp_loss":0,"event_name":"Mushrooms","floor":10,"gold_loss":0},{"damage_healed":0,"gold_gain":75,"player_choice":"Touch","damage_taken":7,"max_hp_gain":0,"max_hp_loss":0,"event_name":"FaceTrader","floor":20,"gold_loss":0}],"is_beta":false,"boss_relics":[{"not_picked":["Inserter","SlaversCollar"],"picked":"Coffee Dripper"}],"items_purged_floors":[12],"is_endless":false,"potions_floor_spawned":[2,4,5,10,19,21],"killed_by":"Centurion and Healer","ascension_level":7}}