{"host":"bxdue9bkfm2khp2x","time":1611558440,"event":{"mods":["ATMod(阿瑾Mod)","Arknights The Spire","Aspiration","BaseMod","Better Vampires","Challenge The Spire","Colored Map","Colored Powertips","Conspire","Decade(王小明)","Dota2Spire","Highlight Path","Minty Spire (QoL Compilation)","MostiFishMod","Remilia（蕾米莉亚）","Replay The Spire","RumiaBox-露米娅的神秘盒子","Ryuuou龙王","Spicy Shops","StSLib","Td1madao Mod","The Alterego","The Bug Knight","The Cursed","The Servant 0.9.4","WarShipGirlsR/战舰少女R mod","noobMod","vexMod","【功能Mod】混沌之环修复补丁","【遗物卡牌】REMEMod","篝火指南"],"gold_per_floor":[110,110,110,60,76,76,76,76,76,89,89,89,128,128,128,251,251,251,251],"floor_reached":18,"language":"ZHS","playtime":489,"items_purged":[],"score":317,"play_id":"948facbf-a2a1-4a5b-b85a-ba171da8f993","local_time":"20210125150720","is_ascension_mode":true,"campfire_choices":[{"data":"Iron Wave","floor":6,"key":"SMITH"},{"data":"Cleave","floor":8,"key":"SMITH"},{"data":"AT_Desolate","floor":11,"key":"SMITH"},{"data":"Metallicize","floor":15,"key":"SMITH"}],"circlet_count":0,"master_deck":["AscendersBane","Strike_R","Strike_R","Strike_R","Strike_R","Defend_R","Defend_R","Defend_R+1","Defend_R+1","Bash","HandOfGreed","AT_Desolate+1","Cleave+1","Iron Wave+1","Shrug It Off+1","Metallicize+1","conspire:Purge+1"],"relics":["Burning Blood","DaveBox","REME_ComplimentaryCards","ice","AT_ATBox","SentryEyes","SynthV:TestCard","Toxic Egg 2","White Beast Statue"],"acts_visited":["Exordium","TheCity"],"potions_floor_usage":[16,16],"damage_taken":[{"damage":0,"enemies":"Small Slimes","floor":1,"turns":1},{"damage":0,"enemies":"2 Louse","floor":5,"turns":1},{"damage":0,"enemies":"conspire:RoseBush","floor":10,"turns":2},{"damage":3,"enemies":"Blue Slaver","floor":13,"turns":3},{"damage":0,"enemies":"Hexaghost","floor":16,"turns":5},{"damage":0,"enemies":"2 Thieves","floor":18,"turns":1}],"seed_played":"-3233006451663319985","potions_obtained":[{"floor":10,"key":"ColorlessPotion"},{"floor":13,"key":"Regen Potion"},{"floor":16,"key":"Languid Potion"}],"is_trial":false,"path_per_floor":["M","?","?","?","M","R","?","R","T","M","R","?","M","?","R","B",null,"M"],"character_chosen":"IRONCLAD","items_purchased":[],"campfire_rested":0,"item_purchase_floors":[],"current_hp_per_floor":[78,78,78,78,80,80,73,73,73,79,79,63,66,66,66,80,80,80,80],"gold":251,"neow_bonus":"THREE_CARDS","is_daily":false,"chose_seed":false,"campfire_upgraded":4,"win_rate":0.0,"timestamp":1611558440,"path_taken":["M","?","?","?","M","R","?","R","T","?","R","?","M","?","R","BOSS","M"],"items_purchased_type":[],"build_version":"2020-12-22","purchased_purges":0,"victory":false,"max_hp_per_floor":[80,80,80,80,80,80,80,80,80,80,80,80,80,80,80,80,80,80,80],"card_choices":[{"not_picked":["Abandon","Intimidate"],"picked":"Cleave","floor":0},{"not_picked":["Perfected Strike","Wild Strike"],"picked":"Iron Wave","floor":1},{"not_picked":["Twin Strike","Heavy Blade","Perfected Strike","Flex+1","Pommel Strike"],"picked":"SKIP","floor":5},{"not_picked":["AT_IchimonjiDouble","ReplayTheSpireMod:LeadingStrike","MostiFishMod:TemporaryOutbreak","Thunderclap"],"picked":"Shrug It Off+1","floor":10},{"not_picked":["Replay:Undeath\u0027s Touch","REME_Scribble+1","Twin Strike","Clothesline"],"picked":"Metallicize","floor":13},{"not_picked":["MostiFishMod:Chiaki+1","MostiFishMod:Mania","Bludgeon","Double Tap+1"],"picked":"conspire:Purge+1","floor":16}],"player_experience":1325898,"relics_obtained":[{"floor":1,"key":"SynthV:TestCard"},{"floor":9,"key":"White Beast Statue"}],"event_choices":[{"damage_healed":0,"gold_gain":0,"player_choice":"Leave","damage_taken":0,"max_hp_gain":0,"max_hp_loss":0,"event_name":"conspire:Investor","floor":2,"gold_loss":0},{"cards_removed":["Injury"],"damage_healed":0,"gold_gain":0,"player_choice":"Card Removal","damage_taken":0,"max_hp_gain":0,"max_hp_loss":0,"event_name":"The Cleric","floor":4,"gold_loss":50},{"cards_removed":["Strike_R"],"damage_healed":0,"gold_gain":0,"player_choice":"Card Removal","damage_taken":7,"max_hp_gain":0,"max_hp_loss":0,"event_name":"Golden Wing","floor":7,"gold_loss":0},{"damage_healed":0,"gold_gain":0,"player_choice":"Entered Light","damage_taken":16,"max_hp_gain":0,"max_hp_loss":0,"event_name":"Shining Light","floor":12,"gold_loss":0,"cards_upgraded":["Defend_R","Defend_R"]},{"damage_healed":0,"gold_gain":0,"player_choice":"Bought 0 Potions","damage_taken":0,"max_hp_gain":0,"max_hp_loss":0,"event_name":"The Woman in Blue","floor":14,"gold_loss":0}],"is_beta":false,"boss_relics":[{"not_picked":["ChewingGum","REME_DemonsWealth","Replay:Drink Me"]}],"items_purged_floors":[],"is_endless":false,"potions_floor_spawned":[10,13,16],"killed_by":"2 Thieves","ascension_level":12}}