{"host":"bplbr8uekuotory4","time":1611563200,"event":{"mods":["Act Like it!","BaseMod","Minty Spire (QoL Compilation)","Quick Restart","Replay The Spire","Spicy Shops","StSLib","TestMod","The Blackbeard","[IsaacMod]ÒÔÈö¼âËþ"],"gold_per_floor":[188,280,48,59,59,84,100,100,169,169,196,196,206,206,206],"floor_reached":14,"language":"ZHS","playtime":201,"items_purged":["Defend_B"],"score":191,"play_id":"903ba901-fe77-4cc0-857a-5766fc3a1f75","local_time":"20210125162640","is_ascension_mode":true,"campfire_choices":[{"data":"Genetic Algorithm","floor":12,"key":"SMITH"}],"circlet_count":0,"master_deck":["AscendersBane","Strike_B","Strike_B","Strike_B","Strike_B","Defend_B","Defend_B","Defend_B","Zap","Dualcast","Leap","Genetic Algorithm+1","Sweeping Beam","Gash","Capacitor","Pain","Conserve Battery"],"relics":["Cracked Core","testmod-TestBox","HushsDoor","testmod-ConstraintPeriapt","NeowsBlessing","BloodBag","Juzu Bracelet","Orichalcum","Smiling Mask","testmod-Antiphasic","WarpedTongs","ReplayTheSpireMod:Lightbulb"],"acts_visited":["Exordium"],"potions_floor_usage":[14,14],"damage_taken":[{"damage":0,"enemies":"2 Louse","floor":1,"turns":1},{"damage":0,"enemies":"Jaw Worm","floor":4,"turns":1},{"damage":0,"enemies":"3 Sentries","floor":6,"turns":1},{"damage":0,"enemies":"Small Slimes","floor":7,"turns":2},{"damage":13,"enemies":"Replay:BlueRogue","floor":11,"turns":6},{"damage":0,"enemies":"Exordium Wildlife","floor":13,"turns":1},{"damage":4,"enemies":"Lagavulin","floor":14,"turns":1}],"seed_played":"-4679504125127218322","potions_obtained":[{"floor":4,"key":"PowerPotion"},{"floor":7,"key":"Adrenaline Potion"}],"is_trial":false,"path_per_floor":["M","?","$","M","?","E","M","?","T","?","E","R","M","E"],"character_chosen":"DEFECT","items_purchased":["Juzu Bracelet"],"campfire_rested":0,"item_purchase_floors":[3],"current_hp_per_floor":[68,48,48,49,37,38,39,24,24,24,16,16,17,13,13],"gold":206,"neow_bonus":"THREE_ENEMY_KILL","is_daily":false,"chose_seed":false,"campfire_upgraded":1,"win_rate":0.0,"timestamp":1611563200,"path_taken":["M","?","$","M","?","E","M","?","T","?","E","R","M","E"],"items_purchased_type":["Relic"],"build_version":"2020-12-22","purchased_purges":1,"victory":false,"max_hp_per_floor":[82,82,82,82,82,82,82,82,82,82,82,82,82,82,82],"card_choices":[{"not_picked":["Chaos","Redo"],"picked":"Leap","floor":1},{"not_picked":["Coolheaded","Core Surge"],"picked":"Genetic Algorithm","floor":2},{"not_picked":["Darkness","Hologram"],"picked":"Bomb","floor":2},{"not_picked":["Beam Cell","Compile Driver"],"picked":"Sweeping Beam","floor":2},{"not_picked":["Reprogram","Consume"],"picked":"Gash","floor":4},{"not_picked":["ReplayTheSpireMod:Reroute Power","Pulse"],"picked":"Capacitor","floor":6},{"not_picked":["Streamline","Cancel","Self Repair"],"picked":"SKIP","floor":7},{"not_picked":["Scrape","Amplify","Static Discharge"],"picked":"SKIP","floor":11},{"not_picked":["Steam","BasicCrystalCard"],"picked":"Conserve Battery","floor":13}],"player_experience":493790,"relics_obtained":[{"floor":6,"key":"Smiling Mask"},{"floor":11,"key":"ReplayTheSpireMod:Lightbulb"}],"event_choices":[{"damage_healed":0,"gold_gain":0,"player_choice":"Success","damage_taken":12,"relics_obtained":["Orichalcum"],"max_hp_gain":0,"max_hp_loss":0,"event_name":"Scrap Ooze","floor":5,"gold_loss":0},{"damage_healed":0,"gold_gain":0,"player_choice":"Rummage","damage_taken":0,"relics_obtained":["WarpedTongs"],"max_hp_gain":0,"max_hp_loss":0,"event_name":"Accursed Blacksmith","floor":10,"gold_loss":0,"cards_obtained":["Pain"]}],"is_beta":false,"boss_relics":[],"items_purged_floors":[3],"is_endless":false,"potions_floor_spawned":[4,7,11],"killed_by":"Lagavulin","ascension_level":11}}