{"host":"s8eu5oacnz2jj6un","time":1611606911,"event":{"mods":["AchievementEnabler","Act Like it!","Astrologer","BaseMod","Colored Powertips","Marisa????????","Minty Spire (QoL Compilation)","Remilia??????","Replay The Spire","Shop Mod","StSLib","The Senshi","The Servant 0.9.4"],"gold_per_floor":[110,285,348,358,433,459,459,459,530,51,82,94,108,135,135,214,214,227,227,227,227,135,135,165,165,191,228,254,266,307,338,350,439,501,523,548,835,847,914,957,969,981,993,1035,1047,1074,325,339,339,339,339,339,10,42,42],"floor_reached":56,"language":"ENG","playtime":6464,"items_purged":["Shame","Regret"],"score":2301,"play_id":"51ce2567-3658-4a82-9639-47ecd47d5a79","local_time":"20210125213511","is_ascension_mode":true,"campfire_choices":[{"floor":8.0,"key":"REST"},{"floor":15.0,"key":"RECALL"},{"data":"QueenOfMidnight","floor":23.0,"key":"SMITH"},{"data":"BloodySeventeenLaser","floor":25.0,"key":"SMITH"},{"data":"LeisurelyOfLord","floor":29.0,"key":"SMITH"},{"data":"MastersStateliness","floor":32.0,"key":"SMITH"},{"floor":49,"key":"REST"},{"data":"TransientEternity","floor":52,"key":"SMITH"}],"circlet_count":0,"master_deck":["AscendersBane","Strike_RM","Strike_RM","Strike_RM","Strike_RM","Defend_RM","Defend_RM+1","Defend_RM+1","RedMoon+1","ScarletShoot","ScarletDevilSign","Doubt","LeisurelyOfLord+1","HunterOfTheNight","Stigmanizer+1","BloodySeventeenLaser+1","MastersStateliness+1","TransientEternity+1","ScarletGensokyo","QueenOfMidnight+1","ScarletGensokyo+1","Pride","HunterOfTheNight","HunterOfTheNight","ScarletDevil","NightLord+1","UnstableMagic+1","ScarletNetherworld","BloodAndWine","BloodySeventeenLaser","Stigmanizer","BombardNight","Pot Of Greed","Pot Of Greed","Pot Of Greed","UnstableMagic","BloodHunter+1","Pot Of Greed","FitfulNightmare","RedNightlessCastle+1","UnderTheZenith","Panache","MastersStateliness","MastersStateliness","ForecastOfChange+1"],"relics":["ScarletHat","NeowsBlessing","Orichalcum","Lee\u0027s Waffle","FairyMaid","ReplayFunnel","GreatHeart","Tiny Chest","MerchantsRug","Regal Pillow","MawBank","Juzu Bracelet","Gremlin Horn","Tiny House","Ring of Fury","Ring of Chaos","CatCart","Grinning Jar","Mirror","InkBottle","OrangePellets","Molten Egg 2","Membership Card","Lizard Tail","Replay:Rubber Ducky"],"acts_visited":["Exordium","TheCity","TheBeyond","TheEnding"],"potions_floor_usage":[44,46,48],"damage_taken":[{"damage":0.0,"enemies":"Cultist","floor":1.0,"turns":1.0},{"damage":0.0,"enemies":"Jaw Worm","floor":4.0,"turns":1.0},{"damage":0.0,"enemies":"Lagavulin","floor":6.0,"turns":2.0},{"damage":9.0,"enemies":"Gremlin Nob","floor":11.0,"turns":5.0},{"damage":0.0,"enemies":"Small Slimes","floor":12.0,"turns":3.0},{"damage":0.0,"enemies":"2 Fungi Beasts","floor":13.0,"turns":2.0},{"damage":2.0,"enemies":"Lagavulin","floor":14.0,"turns":4.0},{"damage":0.0,"enemies":"Slime Boss","floor":16.0,"turns":2.0},{"damage":0.0,"enemies":"Chosen","floor":18.0,"turns":1.0},{"damage":1.0,"enemies":"Slavers","floor":24.0,"turns":3.0},{"damage":12.0,"enemies":"Book of Stabbing","floor":27.0,"turns":3.0},{"damage":14.0,"enemies":"2 Thieves","floor":28.0,"turns":3.0},{"damage":0.0,"enemies":"Gremlin Leader","floor":30.0,"turns":3.0},{"damage":0.0,"enemies":"Snecko","floor":31.0,"turns":4.0},{"damage":20.0,"enemies":"Collector","floor":33.0,"turns":3.0},{"damage":3.0,"enemies":"3 Darklings","floor":35.0,"turns":4.0},{"damage":0.0,"enemies":"3 Shapes","floor":36.0,"turns":2.0},{"damage":0.0,"enemies":"Orin","floor":39.0,"turns":3.0},{"damage":3,"enemies":"R_Hoarder","floor":40,"turns":4},{"damage":20,"enemies":"Reptomancer","floor":44,"turns":3},{"damage":15,"enemies":"Maw","floor":46,"turns":3},{"damage":6,"enemies":"4 Shapes","floor":48,"turns":3},{"damage":11,"enemies":"Awakened One","floor":50,"turns":4},{"damage":85,"enemies":"Shield and Spear","floor":54,"turns":4},{"damage":74,"enemies":"The Heart","floor":55,"turns":7}],"seed_played":"-5600945314961837859","potions_obtained":[{"floor":1.0,"key":"Weak Potion"},{"floor":11.0,"key":"PowerPotion"},{"floor":12.0,"key":"SkillPotion"},{"floor":27.0,"key":"FearPotion"},{"floor":30.0,"key":"Energy Potion"},{"floor":33.0,"key":"Explosive Potion"},{"floor":34.0,"key":"Swift Potion"},{"floor":39.0,"key":"Strength Potion"},{"floor":46,"key":"Block Potion"}],"is_trial":false,"path_per_floor":["M","?","?","M","?","E","?","R","T","$","E","M","M","E","R","B",null,"M","?","?","?","$","R","E","R","T","E","M","R","E","M","R","B",null,"M","M","?","?","?","E","T","?","T","E","?","M","$","M","R","B",null,"R","$","E","B",null],"character_chosen":"REMILIA","items_purchased":["Orichalcum","Stigmanizer+1","BloodySeventeenLaser","Lee\u0027s Waffle","MerchantsRug","HunterOfTheNight","InkBottle","OrangePellets","Molten Egg 2","RedNightlessCastle+1","Membership Card","Lizard Tail","Panache","MastersStateliness"],"campfire_rested":2,"item_purchase_floors":[10,10,10,10,22,22,47,47,47,47,53,53,53,53],"current_hp_per_floor":[70,70,70,70,59,59,44,66,66,82,73,76,78,80,80,82,82,82,82,82,82,82,82,81,81,81,78,65,65,65,67,67,73,85,85,85,85,85,87,87,87,87,87,70,70,63,63,63,87,87,87,87,87,18,47],"gold":42,"neow_bonus":"THREE_ENEMY_KILL","is_daily":false,"chose_seed":false,"campfire_upgraded":5,"win_rate":0.0,"timestamp":1611606911,"path_taken":["M","?","?","M","?","E","?","R","T","?","E","?","M","E","R","BOSS","M","?","?","?","$","R","E","R","T","E","M","R","E","M","R","BOSS","M","M","?","?","?","E","?","?","T","E","?","M","$","M","R","BOSS","R","$","E","BOSS"],"items_purchased_type":["Relic","Card","Card","Relic","Relic","Card","Relic","Relic","Relic","Card","Relic","Relic","Card","Card"],"build_version":"2020-12-22","purchased_purges":2,"victory":true,"max_hp_per_floor":[75,75,75,75,75,75,75,75,75,82,82,82,82,82,82,82,82,82,82,82,82,82,82,82,82,82,82,82,82,82,82,82,82,87,87,87,87,87,87,87,87,87,87,87,87,87,87,87,87,87,87,87,87,87,87],"card_choices":[{"not_picked":["BloodHunter","ChainGang"],"picked":"ScarletDevilSign","floor":1.0},{"not_picked":["BloodHunter","Septette"],"picked":"LeisurelyOfLord","floor":4.0},{"not_picked":["UnderTheZenith","BlasphemousPunishment"],"picked":"HunterOfTheNight","floor":6.0},{"not_picked":["CharismaGuard","ChainGang"],"picked":"MastersStateliness","floor":11.0},{"not_picked":["Stigmanizer","BombardNight"],"picked":"TransientEternity","floor":12.0},{"not_picked":["VampireKiss","EndlessAdversity","DiffusionOfMisfortune"],"picked":"SKIP","floor":13.0},{"not_picked":["Septette","VampireSweep"],"picked":"ScarletGensokyo","floor":14.0},{"not_picked":["BatForm","TransientEternity"],"picked":"QueenOfMidnight","floor":16.0},{"not_picked":["EndlessAdversity","StarOfDavid+1"],"picked":"ScarletGensokyo+1","floor":18.0},{"not_picked":["BloodHunter","UnstableMagic"],"picked":"ScarletDevil","floor":24.0},{"not_picked":["BlasphemousPunishment","ForbiddenFruit"],"picked":"NightLord+1","floor":27.0},{"not_picked":["BloodyTrap","FavorOfDestiny+1"],"picked":"UnstableMagic+1","floor":28.0},{"not_picked":["RedMagic","RedRainbow+1"],"picked":"ScarletNetherworld","floor":30.0},{"not_picked":["ScarletNetherworld","BloodHunter+1"],"picked":"BloodAndWine","floor":31.0},{"not_picked":["CeilingFear","ForecastOfChange"],"picked":"BloodySeventeenLaser","floor":33.0},{"not_picked":["NightDance","RedNightlessCastle"],"picked":"Stigmanizer","floor":34.0},{"not_picked":["EmergencyRegeneration","ScarletImprint","ChainGang"],"picked":"SKIP","floor":35.0},{"not_picked":["BloodyTrap","DiffusionOfMisfortune","CharismaGuard"],"picked":"SKIP","floor":36.0},{"not_picked":["EndlessAdversity","ScarletImprint"],"picked":"BombardNight","floor":39.0},{"not_picked":["QueenOfMidnight","Stigmanizer"],"picked":"UnstableMagic","floor":40},{"not_picked":["ScarletNetherworld","LeisurelyOfLord"],"picked":"BloodHunter+1","floor":44},{"not_picked":["FavorOfDestiny","RedRainbow+1"],"picked":"FitfulNightmare","floor":46},{"not_picked":["EndlessAdversity+1","VampireClaw+1"],"picked":"UnderTheZenith","floor":48},{"not_picked":["RedMagic+1","CharismaGuard"],"picked":"ForecastOfChange+1","floor":54}],"player_experience":729569,"relics_obtained":[{"floor":6.0,"key":"White Beast Statue"},{"floor":11.0,"key":"FairyMaid"},{"floor":14.0,"key":"ReplayFunnel"},{"floor":24.0,"key":"Regal Pillow"},{"floor":26.0,"key":"MawBank"},{"floor":27.0,"key":"Juzu Bracelet"},{"floor":30.0,"key":"Gremlin Horn"},{"floor":38.0,"key":"Ring of Fury"},{"floor":38.0,"key":"Ring of Chaos"},{"floor":39.0,"key":"CatCart"},{"floor":40,"key":"Grinning Jar"},{"floor":41,"key":"Mirror"},{"floor":43,"key":"Replay:Mystery Machine"},{"floor":44,"key":"Smiling Mask"},{"floor":54,"key":"Replay:Rubber Ducky"}],"event_choices":[{"damage_healed":0.0,"max_hp_gain":0.0,"max_hp_loss":0.0,"gold_gain":175.0,"event_name":"Liars Game","player_choice":"AGREE","floor":2.0,"gold_loss":0.0,"damage_taken":0.0,"cards_obtained":["Doubt"]},{"damage_healed":0.0,"max_hp_gain":0.0,"max_hp_loss":0.0,"gold_gain":63.0,"event_name":"Golden Wing","player_choice":"Gained Gold","floor":3.0,"gold_loss":0.0,"damage_taken":0.0},{"damage_healed":0.0,"max_hp_gain":0.0,"max_hp_loss":0.0,"gold_gain":75.0,"event_name":"World of Goop","player_choice":"Gather Gold","floor":5.0,"gold_loss":0.0,"damage_taken":11.0},{"damage_healed":0.0,"max_hp_gain":0.0,"max_hp_loss":0.0,"gold_gain":0.0,"event_name":"Shining Light","player_choice":"Entered Light","floor":7.0,"gold_loss":0.0,"damage_taken":15.0,"cards_upgraded":["Defend_RM","Defend_RM"]},{"damage_healed":0.0,"max_hp_gain":0.0,"max_hp_loss":0.0,"gold_gain":0.0,"event_name":"Beggar","player_choice":"Ignored","floor":19.0,"gold_loss":0.0,"damage_taken":0.0},{"damage_healed":0.0,"max_hp_gain":0.0,"max_hp_loss":0.0,"gold_gain":0.0,"event_name":"Addict","player_choice":"Stole Relic","floor":21.0,"gold_loss":0.0,"damage_taken":0.0,"relics_obtained":["Tiny Chest"],"cards_obtained":["Shame"]},{"damage_healed":0.0,"max_hp_gain":0.0,"max_hp_loss":0.0,"gold_gain":275.0,"event_name":"Golden Shrine","player_choice":"Desecrate","floor":37.0,"gold_loss":0.0,"damage_taken":0.0,"cards_obtained":["Regret"]},{"damage_healed":0.0,"max_hp_gain":0.0,"max_hp_loss":0.0,"gold_gain":0.0,"event_name":"OrinTheCat","player_choice":"Fight","floor":39.0,"gold_loss":0.0,"damage_taken":0.0},{"cards_removed":["Defend_RM"],"damage_healed":0,"gold_gain":0,"player_choice":"Removed Skill","damage_taken":0,"max_hp_gain":0,"max_hp_loss":0,"event_name":"Falling","floor":42,"gold_loss":0},{"damage_healed":0,"gold_gain":0,"player_choice":"Ignored","damage_taken":0,"max_hp_gain":0,"max_hp_loss":0,"event_name":"Tomb of Lord Red Mask","floor":45,"gold_loss":0}],"is_beta":false,"boss_relics":[{"not_picked":["Velvet Choker","Ectoplasm"],"picked":"ChewingGum"},{"not_picked":["ReplayTheSpireMod:DimensionalGlitch","Painkiller Herb"],"picked":"Tiny House"}],"items_purged_floors":[22,47],"is_endless":false,"potions_floor_spawned":[1,11,12,13,14,16,18,27,30,33,35,39,46],"ascension_level":13}}