{"host":"p34rppyhk302xzzg","time":1611551157,"event":{"mods":["Act Like it!","Arknights The Spire","Ascension Reborn","BaseMod","Better Vampires","Gensokyo","Lobotomy","LobotomyExtend","Marisa£®ÏF”Í°°ƒß¿Ì…≥£©","Minty Spire (QoL Compilation)","Quick Restart","READ ME - Guardian Mod","Remilia£®¿Ÿ√◊¿Ú—«£©","SOS£®Àπ∞Õ¥Ô÷Æ◊”£©","StSLib","Td1madao Mod","Waifu the Spire","Youmu£®ªÍ∆«—˝√Œ£©","[IsaacMod]“‘»ˆº‚À˛","noobMod","°æ“≈ŒÔø®≈∆°øREMEMod"],"gold_per_floor":[131,131,142,142,160,208,208,208,235,264,264,355,32,39,39,193,256,330,330,351,358,372,372],"floor_reached":22,"language":"ZHS","playtime":553,"items_purged":[],"score":192,"play_id":"2e729838-743e-4389-9bf7-7e88e7101816","local_time":"20210125130557","is_ascension_mode":true,"campfire_choices":[{"data":"REME_Shoggoth","floor":7,"key":"SMITH"},{"data":"Dualcast","floor":11,"key":"SMITH"},{"data":"Darkness","floor":15,"key":"SMITH"}],"circlet_count":0,"master_deck":["Strike_B","Strike_B","Defend_B","Defend_B","Defend_B","Zap","BettingIsNotGood","Berserk+1","Scorched","MeatLantern","Gash+1","NothingThere","Capacitor","FieryBird","Static Discharge","Cold Snap","REME_Shoggoth","Go for the Eyes","PunishingBird","Conserve Battery","GalaxyChild","Loop"],"relics":["Cracked Core","HushsDoor","REME_ComplimentaryCards","ice","SalivaCoin","CogitoBucket","LetterFromLob","Juzu Bracelet","Golden Idol","Ancient Tea Set","REME_HourglassOfDeath","Membership Card","Kunai","Boot","Tiny House","TreeSap"],"acts_visited":["Exordium","TheCity"],"potions_floor_usage":[6,6,16,22,22],"damage_taken":[{"damage":4,"enemies":"Cultist","floor":1,"turns":3},{"damage":0,"enemies":"Small Slimes","floor":3,"turns":1},{"damage":1,"enemies":"Jaw Worm","floor":5,"turns":2},{"damage":57,"enemies":"Gremlin Nob","floor":6,"turns":4},{"damage":11,"enemies":"Looter","floor":10,"turns":2},{"damage":57,"enemies":"3 Sentries","floor":12,"turns":4},{"damage":105,"enemies":"The Guardian","floor":16,"turns":3},{"damage":64,"enemies":"3 Byrds","floor":18,"turns":1},{"damage":0,"enemies":"Spheric Guardian","floor":20,"turns":1},{"damage":104,"enemies":"Centurion and Healer","floor":22,"turns":2}],"seed_played":"-7440734275065037877","potions_obtained":[{"floor":3,"key":"SkillPotion"},{"floor":5,"key":"Block Potion"},{"floor":10,"key":"Weak Potion"},{"floor":16,"key":"Explosive Potion"},{"floor":17,"key":"Fire Potion"},{"floor":18,"key":"SneckoOil"}],"is_trial":false,"path_per_floor":["M","?","M","?","M","E","R","?","T","M","R","E","$","?","R","B",null,"M","?","M","?","M"],"character_chosen":"DEFECT","items_purchased":["Membership Card","Kunai","Cold Snap","Darkness"],"campfire_rested":0,"item_purchase_floors":[13,13,13,13],"current_hp_per_floor":[71,71,71,71,70,18,18,18,18,7,7,31,31,16,16,36,77,43,67,77,63,0,0],"gold":372,"neow_bonus":"","is_daily":false,"chose_seed":false,"campfire_upgraded":3,"win_rate":0.0,"timestamp":1611551157,"path_taken":["M","?","M","?","?","E","R","?","T","M","R","E","$","?","R","BOSS","M","?","M","?","M"],"items_purchased_type":["Relic","Relic","Card","Card"],"build_version":"2020-12-22","purchased_purges":0,"victory":false,"max_hp_per_floor":[75,75,75,75,75,75,75,69,69,69,69,72,72,72,72,72,77,77,77,77,82,82,82],"card_choices":[{"not_picked":[],"picked":"BettingIsNotGood","floor":0},{"not_picked":["FairyFestival","UniverseFragment","QueenBee"],"picked":"Singing Bowl","floor":1},{"not_picked":["Alriune","OSAHOGD"],"picked":"Scorched","floor":1},{"not_picked":["Rebound","Ball Lightning","REME_Compress"],"picked":"SKIP","floor":1},{"not_picked":["Rudolta","LittleHelper"],"picked":"MeatLantern","floor":3},{"not_picked":["Reprogram","REME_SelfUpgrade"],"picked":"Gash","floor":3},{"not_picked":["SpiderBud","LongBird"],"picked":"CrumblingArmor","floor":5},{"not_picked":["Cold Snap","Rip and Tear"],"picked":"Turbo","floor":5},{"not_picked":["BeautyBeast","Murderer","MHz"],"picked":"Singing Bowl","floor":6},{"not_picked":["WallGazer","WhitesApple"],"picked":"ShyLook","floor":6},{"not_picked":["Streamline","Hologram"],"picked":"REME_Shoggoth","floor":6},{"not_picked":["WallGazer","OldLady"],"picked":"NothingThere","floor":10},{"not_picked":["Defragment","Streamline"],"picked":"Capacitor","floor":10},{"not_picked":["PunishingBird","OldLady"],"picked":"FieryBird","floor":12},{"not_picked":["Streamline","Steam Power"],"picked":"Static Discharge","floor":12},{"not_picked":["FairyFestival","PunishingBird","UniverseFragment"],"picked":"Singing Bowl","floor":16},{"not_picked":["WallGazer","FairyFestival"],"picked":"SilentOrchestra","floor":16},{"not_picked":["Fission","Creative AI"],"picked":"REME_Shoggoth","floor":16},{"not_picked":["Bomb","Stack"],"picked":"Go for the Eyes","floor":17},{"not_picked":["NakedNest","Wellcheers"],"picked":"PunishingBird","floor":18},{"not_picked":["REME_Compress+1","Leap"],"picked":"Conserve Battery","floor":18},{"not_picked":["CrumblingArmor","LittlePrince"],"picked":"GalaxyChild","floor":20},{"not_picked":["REME_Compress","Streamline"],"picked":"Loop","floor":20}],"player_experience":66092,"relics_obtained":[{"floor":1,"key":"LetterFromLob"},{"floor":6,"key":"Juzu Bracelet"},{"floor":9,"key":"Ancient Tea Set"},{"floor":12,"key":"REME_HourglassOfDeath"}],"event_choices":[{"damage_healed":0,"gold_gain":0,"player_choice":"Leave","damage_taken":0,"max_hp_gain":0,"max_hp_loss":0,"event_name":"The Cleric","floor":2,"gold_loss":0},{"damage_healed":0,"gold_gain":0,"player_choice":"Grow","damage_taken":0,"max_hp_gain":0,"max_hp_loss":0,"event_name":"Living Wall","floor":4,"gold_loss":0,"cards_upgraded":["Gash"]},{"damage_healed":0,"gold_gain":0,"player_choice":"Lose Max HP","damage_taken":0,"relics_obtained":["Golden Idol"],"max_hp_gain":0,"max_hp_loss":6,"event_name":"Golden Idol","floor":8,"gold_loss":0},{"damage_healed":0,"gold_gain":0,"player_choice":"Shed Blood","damage_taken":19,"max_hp_gain":5,"max_hp_loss":0,"event_name":"Forgotten Altar","floor":21,"gold_loss":0}],"is_beta":false,"boss_relics":[{"not_picked":["Runic Dome","Astrolabe"],"picked":"Tiny House"},{"not_picked":[]}],"items_purged_floors":[],"is_endless":false,"potions_floor_spawned":[3,5,10,16,18],"killed_by":"Centurion and Healer","ascension_level":0}}