{"host":"9kxnbj80f46l6gnh","time":1611553834,"event":{"mods":["AchievementEnabler","Aspiration","Bard","BaseMod","Beaked The Cultist","Better Altar","Better Match","Better Note","Better Sensory Stone","Better Skull","Better Third Choice","BetterRewards","CCEM","Clawfect","Colored Map","Conspire","Downfall","GifTheSpireLib","Halation","Hermit","Highlight Path","Hubris","Hunter ??","Infinite Spire","Jedi Mod","Jorbs\u0027s Wanderer Trilogy","Mad Scientist","Marisa????????","Mimic Mod","Minty Spire (QoL Compilation)","Permanent Neow","Replay The Spire","Shade Mod","Shop Mod","Spicy Shops","StSLib","Stuff the Spire","The Administrix","The Blackbeard","The Bug Knight","The Construct","The Cursed","The Disciple","The Gatherer","The Hierophant","The Jungle","The Mystic","The Necromancer","The Problem Sleuth","The Runesmith","The Servant 0.9.4","The Spell Scribe","The Witch","Unceasing Turn Reminder","everything is the same but u backflip on backflip"],"gold_per_floor":[110,124,124,124,137,169,169,182,253,271,288,303,334,334,334,436,436,447,447,181,198,160,195,210,210,210,55,55,55,75,109,109,207,207,217,217,217,228,228,228,228],"floor_reached":40,"language":"ENG","playtime":1985,"items_purged":["Strike_MRS"],"score":661,"play_id":"77088842-6c14-4f24-9ea4-b8d014d64f7c","local_time":"20210124225034","is_ascension_mode":false,"campfire_choices":[{"data":"MysteriousBeam","floor":7,"key":"SMITH"},{"floor":15,"key":"REST"},{"data":"MysteriousBeam","floor":25,"key":"SMITH"},{"floor":28,"key":"REST"},{"data":"DarkMatter","floor":32,"key":"SMITH"}],"circlet_count":0,"master_deck":["Strike_MRS","Strike_MRS","Strike_MRS","Defend_MRS","Defend_MRS","MasterSpark","UpSweep","OpenUniverse","MysteriousBeam+1","MysteriousBeam+1","GasGiant","SuperNova","WitchLeyline+1","MysteriousBeam+1","Singularity","PowerUp","MysteriousBeam+1","ShootingEcho+1","MilkyWay","DarkMatter+1","UltimateShortwave","WitchLeyline+1","ShootingEcho+1"],"relics":["MiniHakkero","jedi:crownofsimplicity","halation:PrussianBluePaint","halation:KoshaPiece","Molten Egg 2","hubris:TinFlute","Painkiller Herb","ReplayTheSpireMod:TigerMarble","CCEMRelics:PorcelainBowl","PreservedInsect","Replay:Bottled Flurry","Fusion Hammer","halation:EternalFortune","halation:PapillonHeart"],"acts_visited":["Exordium","TheCity","TheBeyond"],"potions_floor_usage":[12,13],"damage_taken":[{"damage":1,"enemies":"Cultist","floor":1,"turns":3},{"damage":11,"enemies":"Jaw Worm","floor":2,"turns":2},{"damage":0,"enemies":"2 Louse","floor":5,"turns":2},{"damage":14,"enemies":"Gremlin Nob","floor":6,"turns":3},{"damage":5,"enemies":"Blue Slaver","floor":8,"turns":3},{"damage":17,"enemies":"Exordium Thugs","floor":10,"turns":4},{"damage":0,"enemies":"Large Slime","floor":11,"turns":2},{"damage":0,"enemies":"Red Slaver","floor":12,"turns":2},{"damage":0,"enemies":"Lagavulin","floor":13,"turns":4},{"damage":8,"enemies":"Hexaghost","floor":16,"turns":6},{"damage":0,"enemies":"Spheric Guardian","floor":18,"turns":1},{"damage":5,"enemies":"Chosen","floor":21,"turns":3},{"damage":16,"enemies":"Book of Stabbing","floor":23,"turns":3},{"damage":7,"enemies":"Snecko","floor":24,"turns":4},{"damage":5,"enemies":"Centurion and Healer","floor":30,"turns":3},{"damage":0,"enemies":"Gremlin Leader","floor":31,"turns":2},{"damage":27,"enemies":"Pondfish","floor":33,"turns":6},{"damage":30,"enemies":"3 Shapes","floor":35,"turns":3},{"damage":1,"enemies":"Orb Walker","floor":38,"turns":2},{"damage":52,"enemies":"Nightmare","floor":40,"turns":5}],"seed_played":"5329097639706657555","potions_obtained":[{"floor":2,"key":"EssenceOfSteel"},{"floor":8,"key":"hexamod:SoulburnPotion"},{"floor":10,"key":"Fire Potion"},{"floor":16,"key":"SpeedPotion"},{"floor":24,"key":"LiquidMemories"},{"floor":33,"key":"Swift Potion"}],"is_trial":false,"path_per_floor":["M","M","?","?","M","E","R","M","T","M","M","M","E","?","R","B",null,"?","?","T","?","T","E","?","T","T","T","T","T","?","E","T","B",null,"?","?","?","?","?","NM"],"character_chosen":"MARISA","items_purchased":["ReplayTheSpireMod:TigerMarble","MysteriousBeam+1","MilkyWay","PreservedInsect"],"campfire_rested":2,"item_purchase_floors":[20,20,22,27],"current_hp_per_floor":[74,63,56,45,45,31,31,26,26,9,9,9,9,9,31,23,75,75,75,75,70,70,58,51,51,51,51,73,73,70,70,70,43,75,45,45,48,51,51,0,0],"gold":228,"neow_bonus":"THREE_CARDS","is_daily":false,"chose_seed":false,"campfire_upgraded":3,"win_rate":0.0,"timestamp":1611553834,"path_taken":["M","M","?","?","M","E","R","M","T","M","M","M","E","?","R","BOSS","?","?","?","?","T","E","?","T","T","?","T","T","?","E","T","BOSS","?","?","?","?","?","NM"],"items_purchased_type":["Relic","Card","Card","Relic"],"build_version":"2020-12-22","purchased_purges":1,"victory":false,"max_hp_per_floor":[75,75,75,75,75,75,75,75,75,75,75,75,75,75,75,75,75,75,75,75,75,75,75,75,75,75,75,75,75,75,75,75,75,75,75,71,74,74,70,70,70],"card_choices":[{"not_picked":["MachineGunSpark","WitchOfGreed"],"picked":"OpenUniverse","floor":0},{"not_picked":["IllusionStar","Acceleration"],"picked":"MysteriousBeam","floor":1},{"not_picked":["GravityBeat","RefractionSpark"],"picked":"MysteriousBeam","floor":2},{"not_picked":["ShootingEcho","OortCloud"],"picked":"GasGiant","floor":5},{"not_picked":["GalacticHalo","ChargingUp","Robbery"],"picked":"SKIP","floor":6},{"not_picked":["MysteriousBeam","MilkyWay"],"picked":"SuperNova","floor":8},{"not_picked":["WitchOfGreed","EventHorizon"],"picked":"WitchLeyline+1","floor":10},{"not_picked":["ShootingEcho+1","NonDirectionalLaser+1"],"picked":"MysteriousBeam+1","floor":11},{"not_picked":["MilkyWay","RefractionSpark+1"],"picked":"Singularity","floor":12},{"not_picked":["GravityBeat+1","LuminesStrike+1","SporeBomb"],"picked":"SKIP","floor":13},{"not_picked":["WitchOfGreed","DC+1","AsteroidBelt"],"picked":"SKIP","floor":18},{"not_picked":["FairyDestructionRay+1","GravityBeat+1"],"picked":"ShootingEcho+1","floor":21},{"not_picked":["Singularity","MilkyWay","EnergyRecoil"],"picked":"SKIP","floor":23},{"not_picked":["PulseMagic","WitchOfGreed","UnstableBomb+1"],"picked":"SKIP","floor":24},{"not_picked":["6A+1","IllusionStar+1","GravityBeat+1"],"picked":"SKIP","floor":30},{"not_picked":["GrandCross+1","MagicAbsorber"],"picked":"DarkMatter","floor":31},{"not_picked":["SatelliteIllusion","ManaRampage"],"picked":"UltimateShortwave","floor":33},{"not_picked":["GalacticHalo","PowerUp+1"],"picked":"WitchLeyline+1","floor":35},{"not_picked":["MysteriousBeam+1","Acceleration+1"],"picked":"ShootingEcho+1","floor":38}],"player_experience":142465,"relics_obtained":[{"floor":6,"key":"halation:KoshaPiece"},{"floor":9,"key":"Molten Egg 2"},{"floor":13,"key":"hubris:TinFlute"},{"floor":23,"key":"CCEMRelics:PorcelainBowl"},{"floor":31,"key":"Replay:Bottled Flurry"}],"event_choices":[{"cards_removed":["Defend_MRS"],"damage_healed":0,"gold_gain":0,"player_choice":"Card Removal","damage_taken":7,"max_hp_gain":0,"max_hp_loss":0,"event_name":"Golden Wing","floor":3,"gold_loss":0},{"damage_healed":0,"gold_gain":1,"player_choice":"Relic Relic ","damage_taken":11,"max_hp_gain":0,"max_hp_loss":0,"event_name":"betterThird:BetterScrap","floor":4,"gold_loss":0,"cards_obtained":["conspire:SharedLibrary"]},{"damage_healed":0,"gold_gain":0,"cards_transformed":["Defend_MRS"],"player_choice":"Transformed","damage_taken":0,"max_hp_gain":0,"max_hp_loss":0,"event_name":"Transmorgrifier","floor":19,"gold_loss":0,"cards_obtained":["PowerUp"]},{"damage_healed":0,"gold_gain":0,"player_choice":"Max HP","damage_taken":0,"max_hp_gain":0,"max_hp_loss":4,"event_name":"Winding Halls","floor":36,"gold_loss":0}],"is_beta":false,"boss_relics":[{"not_picked":["CCEMRelics:GreenEgg","Ring of Chaos"],"picked":"Painkiller Herb"},{"not_picked":["Snecko Eye","halation:PinkAlligatorPlush"],"picked":"Fusion Hammer"}],"items_purged_floors":[20],"is_endless":false,"potions_floor_spawned":[2,8,10,16,24,30,33,38],"killed_by":"Nightmare","ascension_level":0}}