{"host":"n4fty02wqqi95laq","time":1611543211,"event":{"mods":["BaseMod","Highlight Path","Minty Spire (QoL Compilation)","Quick Restart","Rare Cards Sparkle","StSLib"],"gold_per_floor":[116,116,41,57,57,92,92,119,119,119,136,136,146,146,146,242,242,261,261,311,324,324,324],"floor_reached":22,"language":"ZHS","playtime":440,"items_purged":["Strike_B"],"score":434,"play_id":"89c8a210-50c7-4ee8-8a8f-b86151d39ab0","local_time":"20210125105331","is_ascension_mode":true,"campfire_choices":[{"data":"Chaos","floor":7.0,"key":"SMITH"},{"data":"Zap","floor":10.0,"key":"SMITH"},{"data":"Dualcast","floor":12.0,"key":"SMITH"},{"data":"Gash","floor":15.0,"key":"SMITH"}],"circlet_count":0,"master_deck":["AscendersBane","Defend_B","Defend_B","Defend_B","Zap+1","Dualcast+1","Chaos+1","Static Discharge","Streamline","All For One","Gash+1","Genetic Algorithm","Hyperbeam","Recycle+1","Loop+1","Thunder Strike+1","Double Energy","Necronomicurse","Gash"],"relics":["Cracked Core","NeowsBlessing","Bag of Preparation","Du-Vu Doll","Ancient Tea Set","Shuriken","Golden Idol","Astrolabe","Necronomicon"],"acts_visited":["Exordium","TheCity"],"potions_floor_usage":[],"damage_taken":[{"damage":0.0,"enemies":"Cultist","floor":1.0,"turns":1.0},{"damage":0.0,"enemies":"2 Louse","floor":4.0,"turns":1.0},{"damage":0.0,"enemies":"Gremlin Nob","floor":6.0,"turns":1.0},{"damage":15.0,"enemies":"3 Sentries","floor":8.0,"turns":4.0},{"damage":0.0,"enemies":"Small Slimes","floor":11.0,"turns":2.0},{"damage":6.0,"enemies":"Exordium Wildlife","floor":13.0,"turns":3.0},{"damage":13.0,"enemies":"Slime Boss","floor":16.0,"turns":5.0},{"damage":19,"enemies":"2 Thieves","floor":18,"turns":3},{"damage":11,"enemies":"3 Byrds","floor":21,"turns":3},{"damage":0,"enemies":"Shelled Parasite and Fungi","floor":22,"turns":1}],"seed_played":"4787089901392150395","potions_obtained":[{"floor":4.0,"key":"DistilledChaos"},{"floor":11.0,"key":"PowerPotion"},{"floor":13.0,"key":"Strength Potion"}],"is_trial":false,"path_per_floor":["M","?","$","M","?","E","R","E","T","R","M","R","M","?","R","B",null,"M","?","?","M","M"],"character_chosen":"DEFECT","items_purchased":[],"campfire_rested":0,"item_purchase_floors":[],"current_hp_per_floor":[64,64,64,64,59,59,59,44,44,44,44,44,38,38,38,25,54,35,14,14,3,3,3],"gold":324,"neow_bonus":"THREE_ENEMY_KILL","is_daily":false,"chose_seed":false,"campfire_upgraded":4,"win_rate":0.0,"timestamp":1611543211,"path_taken":["M","?","$","M","?","E","R","E","T","R","M","R","M","?","R","BOSS","M","?","?","M","?"],"items_purchased_type":[],"build_version":"2020-12-22","purchased_purges":1,"victory":false,"max_hp_per_floor":[71,71,71,71,71,71,71,71,71,71,71,71,71,64,64,64,64,64,64,64,64,64,64],"card_choices":[{"not_picked":["Go for the Eyes","Redo"],"picked":"Chaos","floor":1.0},{"not_picked":["Beam Cell","Steam Power"],"picked":"Streamline","floor":4.0},{"not_picked":["Compile Driver","Hello World"],"picked":"All For One","floor":6.0},{"not_picked":["Consume","Darkness"],"picked":"Gash","floor":8.0},{"not_picked":["Aggregate","Cold Snap","Steam Power"],"picked":"SKIP","floor":11.0},{"not_picked":["Barrage","Leap"],"picked":"Genetic Algorithm","floor":13.0},{"not_picked":["Thunder Strike","Biased Cognition"],"picked":"Hyperbeam","floor":16.0},{"not_picked":["Go for the Eyes","Blizzard"],"picked":"Double Energy","floor":18},{"not_picked":["Redo","Scrape"],"picked":"Gash","floor":21}],"player_experience":686784,"relics_obtained":[{"floor":6.0,"key":"Du-Vu Doll"},{"floor":8.0,"key":"Ancient Tea Set"},{"floor":9.0,"key":"Shuriken"},{"floor":19,"key":"Necronomicon"}],"event_choices":[{"damage_healed":0.0,"max_hp_gain":0.0,"max_hp_loss":0.0,"gold_gain":0.0,"cards_transformed":["Strike_B"],"event_name":"Living Wall","player_choice":"Change","floor":2.0,"gold_loss":0.0,"damage_taken":0.0,"cards_obtained":["Static Discharge"]},{"damage_healed":0.0,"max_hp_gain":0.0,"max_hp_loss":0.0,"gold_gain":0.0,"event_name":"Scrap Ooze","player_choice":"Success","floor":5.0,"gold_loss":0.0,"damage_taken":5.0,"relics_obtained":["Bag of Preparation"]},{"damage_healed":0.0,"max_hp_gain":0.0,"max_hp_loss":7.0,"gold_gain":0.0,"event_name":"Golden Idol","player_choice":"Lose Max HP","floor":14.0,"gold_loss":0.0,"damage_taken":0.0,"relics_obtained":["Golden Idol"]},{"damage_healed":0,"gold_gain":0,"player_choice":"Obtained Book","damage_taken":21,"max_hp_gain":0,"max_hp_loss":0,"event_name":"Cursed Tome","floor":19,"gold_loss":0},{"damage_healed":0,"gold_gain":50,"player_choice":"Stole From Cult","damage_taken":0,"max_hp_gain":0,"max_hp_loss":0,"event_name":"Nest","floor":20,"gold_loss":0}],"is_beta":false,"boss_relics":[{"not_picked":["SlaversCollar","Calling Bell"],"picked":"Astrolabe"}],"items_purged_floors":[3],"is_endless":false,"potions_floor_spawned":[4,11,13],"killed_by":"Shelled Parasite and Fungi","ascension_level":20}}