{"host":"n3yraofadl2d9nwo","time":1611532902,"event":{"mods":["BaseMod","Friendly Minions","Marisa????????","Minty Spire (QoL Compilation)","StSLib","The Animator"],"gold_per_floor":[129,129,61,80,35,35,52,84,84,94,94,106,106,131,131,234,234,261,186,186,217,230,230,230],"floor_reached":23,"language":"ENG","playtime":1768,"items_purged":[],"score":201,"play_id":"1016e79f-ee08-4449-aeed-d349adfde303","local_time":"20210125010142","is_ascension_mode":false,"campfire_choices":[{"data":"animator:YachiyoNanami","floor":6,"key":"SMITH"},{"data":"animator:NagisaMomoe","floor":11,"key":"SMITH"},{"data":"animator:LizardPriest","floor":15,"key":"SMITH"}],"circlet_count":0,"master_deck":["animator:Strike_GoblinSlayer","animator:Defend_GoblinSlayer","animator:Strike","animator:Defend","animator:Defend","animator:Defend","animator:LizardPriest+1","animator:DwarfShaman","animator:YachiyoNanami+1","animator:Megumin+9","animator:TukaLunaMarceau","animator:KyokoSakura","animator:RinTohsaka","animator:NagisaMomoe+1","animator:Archer","animator:YaoHaDucy","animator:HiiragiShinya","animator:PinaCoLada","animator:SuzuneAmano+1","animator:YunYun","animator:SayakaMiki"],"relics":["animator:LivingPicture","animator:TheMissingPiece","The Courier","Toy Ornithopter","Happy Flower","Busted Crown"],"acts_visited":["Exordium","TheCity"],"potions_floor_usage":[10,10,10,10,10,23],"damage_taken":[{"damage":0,"enemies":"2 Louse","floor":1,"turns":3},{"damage":11,"enemies":"Cultist","floor":4,"turns":5},{"damage":0,"enemies":"Small Slimes","floor":7,"turns":4},{"damage":21,"enemies":"Gremlin Nob","floor":8,"turns":5},{"damage":12,"enemies":"Exordium Thugs","floor":10,"turns":4},{"damage":12,"enemies":"2 Fungi Beasts","floor":12,"turns":4},{"damage":15,"enemies":"Lagavulin","floor":14,"turns":6},{"damage":24,"enemies":"Slime Boss","floor":16,"turns":5},{"damage":16,"enemies":"3 Byrds","floor":18,"turns":5},{"damage":12,"enemies":"Spheric Guardian","floor":21,"turns":4},{"damage":19,"enemies":"Snake Plant","floor":22,"turns":4},{"damage":35,"enemies":"Book of Stabbing","floor":23,"turns":4}],"seed_played":"-3630334010015395559","potions_obtained":[{"floor":1,"key":"EntropicBrew"},{"floor":4,"key":"Weak Potion"},{"floor":10,"key":"FearPotion"},{"floor":12,"key":"Ancient Potion"},{"floor":16,"key":"FearPotion"}],"is_trial":false,"path_per_floor":["M","?","$","M","$","R","M","E","T","M","R","M","?","E","R","B",null,"M","?","?","M","M","E"],"character_chosen":"THE_ANIMATOR","items_purchased":["animator:Megumin","animator:KyokoSakura"],"campfire_rested":0,"item_purchase_floors":[3,5],"current_hp_per_floor":[72,72,72,61,61,61,61,41,41,54,54,42,42,27,27,3,73,57,57,57,45,27,0,0],"gold":230,"neow_bonus":"TEN_PERCENT_HP_BONUS","is_daily":false,"chose_seed":false,"campfire_upgraded":3,"win_rate":0.0,"timestamp":1611532902,"path_taken":["M","?","$","M","$","R","?","E","T","M","R","M","?","E","R","BOSS","M","?","?","?","M","E"],"items_purchased_type":["Card","Card"],"build_version":"2020-12-22","purchased_purges":0,"victory":false,"max_hp_per_floor":[72,72,72,72,72,72,72,73,73,73,73,73,73,73,73,73,73,73,73,73,73,74,74,74],"card_choices":[{"not_picked":["animator:Caster","animator:TukaLunaMarceau"],"picked":"animator:YachiyoNanami","floor":1},{"not_picked":["animator:Yoichi","animator:Illya"],"picked":"animator:TukaLunaMarceau","floor":4},{"not_picked":["animator:MaesHughes","animator:Bozes"],"picked":"animator:RinTohsaka","floor":7},{"not_picked":["animator:YuiTsuruno","animator:SayakaMiki"],"picked":"animator:NagisaMomoe","floor":8},{"not_picked":["animator:Rider","animator:Mikaela"],"picked":"animator:Archer","floor":10},{"not_picked":["animator:ElricEdward","animator:Mikaela"],"picked":"animator:YaoHaDucy","floor":12},{"not_picked":["animator:Yuuichirou","animator:GuildGirl"],"picked":"animator:HiiragiShinya","floor":14},{"not_picked":["animator:Kyubey","animator:Saber"],"picked":"animator:PinaCoLada","floor":16},{"not_picked":[],"picked":"animator:SuzuneAmano","floor":18},{"not_picked":[],"picked":"animator:YunYun","floor":21},{"not_picked":[],"picked":"animator:SayakaMiki","floor":22}],"player_experience":828811,"relics_obtained":[{"floor":8,"key":"The Courier"},{"floor":9,"key":"Toy Ornithopter"},{"floor":14,"key":"Happy Flower"}],"event_choices":[{"cards_removed":["animator:Strike"],"damage_healed":0,"gold_gain":0,"player_choice":"Offered Basic","damage_taken":0,"max_hp_gain":0,"max_hp_loss":0,"event_name":"Bonfire Elementals","floor":2,"gold_loss":0},{"damage_healed":0,"gold_gain":0,"player_choice":"0 cards matched","damage_taken":0,"max_hp_gain":0,"max_hp_loss":0,"event_name":"Match and Keep!","floor":13,"gold_loss":0,"cards_obtained":[]},{"cards_removed":["animator:Strike"],"damage_healed":0,"gold_gain":0,"player_choice":"Gave Gold","damage_taken":0,"max_hp_gain":0,"max_hp_loss":0,"event_name":"Beggar","floor":19,"gold_loss":75},{"damage_healed":0,"gold_gain":0,"player_choice":"Forge","damage_taken":0,"max_hp_gain":0,"max_hp_loss":0,"event_name":"Accursed Blacksmith","floor":20,"gold_loss":0,"cards_upgraded":["animator:SuzuneAmano"]}],"is_beta":false,"boss_relics":[{"not_picked":["Calling Bell","animator:HolyGrailRelic"],"picked":"Busted Crown"}],"items_purged_floors":[],"is_endless":false,"potions_floor_spawned":[1,4,10,12,16],"killed_by":"Book of Stabbing","ascension_level":0}}