{"host":"xmrw7jl1ir2912vf","time":1611606070,"event":{"mods":["BaseMod","Minty Spire (QoL Compilation)","Relic Stats"],"gold_per_floor":[111,111,111,131,143,143,154,184,184,184,184],"floor_reached":10,"language":"ENG","playtime":465,"items_purged":[],"score":133,"play_id":"abb3754f-bc35-42a8-b30f-db0121ddf9a9","local_time":"20210125152110","is_ascension_mode":true,"campfire_choices":[{"data":"Perfected Strike","floor":6.0,"key":"SMITH"}],"circlet_count":0,"master_deck":["AscendersBane","Strike_R","Strike_R","Strike_R","Strike_R","Strike_R","Defend_R","Defend_R","Defend_R","Bash","Perfected Strike+1","Rampage","Offering","Whirlwind"],"relics":["Burning Blood","Omamori","Bag of Marbles","Sundial","Regal Pillow"],"acts_visited":["Exordium"],"potions_floor_usage":[],"damage_taken":[{"damage":7.0,"enemies":"Jaw Worm","floor":1.0,"turns":4.0},{"damage":7.0,"enemies":"Small Slimes","floor":4.0,"turns":4.0},{"damage":0.0,"enemies":"Cultist","floor":5.0,"turns":3.0},{"damage":8.0,"enemies":"Blue Slaver","floor":7.0,"turns":2.0},{"damage":21.0,"enemies":"3 Sentries","floor":8.0,"turns":6.0},{"damage":50,"enemies":"Lagavulin","floor":10,"turns":5}],"seed_played":"4159074917164356503","potions_obtained":[{"floor":1.0,"key":"SteroidPotion"},{"floor":4.0,"key":"Fire Potion"}],"is_trial":false,"path_per_floor":["M","?","?","M","M","R","M","E","T","E"],"character_chosen":"IRONCLAD","items_purchased":[],"campfire_rested":0,"item_purchase_floors":[],"current_hp_per_floor":[67,60,60,59,65,65,63,48,48,0,0],"gold":184,"neow_bonus":"RANDOM_COMMON_RELIC","is_daily":false,"chose_seed":false,"campfire_upgraded":1,"win_rate":0.0,"timestamp":1611606070,"path_taken":["M","?","?","M","?","R","M","E","T","E"],"items_purchased_type":[],"build_version":"2020-12-22","purchased_purges":0,"victory":false,"max_hp_per_floor":[75,75,75,75,75,75,75,75,75,75,75],"relic_stats":{"Regal Pillow":0,"counters":[6,24],"Sundial":[0],"obtain_stats":[{"Regal Pillow":9,"Sundial":8,"Omamori":0,"Bag of Marbles":3,"Burning Blood":0},{"Regal Pillow":5,"Sundial":5,"Omamori":0,"Bag of Marbles":1,"Burning Blood":0},{"Regal Pillow":19,"Sundial":19,"Omamori":0,"Bag of Marbles":4,"Burning Blood":0}],"Burning Blood":30},"card_choices":[{"not_picked":["Reckless Charge","Battle Trance"],"picked":"Perfected Strike","floor":1.0},{"not_picked":["Warcry","Spot Weakness"],"picked":"Rampage","floor":4.0},{"not_picked":["Havoc","Flex","Entrench"],"picked":"SKIP","floor":5.0},{"not_picked":["Flex","Flame Barrier"],"picked":"Offering","floor":7.0},{"not_picked":["Body Slam","Hemokinesis"],"picked":"Whirlwind","floor":8.0}],"player_experience":460707,"relics_obtained":[{"floor":8.0,"key":"Sundial"},{"floor":9.0,"key":"Regal Pillow"}],"event_choices":[{"cards_removed":["Defend_R"],"damage_healed":0.0,"max_hp_gain":0.0,"max_hp_loss":0.0,"gold_gain":0.0,"event_name":"Golden Wing","player_choice":"Card Removal","floor":2.0,"gold_loss":0.0,"damage_taken":7.0},{"damage_healed":0.0,"max_hp_gain":0.0,"max_hp_loss":0.0,"gold_gain":0.0,"event_name":"WeMeetAgain","player_choice":"Gave Potion","floor":3.0,"gold_loss":0.0,"damage_taken":0.0,"relics_obtained":["Bag of Marbles"]}],"is_beta":false,"boss_relics":[],"items_purged_floors":[],"is_endless":false,"potions_floor_spawned":[1,4],"killed_by":"Lagavulin","ascension_level":19}}