{"host":"cgy","time":1611546841,"event":{"mods":["BaseMod","Downfall","Minty Spire (QoL Compilation)","StSLib","The Bug Knight","The Servant 0.9.4","Warlord Emblem"],"gold_per_floor":[99,119,119,132,42,53,80,65,77,88,73,91,104,119,137,233,233,233,246,246,246,47,65,89,50,50,66,66,66,66,80,92,190,190,190,205,225,239,41,57,57,76,8,21,35,111,111,159,174,174,174,174],"floor_reached":50,"language":"ZHS","playtime":2965,"items_purged":["bronze:Strike","downfall:Bewildered"],"score":544,"play_id":"8517fe24-6e8f-48ee-b8bc-435a96077244","local_time":"20210125115401","is_ascension_mode":false,"campfire_choices":[{"data":"bronze:Replicate","floor":1.0,"key":"SMITH"},{"data":"bronze:GetLatest","floor":18.0,"key":"SMITH"},{"data":"bronze:Fortify","floor":30.0,"key":"SMITH"},{"data":"bronze:SpaghettiCode","floor":35.0,"key":"SMITH"},{"data":"bronze:Mutator","floor":47,"key":"SMITH"}],"circlet_count":0,"master_deck":["bronze:Strike","bronze:Strike","bronze:Defend","bronze:Defend","bronze:Defend","bronze:Defend","bronze:Replicate+1","bronze:Goto","bronze:Optimize","bronze:Branch","bronze:Replicate+1","bronze:BronzeOrb","bronze:GetLatest+1","bronze:DelayedSlice","bronze:Frontload","bronze:Fortify+1","bronze:SpaghettiCode+1","bronze:FineTuning+1","expansioncontent:DashGenerateEvil+1","bronze:Branch+1","bronze:Repair","Necronomicurse","bronze:DelayedGuard","bronze:DelayedGuard","bronze:Mutator+1","bronze:BugBarrage+1","bronze:Branch+1","bronze:BuggyMess","bronze:Fortify+1","bronze:ForceShield","bronze:Branch+1"],"relics":["bronze:PlatinumCore","Vajra","sneckomod:BabySnecko","Molten Egg 2","Bag of Marbles","Necronomicon","bronze:BottledCode","Busted Crown","Medical Kit","Bronze Scales","Meat on the Bone","Pocketwatch"],"acts_visited":["Exordium","TheCity","TheBeyond"],"potions_floor_usage":[48,50],"damage_taken":[{"damage":2.0,"enemies":"Jaw Worm","floor":2.0,"turns":4.0},{"damage":0.0,"enemies":"Cultist","floor":4.0,"turns":3.0},{"damage":2.0,"enemies":"downfall:FleeingMerchant","floor":5.0,"turns":4.0},{"damage":4.0,"enemies":"Small Slimes","floor":6.0,"turns":2.0},{"damage":5.0,"enemies":"downfall:FleeingMerchant","floor":8.0,"turns":4.0},{"damage":0.0,"enemies":"Blue Slaver","floor":9.0,"turns":3.0},{"damage":0.0,"enemies":"2 Fungi Beasts","floor":10.0,"turns":1.0},{"damage":10.0,"enemies":"downfall:FleeingMerchant","floor":11.0,"turns":4.0},{"damage":10.0,"enemies":"Exordium Thugs","floor":12.0,"turns":3.0},{"damage":4.0,"enemies":"Large Slime","floor":13.0,"turns":4.0},{"damage":0.0,"enemies":"2 Fungi Beasts","floor":14.0,"turns":2.0},{"damage":0.0,"enemies":"Exordium Wildlife","floor":15.0,"turns":2.0},{"damage":2.0,"enemies":"DF_ARCHETYPE_STREAMLINE","floor":16.0,"turns":9.0},{"damage":0.0,"enemies":"3 Byrds","floor":19.0,"turns":4.0},{"damage":4.0,"enemies":"downfall:FleeingMerchant","floor":22.0,"turns":3.0},{"damage":0.0,"enemies":"Spheric Guardian","floor":23.0,"turns":2.0},{"damage":0.0,"enemies":"Chosen and Byrds","floor":27.0,"turns":3.0},{"damage":15.0,"enemies":"Snecko","floor":31.0,"turns":4.0},{"damage":1.0,"enemies":"Shelled Parasite and Fungi","floor":32.0,"turns":3.0},{"damage":0.0,"enemies":"WA_ARCHETYPE_CALM","floor":33.0,"turns":5.0},{"damage":22.0,"enemies":"3 Darklings","floor":36.0,"turns":5.0},{"damage":0.0,"enemies":"3 Shapes","floor":37.0,"turns":2.0},{"damage":19.0,"enemies":"Maw","floor":38.0,"turns":6.0},{"damage":0.0,"enemies":"Sphere and 2 Shapes","floor":40.0,"turns":3.0},{"damage":4.0,"enemies":"4 Shapes","floor":42.0,"turns":3.0},{"damage":0,"enemies":"Spire Growth","floor":44,"turns":4},{"damage":12,"enemies":"Writhing Mass","floor":45,"turns":6},{"damage":6,"enemies":"2 Orb Walkers","floor":48,"turns":6},{"damage":0,"enemies":"3 Darklings","floor":49,"turns":5},{"damage":132,"enemies":"IC_BLOCK_ARCHETYPE","floor":50,"turns":4}],"seed_played":"7623944524471366789","potions_obtained":[{"floor":9.0,"key":"ColorlessPotion"},{"floor":10.0,"key":"Fire Potion"},{"floor":12.0,"key":"FearPotion"},{"floor":13.0,"key":"Ancient Potion"},{"floor":15.0,"key":"Energy Potion"},{"floor":16.0,"key":"DuplicationPotion"},{"floor":21.0,"key":"CultistPotion"},{"floor":33.0,"key":"PowerPotion"},{"floor":37.0,"key":"Dexterity Potion"}],"is_trial":false,"path_per_floor":["R","M","?","M","$","M","T","$","M","M","$","M","M","M","M","B",null,"R","M","?","?","$","M","T","$","?","M","?","$","R","M","M","B",null,"R","M","M","M","$","M","T","M","$","M","M","?","R","?","M","B"],"character_chosen":"THE_AUTOMATON","items_purchased":["Molten Egg 2","expansioncontent:DashGenerateEvil+1","bronze:Repair","Medical Kit","bronze:BuggyMess","bronze:Fortify+1"],"campfire_rested":0,"item_purchase_floors":[22,22,25,39,39,43],"current_hp_per_floor":[70,68,68,68,66,62,62,57,57,57,47,37,33,33,33,31,70,70,70,70,70,66,66,66,66,50,50,50,50,50,42,51,58,60,60,38,45,34,34,34,34,37,37,47,42,42,42,43,51,0,0,0],"gold":174,"neow_bonus":"TRANSFORM_CARD","is_daily":false,"chose_seed":false,"campfire_upgraded":5,"win_rate":0.0,"timestamp":1611546841,"path_taken":["R","M","?","M","$","M","T","?","M","M","$","?","M","M","M","BOSS","R","M","?","?","$","M","T","$","?","M","?","?","R","?","M","BOSS","R","M","M","M","$","M","T","M","$","M","M","?","R","?","M","BOSS"],"items_purchased_type":["Relic","Card","Card","Relic","Card","Card"],"build_version":"2020-12-18","purchased_purges":2,"victory":false,"max_hp_per_floor":[70,70,70,70,70,70,70,70,70,70,70,70,70,70,70,70,70,70,70,70,70,70,70,70,70,70,70,60,60,60,60,60,60,60,60,60,60,60,60,60,60,60,60,60,60,60,60,60,60,60,60,60],"card_choices":[{"not_picked":["bronze:Deprecate","bronze:FollowUp"],"picked":"bronze:Branch","floor":2.0},{"not_picked":["bronze:BronzeArmor","bronze:Repulsor","bronze:Iterate"],"picked":"SKIP","floor":4.0},{"not_picked":["bronze:ClassDefault","bronze:BitShift"],"picked":"bronze:BronzeOrb","floor":5.0},{"not_picked":["bronze:WhirlingStrike","bronze:Overheat","bronze:ForLoop"],"picked":"SKIP","floor":6.0},{"not_picked":["bronze:BuggyMess","bronze:Overheat"],"picked":"bronze:GetLatest","floor":8.0},{"not_picked":["bronze:BugBarrage","bronze:FollowUp"],"picked":"bronze:DelayedSlice","floor":9.0},{"not_picked":["bronze:DarkDash","bronze:ForLoop","bronze:Shield"],"picked":"SKIP","floor":10.0},{"not_picked":["bronze:WildBeam","bronze:Overload","bronze:FollowUp"],"picked":"SKIP","floor":11.0},{"not_picked":["bronze:Flail","bronze:Overheat","bronze:Break"],"picked":"SKIP","floor":12.0},{"not_picked":["bronze:WhirlingStrike","bronze:Invalidate","bronze:Overheat"],"picked":"SKIP","floor":13.0},{"not_picked":["bronze:Allocate","bronze:Turbo"],"picked":"bronze:Frontload","floor":14.0},{"not_picked":["bronze:Shield","bronze:Turbo"],"picked":"bronze:Fortify","floor":15.0},{"not_picked":["bronze:Format","bronze:Assembly"],"picked":"bronze:SpaghettiCode","floor":16.0},{"not_picked":["bronze:Philosophize+1","bronze:ChildClass+1"],"picked":"bronze:FineTuning+1","floor":19.0},{"not_picked":["bronze:Safeguard+1","bronze:CloningBeam","bronze:WildBeam"],"picked":"SKIP","floor":22.0},{"not_picked":["bronze:BitShift","bronze:Safeguard+1"],"picked":"bronze:Branch+1","floor":23.0},{"not_picked":["bronze:Safeguard","bronze:ItsAFeature+1","bronze:DigitalCarnage+1"],"picked":"SKIP","floor":27.0},{"not_picked":["bronze:Iterate+1","bronze:Shield"],"picked":"bronze:DelayedGuard","floor":31.0},{"not_picked":["bronze:BronzeArmor","bronze:Frontload"],"picked":"bronze:DelayedGuard","floor":32.0},{"not_picked":["bronze:Format","bronze:FindAndReplace"],"picked":"bronze:Mutator","floor":33.0},{"not_picked":[],"picked":"bronze:BugBarrage+1","floor":36.0},{"not_picked":[],"picked":"bronze:Branch+1","floor":37.0},{"not_picked":["bronze:Invalidate+1"],"picked":"SKIP","floor":38.0},{"not_picked":["bronze:BronzeArmor+1"],"picked":"SKIP","floor":40.0},{"not_picked":["bronze:Invalidate+1"],"picked":"SKIP","floor":42.0},{"not_picked":[],"picked":"bronze:ForceShield","floor":44},{"not_picked":["bronze:DelayedGuard"],"picked":"SKIP","floor":45},{"not_picked":[],"picked":"bronze:Branch+1","floor":48},{"not_picked":["bronze:DelayedGuard"],"picked":"SKIP","floor":49}],"player_experience":147824,"relics_obtained":[{"floor":7.0,"key":"Vajra"},{"floor":24.0,"key":"Bag of Marbles"},{"floor":26.0,"key":"Necronomicon"},{"floor":41.0,"key":"Bronze Scales"},{"floor":46,"key":"Meat on the Bone"},{"floor":48,"key":"Pocketwatch"}],"event_choices":[{"damage_healed":0,"gold_gain":0,"player_choice":"Fight","damage_taken":0,"max_hp_gain":0,"max_hp_loss":0,"event_name":"Mysterious Sphere","floor":48,"gold_loss":0}],"is_beta":true,"boss_relics":[{"not_picked":["SlaversCollar","Pandora\u0027s Box"],"picked":"bronze:PlatinumCore"},{"not_picked":["Snecko Eye","Velvet Choker"],"picked":"Busted Crown"}],"items_purged_floors":[5,22],"is_endless":false,"potions_floor_spawned":[9,10,12,13,15,16,23,33,37,38,45],"killed_by":"IC_BLOCK_ARCHETYPE","ascension_level":0}}