{"host":"v3jf26dbm2nq3y14","time":1611580309,"event":{"mods":["100% Spire Juice","2.2 Compatiblity","Act Like it!","BaseMod","BetterRewards","Block Reminder","CapriCore","Card Filter","Chen","Colored Map","Colored Powertips","Custom Start","DeckTracker","Defuse TimeMaze Blight","Exacting","FoggyMod","Gensokyo","Highlight Path","Keyboard Shortcuts","Koishi","KomeijiMod","Marisa（霧雨　魔理沙）","Minty Spire (QoL Compilation)","Permanent Neow","Quick Restart","RNG Fix","Reimu（博??梦）","Relic Filter","Relic Sorter","Remove Card Discount Mod","SpireExporter+","StSLib","Synergy Search","The Administrix","The Immortal","Transform Curses","Unceasing Turn Reminder","WarShipGirlsR/??少女R mod","Yakumo Yukari mod","Yuyuko"],"gold_per_floor":[195,195,55,55,17,47,59,61,99,156,240,252,264,376,388,751,763,826,838,850,904,916,928,1033,1045,1084,1195,1207,1258,75,75,75,387,387,435,435,444,444,211,304,313,343,343,442,191,191,68,116,116,434,434,509,509,509,518,527,527,527,527],"floor_reached":58,"language":"ENG","playtime":5079,"items_purged":["Pain","Injury","Mirror_FormAndEmptin_purple"],"score":1259,"play_id":"f9bd342a-c9ab-4508-9436-329466c75240","local_time":"20210125131149","daily_mods":["SealedDeck","Vintage","Heirloom","Flight","Elite Swarm","Midas"],"is_ascension_mode":true,"campfire_choices":[{"floor":15.0,"key":"REST"},{"floor":23.0,"key":"REST"},{"floor":28.0,"key":"REST"},{"floor":32.0,"key":"REST"},{"floor":57,"key":"REST"}],"circlet_count":7,"master_deck":["StateDuplicate_purple","OpenedBox_purple","OpenedBox_purple","OmniscientAndOmnipotent_Monster_purple","Shallow_ocean_purpleEX","Boundary_DynamicStaticEquilibrium_purple","Umbrella_purple","WorldDissolvedintheRealm_purple","DimensionStaggered_purple","Shallow_ocean_purpleEX","GluttonyofRealm_purpleEX","MunenMusou+1","Know_ledgeAbilityRealm_purple","Apotheosis","Mirror_FourBoundary_purple","Monsters_DoubleDeathButterfly_purple","Gensokyo:ShootingStar","Gensokyo:DreamlikeParadise+1","Boundary_of_Extermination_purpleEX","CommonSense_AntiCommonSense_purple","Fantasy_PerpetualMotionMachine_purple","Fantasy_PerpetualMotionMachine_purple","CommonSense_AntiCommonSense_purple+1","CommonSense_AntiCommonSense_purple+1","Fantasy_PerpetualMotionMachine_purple","GluttonyofRealm_purpleEX+1","Pain"],"relics":["Boundary_crack","Memoryfragments_purpleEX","Parasol_purpleEX","KyoryuNoHagoromo","Gensokyo:LunaticRedEyes","Ginger","MawBank","Singing Bowl","Pear","Torii","HoshigumaDish","Ice Cream","PreservedInsect","Fusion Hammer","Incense Burner","Gensokyo:ConquerorOfFear","Circlet","Gensokyo:RedStar","Question Card","The Courier","Turnip","ThegodofHakurei_purpleEX","Happy Flower","Mastiff:ReiMu","Thread and Needle","CeramicFish","CrazyTorch:ReiMu","Gensokyo:DirgeOfMelancholy","RedLine:ReiMu","Mummified Hand","Toxic Egg 2","Nloth\u0027s Gift","Membership Card","Bird Faced Urn","GoodDreamPillow","Antimatter_spacedebris","Medical Kit","Gensokyo:OccultBall","Gensokyo:PerfectCherryBlossom"],"acts_visited":["Gensokyo:Gensokyo","Gensokyo:Gensokyoer","Gensokyo:Gensokyoest","Gensokyo:Gensokyo"],"potions_floor_usage":[50],"damage_taken":[{"damage":3.0,"enemies":"Gensokyo:3_Fairies","floor":1.0,"turns":3.0},{"damage":0.0,"enemies":"Gensokyo:Gryphon","floor":6.0,"turns":2.0},{"damage":0.0,"enemies":"Gensokyo:Python","floor":10.0,"turns":2.0},{"damage":1.0,"enemies":"Gensokyo:LivingMonolith","floor":11.0,"turns":3.0},{"damage":14.0,"enemies":"Gensokyo:Kokoro","floor":16.0,"turns":6.0},{"damage":21.0,"enemies":"Gensokyo:CosmicMonolith","floor":18.0,"turns":4.0},{"damage":1.0,"enemies":"Gensokyo:3_Dogs","floor":21.0,"turns":3.0},{"damage":41.0,"enemies":"Gensokyo:Koishi","floor":24.0,"turns":5.0},{"damage":28.0,"enemies":"Gensokyo:Tenshi","floor":27.0,"turns":3.0},{"damage":3.0,"enemies":"Gensokyo:3_Gloops","floor":29.0,"turns":4.0},{"damage":20.0,"enemies":"Gensokyo:Eternal_Rivals","floor":33.0,"turns":5.0},{"damage":0.0,"enemies":"Gensokyo:3_Bats","floor":35.0,"turns":2.0},{"damage":0.0,"enemies":"Gensokyo:3_Bats","floor":37.0,"turns":5.0},{"damage":3.0,"enemies":"Gensokyo:Kasen","floor":40.0,"turns":3.0},{"damage":8.0,"enemies":"Gensokyo:AncientGuardian","floor":42.0,"turns":4.0},{"damage":32.0,"enemies":"Gensokyo:Marisa","floor":44.0,"turns":3.0},{"damage":0,"enemies":"Gensokyo:Dusk_and_Dawn","floor":48,"turns":2},{"damage":0,"enemies":"Gensokyo:Scarlet_Devils","floor":50,"turns":4},{"damage":0,"enemies":"Gensokyo:3_Fairies","floor":52,"turns":3},{"damage":0,"enemies":"Gensokyo:Python","floor":58,"turns":1}],"seed_played":"290878784559046747","potions_obtained":[{"floor":1.0,"key":"CalmPotion"},{"floor":16.0,"key":"GamblersBrew"},{"floor":18.0,"key":"Fruit Juice"},{"floor":27.0,"key":"GrandPatriotsElixir:ReiMu"},{"floor":33.0,"key":"Dexterity Potion"},{"floor":42.0,"key":"ZuzhouPotion:ReiMu"},{"floor":52,"key":"SteroidPotion"},{"floor":52,"key":"Strength Potion"},{"floor":52,"key":"SteroidPotion"}],"is_trial":true,"path_per_floor":["M","?","M","?","COS","M","$","?","T","M","M","T","?","?","R","B",null,"M","?","?","M","?","R","E","COS","T","E","R","M","$","?","R","B",null,"M","?","?","?","COS","E","?","M","T","E","$","T","?","M","R","B",null,"M","?","?","?","?","R","M"],"character_chosen":"Youkari","items_purchased":["Turnip","Apotheosis","ThegodofHakurei_purpleEX","Happy Flower","Mastiff:ReiMu","Thread and Needle","Mirror_FourBoundary_purple","CeramicFish","CrazyTorch:ReiMu","Bird Faced Urn","Boundary_of_Extermination_purpleEX","CommonSense_AntiCommonSense_purple","Fantasy_PerpetualMotionMachine_purple","Fantasy_PerpetualMotionMachine_purple","CommonSense_AntiCommonSense_purple","CommonSense_AntiCommonSense_purple","Fantasy_PerpetualMotionMachine_purple"],"campfire_rested":5,"item_purchase_floors":[30,30,30,30,30,30,30,30,30,45,45,45,45,45,45,45,45],"current_hp_per_floor":[67,67,67,67,67,69,69,69,69,79,80,80,80,80,80,68,80,67,67,67,69,69,91,53,53,53,32,60,61,61,61,90,82,99,103,88,88,88,88,93,93,106,106,115,115,115,115,119,119,119,119,119,119,119,119,119,119,119,119],"gold":527,"neow_bonus":"","is_daily":false,"chose_seed":false,"campfire_upgraded":0,"win_rate":0.0,"timestamp":1611580309,"path_taken":["M","?","?","?","COS","?","?","?","T","?","?","?","?","?","R","BOSS","M","?","?","?","?","R","E","COS","T","E","R","?","?","?","R","BOSS","M","?","?","?","COS","E","?","?","T","E","$","?","?","?","R","BOSS","M","?","?","?","?","R","?"],"items_purchased_type":["Relic","Card","Relic","Relic","Relic","Relic","Card","Relic","Relic","Relic","Card","Card","Card","Card","Card","Card","Card"],"build_version":"2020-12-22","purchased_purges":3,"victory":false,"max_hp_per_floor":[70,70,70,70,70,70,70,70,70,80,80,80,80,80,80,80,80,88,88,88,91,91,91,91,91,91,96,96,99,99,99,99,99,99,103,103,103,103,103,103,103,106,106,115,115,115,115,119,119,119,119,119,119,119,119,119,119,119,119],"card_choices":[{"not_picked":["SharpContractionReality_purple","ExistenceContinue_purple"],"picked":"DimensionStaggered_purple","floor":4.0},{"not_picked":["ExistenceContinue_purple","EighthInstrument_OneDividesIntoTwo_purple"],"picked":"Shallow_ocean_purpleEX","floor":4.0},{"not_picked":["MagicEyes_LaplaceDemon_purple","Theboundaryofcreation_purpleEX"],"picked":"GluttonyofRealm_purpleEX","floor":16.0},{"not_picked":["UniverseChoice_purple","GluttonyofRealm_purpleEX"],"picked":"Know_ledgeAbilityRealm_purple","floor":24.0},{"not_picked":["Computing_the_future_purpleEX","MagicEyes_LaplaceDemon_purple","ProofOfUnderstanding_purple","Boundary_LifeAndDeath_purple"],"picked":"Singing Bowl","floor":27.0},{"not_picked":["LoveAcrossDimensions_purple","Price_of_realm_purpleEX","Boundary_LifeAndDeath_purple"],"picked":"Monsters_DoubleDeathButterfly_purple","floor":33.0},{"not_picked":[],"picked":"Gensokyo:ShootingStar","floor":33.0},{"not_picked":["Gensokyo:UnhurriedMind+1","Gensokyo:RisingWorld+1"],"picked":"Gensokyo:DreamlikeParadise+1","floor":37.0},{"not_picked":["Boundary_LifeAndDeath_purple+1","ContainerChange_purple","UniverseChoice_purple"],"picked":"WasteWire_Metro_purple","floor":40.0},{"not_picked":["ProofOfUnderstanding_purple","Price_of_realm_purpleEX+1","UniverseChoice_purple","MagicEyes_LaplaceDemon_purple+1"],"picked":"Singing Bowl","floor":44.0},{"not_picked":["Price_of_realm_purpleEX+1","D_absorption_purple+1","WangLiang_OokamiKakushi_purple"],"picked":"UniverseChoice_purple","floor":50}],"player_experience":411789,"relics_obtained":[{"floor":1.0,"key":"KyoryuNoHagoromo"},{"floor":6.0,"key":"MawBank"},{"floor":9.0,"key":"Singing Bowl"},{"floor":10.0,"key":"Torii"},{"floor":11.0,"key":"HoshigumaDish"},{"floor":12.0,"key":"Ice Cream"},{"floor":18.0,"key":"Incense Burner"},{"floor":21.0,"key":"Gensokyo:ConquerorOfFear"},{"floor":21.0,"key":"Circlet"},{"floor":24.0,"key":"Circlet"},{"floor":26.0,"key":"Question Card"},{"floor":27.0,"key":"The Courier"},{"floor":29.0,"key":"Circlet"},{"floor":35.0,"key":"Circlet"},{"floor":40.0,"key":"Toxic Egg 2"},{"floor":42.0,"key":"Nloth\u0027s Gift"},{"floor":43.0,"key":"Membership Card"},{"floor":44.0,"key":"Lee\u0027s Waffle"},{"floor":46,"key":"Circlet"},{"floor":48,"key":"Antimatter_spacedebris"},{"floor":52,"key":"Medical Kit"}],"event_choices":[],"is_beta":false,"boss_relics":[{"not_picked":["Seventeenyearold_girl_Forever","Black Star"],"picked":"Fusion Hammer"},{"not_picked":["SacredBark","SlaversCollar"],"picked":"RedLine:ReiMu"},{"not_picked":["Circlet","Circlet"],"picked":"Circlet"}],"items_purged_floors":[30,30,30],"is_endless":true,"potions_floor_spawned":[1,16,18,27,33,40,42,44,52],"killed_by":"Gensokyo:Python","ascension_level":1}}