{"host":"1zwnl30z3cyaxn7y","time":1611593454,"event":{"mods":["BaseMod","Downfall","Marisa£®ÏF”Í°°ƒß¿Ì…≥£©","Minty Spire (QoL Compilation)","Replay The Spire","StSLib","The Bug Knight","The Servant 0.9.4","Warlord Emblem"],"gold_per_floor":[111,125,125,136,147,147,176,194,275,287,287,300,312,168,168,265,265,280,297,48,0,0,20,20,51,51,51,51,71,71,89,89,104,104,209,209,223,241,251,104,104,104,0,10,10,10,41,57,57,57,57,57],"floor_reached":53,"language":"ZHS","playtime":2657,"items_purged":["WarlordEmblem:RuneStrike","WarlordEmblem:Defend_DK","WarlordEmblem:Defend_DK"],"score":563,"play_id":"f92068ab-81bd-475c-8f65-3cfb0881ac23","local_time":"20210126005054","is_ascension_mode":false,"campfire_choices":[{"data":"WarlordEmblem:WinterHorn","floor":6,"key":"SMITH"},{"data":"WarlordEmblem:LichBody","floor":11,"key":"SMITH"},{"data":"WarlordEmblem:RuneStrike","floor":15,"key":"PURGE"},{"data":"WarlordEmblem:FrozenHeart","floor":24,"key":"SMITH"},{"data":"WarlordEmblem:DarkSimulation","floor":30,"key":"SMITH"},{"data":"Metamorphosis","floor":42,"key":"SMITH"},{"data":"WarlordEmblem:ForceDeflexion","floor":46,"key":"SMITH"},{"data":"WarlordEmblem:HeartOfDeath","floor":49,"key":"SMITH"},{"data":"WarlordEmblem:RuneRegen","floor":51,"key":"SMITH"}],"circlet_count":0,"master_deck":["WarlordEmblem:RuneStrike","WarlordEmblem:RuneStrike","WarlordEmblem:Defend_DK","WarlordEmblem:RuneDefend","WarlordEmblem:FrozenStrike+1","WarlordEmblem:WindStrike","WarlordEmblem:HeartStrike","WarlordEmblem:WinterHorn+1","WarlordEmblem:FrozenDeath","WarlordEmblem:LichBody+1","WarlordEmblem:FrozenWill+1","WarlordEmblem:FrozenTouch","WarlordEmblem:DarkSimulation+1","WarlordEmblem:FrozenHeart+1","WarlordEmblem:FrozenWill+1","WarlordEmblem:WinterHorn","WarlordEmblem:DarkSimulation+1","WarlordEmblem:RuneRegen+1","WarlordEmblem:ForceDeflexion+1","Metamorphosis+1","WarlordEmblem:RuneRecover+1"],"relics":["WarlordEmblem:RuneSword","WarlordEmblem:IceRealm","Replay:Towering Pillar of Hats","Bottled Flame","Coffee Dripper","Membership Card","MutagenicStrength","CaptainsWheel","ReplayTheSpireMod:Ninjato","Runic Dome","Blue Candle","Red Mask","Incense Burner","Vajra"],"acts_visited":["Exordium","TheCity","TheBeyond"],"potions_floor_usage":[7,7,16,25,33,35,35,35,44,44,48],"damage_taken":[{"damage":0,"enemies":"2 Louse","floor":1,"turns":2},{"damage":2,"enemies":"Cultist","floor":2,"turns":5},{"damage":0,"enemies":"Jaw Worm","floor":4,"turns":2},{"damage":3,"enemies":"2 Fungi Beasts","floor":5,"turns":4},{"damage":17,"enemies":"Lagavulin","floor":7,"turns":7},{"damage":7,"enemies":"Red Slaver","floor":8,"turns":3},{"damage":12,"enemies":"Blue Slaver","floor":10,"turns":2},{"damage":9,"enemies":"2 Fungi Beasts","floor":12,"turns":3},{"damage":7,"enemies":"Red Slaver","floor":13,"turns":5},{"damage":8,"enemies":"Hexaghost","floor":16,"turns":15},{"damage":0,"enemies":"Shell Parasite","floor":18,"turns":8},{"damage":12,"enemies":"Chosen","floor":19,"turns":7},{"damage":0,"enemies":"Snake Plant","floor":23,"turns":4},{"damage":6,"enemies":"Book of Stabbing","floor":25,"turns":8},{"damage":5,"enemies":"Cultist and Chosen","floor":29,"turns":11},{"damage":1,"enemies":"Snecko","floor":31,"turns":8},{"damage":4,"enemies":"Snake Plant","floor":33,"turns":5},{"damage":61,"enemies":"Collector","floor":35,"turns":15},{"damage":1,"enemies":"3 Darklings","floor":37,"turns":9},{"damage":6,"enemies":"Orb Walker","floor":38,"turns":3},{"damage":14,"enemies":"3 Darklings","floor":39,"turns":5},{"damage":0,"enemies":"Transient","floor":44,"turns":5},{"damage":7,"enemies":"Giant Head","floor":47,"turns":8},{"damage":16,"enemies":"4 Shapes","floor":48,"turns":4},{"damage":70,"enemies":"Replay:Hell Engine","floor":52,"turns":11}],"seed_played":"-2076855748657187454","potions_obtained":[{"floor":2,"key":"Strength Potion"},{"floor":4,"key":"Ancient Potion"},{"floor":5,"key":"ColorlessPotion"},{"floor":13,"key":"SkillPotion"},{"floor":19,"key":"PowerPotion"},{"floor":25,"key":"Slimebound:ThreeZeroPotion"},{"floor":31,"key":"SpeedPotion"},{"floor":33,"key":"PowerPotion"},{"floor":38,"key":"AttackPotion"},{"floor":39,"key":"Block Potion"},{"floor":47,"key":"AttackPotion"}],"is_trial":false,"path_per_floor":["M","M","?","M","M","R","E","M","T","M","R","M","M","$","R","B",null,"M","M","$","?","?","M","R","E","PTL","PTL","T","M","R","M","?","M","R","B",null,"M","M","M","$","?","R","?","M","T","R","E","M","R","?","R","B",null],"character_chosen":"DeathKnight","items_purchased":["WarlordEmblem:DarkSimulation","Membership Card","Metamorphosis"],"campfire_rested":0,"item_purchase_floors":[14,20,40],"current_hp_per_floor":[80,78,78,78,75,75,58,51,51,39,39,30,23,23,23,15,80,80,68,68,68,68,68,68,62,62,62,62,57,57,56,56,54,78,17,80,79,73,59,59,54,54,54,54,54,54,47,34,34,90,90,29],"gold":57,"neow_bonus":"THREE_CARDS","is_daily":false,"chose_seed":false,"campfire_upgraded":8,"win_rate":0.0,"timestamp":1611593454,"path_taken":["M","M","?","M","?","R","E","M","T","M","R","M","M","$","R","BOSS","M","M","$","?","?","M","R","E","PTL","PTL","T","?","R","M","?","M","R","BOSS","M","M","M","$","?","R","?","M","T","R","E","M","R","?","R","BOSS"],"items_purchased_type":["Card","Relic","Card"],"build_version":"2020-12-22","purchased_purges":3,"victory":true,"max_hp_per_floor":[80,80,80,80,80,80,80,80,80,80,80,80,80,80,80,80,80,80,80,80,80,80,80,80,80,80,80,80,80,80,80,80,80,80,80,80,80,80,80,80,80,80,80,80,80,80,80,80,80,90,90,90],"card_choices":[{"not_picked":["WarlordEmblem:ForceDeflexion","WarlordEmblem:WillOfTheNecropolis"],"picked":"WarlordEmblem:WindStrike","floor":1},{"not_picked":["WarlordEmblem:Infect","WarlordEmblem:RuneFocus"],"picked":"WarlordEmblem:HeartStrike","floor":2},{"not_picked":["WarlordEmblem:BlackCommand","WarlordEmblem:CurseStrike","WarlordEmblem:Infect"],"picked":"SKIP","floor":4},{"not_picked":["WarlordEmblem:FrozenDeath","WarlordEmblem:DeathStrike"],"picked":"WarlordEmblem:WinterHorn","floor":5},{"not_picked":["WarlordEmblem:EvilWorm","WarlordEmblem:EvilPower"],"picked":"WarlordEmblem:FrozenDeath","floor":7},{"not_picked":["WarlordEmblem:AntiMagicShield","WarlordEmblem:RuneRecast","WarlordEmblem:RuneInspire"],"picked":"SKIP","floor":8},{"not_picked":["WarlordEmblem:EvilStrike","WarlordEmblem:RuneFocus"],"picked":"WarlordEmblem:LichBody","floor":10},{"not_picked":["WarlordEmblem:BloodStrike","WarlordEmblem:DiseaseCloud"],"picked":"WarlordEmblem:FrozenWill","floor":12},{"not_picked":["WarlordEmblem:EvilWorm","WarlordEmblem:WinterHorn"],"picked":"WarlordEmblem:FrozenTouch","floor":13},{"not_picked":["WarlordEmblem:EvilEager","WarlordEmblem:CurseBlade"],"picked":"WarlordEmblem:FrozenHeart","floor":16},{"not_picked":["WarlordEmblem:DeathContract+1","WarlordEmblem:DeathStrike","WarlordEmblem:Infect"],"picked":"SKIP","floor":18},{"not_picked":["WarlordEmblem:DeathCoil","WarlordEmblem:BodyStrike","WarlordEmblem:CurseStrike"],"picked":"SKIP","floor":19},{"not_picked":["WarlordEmblem:BoneShield","WarlordEmblem:HeartStrike+1"],"picked":"WarlordEmblem:FrozenWill+1","floor":23},{"not_picked":["WarlordEmblem:Annihilation","WarlordEmblem:RuneInspire","WarlordEmblem:RuneFocus"],"picked":"SKIP","floor":25},{"not_picked":["WarlordEmblem:RuneDiffer+1","WarlordEmblem:EvilSee"],"picked":"WarlordEmblem:WinterHorn","floor":29},{"not_picked":["WarlordEmblem:RealmRider","WarlordEmblem:DeathShake+1"],"picked":"WarlordEmblem:DarkSimulation+1","floor":31},{"not_picked":["WarlordEmblem:NoLightShield","WarlordEmblem:DeathStrike"],"picked":"WarlordEmblem:RuneRegen","floor":33},{"not_picked":["WarlordEmblem:VoidDefend","WarlordEmblem:FrozenDeath"],"picked":"WarlordEmblem:ForceDeflexion","floor":37},{"not_picked":["WarlordEmblem:Infect","WarlordEmblem:DeathContract+1","WarlordEmblem:EvilSee"],"picked":"SKIP","floor":38},{"not_picked":["WarlordEmblem:WinterHorn+1","WarlordEmblem:DeathCoil"],"picked":"WarlordEmblem:HeartOfDeath","floor":39},{"not_picked":["WarlordEmblem:Potential","WarlordEmblem:Annihilation","WarlordEmblem:BlackCommand"],"picked":"SKIP","floor":44},{"not_picked":["WarlordEmblem:WillOfTheNecropolis+1","WarlordEmblem:DeathCoil"],"picked":"WarlordEmblem:RuneRecover+1","floor":47},{"not_picked":["WarlordEmblem:BodyStrike","WarlordEmblem:RealmStorm+1","WarlordEmblem:VoidStrike+1"],"picked":"SKIP","floor":48}],"player_experience":309620,"relics_obtained":[{"floor":7,"key":"Replay:Towering Pillar of Hats"},{"floor":9,"key":"Bottled Flame"},{"floor":25,"key":"CaptainsWheel"},{"floor":28,"key":"ReplayTheSpireMod:Ninjato"},{"floor":45,"key":"Incense Burner"},{"floor":47,"key":"Vajra"}],"event_choices":[{"damage_healed":0,"gold_gain":0,"player_choice":"Upgraded","damage_taken":0,"max_hp_gain":0,"max_hp_loss":0,"event_name":"Upgrade Shrine","floor":3,"gold_loss":0,"cards_upgraded":["WarlordEmblem:FrozenStrike"]},{"damage_healed":0,"gold_gain":0,"player_choice":"Paid Fearfully","damage_taken":0,"max_hp_gain":0,"max_hp_loss":0,"event_name":"Masked Bandits","floor":21,"gold_loss":48},{"damage_healed":0,"gold_gain":0,"player_choice":"Inject Mutagens","damage_taken":0,"relics_obtained":["MutagenicStrength"],"max_hp_gain":0,"max_hp_loss":0,"event_name":"Drug Dealer","floor":22,"gold_loss":0},{"cards_removed":["WarlordEmblem:Defend_DK"],"damage_healed":0,"gold_gain":0,"player_choice":"Purged","damage_taken":0,"max_hp_gain":0,"max_hp_loss":0,"event_name":"Purifier","floor":32,"gold_loss":0},{"damage_healed":0,"gold_gain":0,"player_choice":"Paid","damage_taken":0,"relics_obtained":["Red Mask"],"max_hp_gain":0,"max_hp_loss":0,"event_name":"Tomb of Lord Red Mask","floor":43,"gold_loss":104},{"cards_removed":["WarlordEmblem:HeartOfDeath"],"damage_healed":46,"gold_gain":0,"player_choice":"Offered Rare","damage_taken":0,"max_hp_gain":10,"max_hp_loss":0,"event_name":"Bonfire Elementals","floor":50,"gold_loss":0}],"is_beta":false,"boss_relics":[{"not_picked":["Abe\u0027s Treasure","Ectoplasm"],"picked":"Coffee Dripper"},{"not_picked":["Kintsugi","Astrolabe"],"picked":"Runic Dome"}],"items_purged_floors":[14,20,40],"is_endless":false,"potions_floor_spawned":[2,4,5,13,19,25,31,33,38,39,47],"ascension_level":0}}