{"host":"8is2j71l4wmybkoi","time":1611587420,"event":{"mods":["AchievementEnabler","BaseMod","Colored Map","Minty Spire (QoL Compilation)","Rare Cards Sparkle","StSLib","SuperFastMode"],"gold_per_floor":[112,129,148,165,177,177,195,195,195,206,206,206,241,254,254,254,254],"floor_reached":16,"language":"KOR","playtime":383,"items_purged":[],"score":232,"play_id":"426d3652-c47f-4182-8d18-b68031596029","local_time":"20210126001020","is_ascension_mode":true,"campfire_choices":[{"data":"Zap","floor":6,"key":"SMITH"},{"data":"Sweeping Beam","floor":8,"key":"SMITH"},{"floor":12,"key":"REST"},{"data":"Streamline","floor":15,"key":"SMITH"}],"circlet_count":0,"master_deck":["AscendersBane","Strike_B","Strike_B","Strike_B","Strike_B","Defend_B","Defend_B","Defend_B","Defend_B","Zap+1","Dualcast","Streamline+1","FTL","Cold Snap","Doom and Gloom","Sweeping Beam+1","Coolheaded","Barrage","Hello World"],"relics":["Cracked Core","Strawberry","Pear"],"acts_visited":["Exordium"],"potions_floor_usage":[16,16],"damage_taken":[{"damage":1,"enemies":"2 Louse","floor":1,"turns":2},{"damage":7,"enemies":"Small Slimes","floor":2,"turns":3},{"damage":2,"enemies":"Jaw Worm","floor":3,"turns":3},{"damage":18,"enemies":"3 Louse","floor":4,"turns":3},{"damage":10,"enemies":"2 Fungi Beasts","floor":5,"turns":3},{"damage":12,"enemies":"Red Slaver","floor":7,"turns":2},{"damage":21,"enemies":"Exordium Thugs","floor":10,"turns":4},{"damage":10,"enemies":"3 Sentries","floor":13,"turns":5},{"damage":5,"enemies":"2 Fungi Beasts","floor":14,"turns":3},{"damage":22,"enemies":"The Guardian","floor":16,"turns":6}],"seed_played":"-1673899887087530509","potions_obtained":[{"floor":7,"key":"FearPotion"},{"floor":10,"key":"Swift Potion"}],"is_trial":false,"path_per_floor":["M","M","M","M","M","R","M","R","T","M","?","R","E","M","R","B"],"character_chosen":"DEFECT","items_purchased":[],"campfire_rested":1,"item_purchase_floors":[],"current_hp_per_floor":[70,63,61,43,33,33,21,21,28,7,2,27,27,22,22,0,0],"gold":254,"neow_bonus":"TEN_PERCENT_HP_BONUS","is_daily":false,"chose_seed":false,"campfire_upgraded":3,"win_rate":0.0,"timestamp":1611587420,"path_taken":["M","M","M","M","M","R","M","R","T","M","?","R","E","M","R","BOSS"],"items_purchased_type":[],"build_version":"2020-12-22","purchased_purges":0,"victory":false,"max_hp_per_floor":[78,78,78,78,78,78,78,78,85,85,85,85,95,95,95,95,95],"card_choices":[{"not_picked":["Go for the Eyes","Leap"],"picked":"Streamline","floor":1},{"not_picked":["Genetic Algorithm","Barrage"],"picked":"FTL","floor":2},{"not_picked":["Streamline","Leap"],"picked":"Cold Snap","floor":3},{"not_picked":["Redo","Leap"],"picked":"Doom and Gloom","floor":4},{"not_picked":["Thunder Strike","Self Repair"],"picked":"Sweeping Beam","floor":5},{"not_picked":["Doom and Gloom","Cold Snap"],"picked":"Coolheaded","floor":7},{"not_picked":["Coolheaded","Streamline","Force Field"],"picked":"SKIP","floor":10},{"not_picked":["Lockon","Coolheaded"],"picked":"Barrage","floor":13},{"not_picked":["Cold Snap","Scrape"],"picked":"Hello World","floor":14}],"player_experience":799937,"relics_obtained":[{"floor":9,"key":"Strawberry"},{"floor":13,"key":"Pear"}],"event_choices":[{"damage_healed":0,"gold_gain":0,"player_choice":"Fled","damage_taken":5,"max_hp_gain":0,"max_hp_loss":0,"event_name":"Scrap Ooze","floor":11,"gold_loss":0}],"is_beta":false,"boss_relics":[],"items_purged_floors":[],"is_endless":false,"potions_floor_spawned":[7,10],"killed_by":"The Guardian","ascension_level":19}}