{"host":"pgm1p3lvdjflie30","time":1611553278,"event":{"mods":["100% Spire Juice","ATMod(阿瑾Mod)","AchievementEnabler","Act Like it!","Aspiration","Astrologer","Bard","BaseMod","Block Reminder","Challenge The Spire","Colored Map","Colored Powertips","Conspire","Dark Map","Downfall","Energized Spire","Gensokyo","Gremlin Mod","GungeonMod","Hermit","Highlight Path","HornydragonMod","Hunter ?人","Jedi Mod","Koishi","KomeijiMod","LagranYue(拉格朗·月)","Luminous","Minty Spire (QoL Compilation)","MostiFishMod","Nova Terra(?娃·泰拉)","Quarter Circle Forward PUNCH!","Reimu（博???）","Relic Sorter","Replay The Spire","Robot Space Explorer","SOS（斯巴?之子）","StSLib","TestMod","The Alterego","The Blackbeard","The Bladedancer","The Bug Knight","The Cursed","The Dragon Tamer","The Gatherer","The Hayseed","The Hierophant","The IronCluck","The Jungle","The Mystic","The Poker Player","The Runesmith","The Saiyan","The Senshi","The Showman","TheHeartMod","Waifu the Spire","Warlord Emblem","Wide Potions","Youmu（魂魄妖?）","Yuri Mod","【功能Mod】混沌之?修复?丁","【?物卡牌】REMEMod","篝火指南"],"gold_per_floor":[99,117,567,417,431,42,42,53,53,73,73,101,1,33,51,152,152,152,162,181,224,241,241,268,285,303,323,323,523,555,570,589,685,685,585,603,205,242,242,276,276,301,301,138,138,182,257,349,377,443,443,583,49,49,115,272],"floor_reached":57,"language":"ZHS","playtime":3364,"items_purged":[],"score":1668,"play_id":"0074dce6-58f8-4b20-bd52-469b6ce16aed","local_time":"20210125134118","is_ascension_mode":false,"campfire_choices":[{"floor":1,"key":"RECALL"},{"data":"AT_FamilyPortrait","floor":9,"key":"SMITH"},{"data":"Koishi:DreadfulBlow","floor":11,"key":"SMITH"},{"data":"Guardian:HyperBeam_Guardian","floor":13,"key":"SMITH"},{"floor":18,"key":"REST"},{"data":"Guardian:WalkerClaw","floor":23,"key":"SMITH"},{"data":"Guardian:RollAttack","floor":28,"key":"SMITH"},{"floor":35,"key":"DIG"},{"data":"expansioncontent:DashGenerateEvil","floor":45,"key":"SMITH"},{"data":"expansioncontent:DashGenerateEvil","floor":54,"key":"SMITH"}],"circlet_count":0,"master_deck":["Guardian:Strike_Guardian","Guardian:Strike_Guardian","Guardian:Strike_Guardian","Guardian:Strike_Guardian","Guardian:Defend_Guardian","Guardian:Defend_Guardian","Guardian:Defend_Guardian","Guardian:Defend_Guardian","Guardian:CurlUp","Guardian:TwinSlam","AT_FamilyPortrait+1","Koishi:DreadfulBlow+1","Guardian:Incinerate","downfall:Icky","downfall:Icky","downfall:Icky","Guardian:PrimingBeam","Guardian:WalkerClaw","Guardian:Reroute","Guardian:HyperBeam_Guardian+1","Guardian:PrimingBeam","Guardian:TimeSifter","Guardian:RollAttack+1","Guardian:WalkerClaw+1","Guardian:FloatingOrbs","downfall:Haunted","Guardian:Emergency","Guardian:RollAttack+1","Decay","expansioncontent:DashGenerateEvil+1","Guardian:Incinerate+1","expansioncontent:DashGenerateEvil+1","downfall:Malfunctioning","REME_EyeOfCthun","Guardian:Gem_Blue","Guardian:Gem_Red","Guardian:CrystalBeam"],"relics":["Guardian:ModeShifter","DemoMod:Bottle","DemoMod:PoisonVial","LagranYue:RandomDrawCardRelic","testmod-TestBox","REME_ComplimentaryCards","DaveBox","AT_ATBox","ExusiaiGun","testmod-D_4","downfall:HeartBlessingRed","theSenshi:SailorFukuRelic","Orichalcum","Replay:Towering Pillar of Hats","downfall:HeartBlessingBlue","ReplayTheSpireMod:Shallot","jedi:paperlyon","Replay:Ringing Soul","Replay:Mystery Machine","Bronze Scales","aspiration:MobileForge","downfall:HeartBlessingGreen","ReplayTheSpireMod:CursedCoin","Replay:Bandana","Pear","WarlordEmblem:SmileMask","WarlordEmblem:GoldMime","aspiration:HiddenCompartment","WarlordEmblem:MantleJean","Pen Nib","Membership Card"],"acts_visited":["Exordium","TheCity","TheBeyond","TheEnding"],"potions_floor_usage":[15,21,40,48,48,48,55,55,56],"damage_taken":[{"damage":0,"enemies":"2 Louse","floor":2,"turns":1},{"damage":8,"enemies":"conspire:RoseBush","floor":5,"turns":1},{"damage":0,"enemies":"Jaw Worm","floor":8,"turns":1},{"damage":14,"enemies":"Lots of Slimes","floor":10,"turns":3},{"damage":0,"enemies":"Lagavulin","floor":12,"turns":2},{"damage":2,"enemies":"3 Sentries","floor":14,"turns":3},{"damage":0,"enemies":"Exordium Thugs","floor":15,"turns":1},{"damage":5,"enemies":"WA_ARCHETYPE_RETAIN","floor":16,"turns":3},{"damage":6,"enemies":"Chosen","floor":19,"turns":1},{"damage":3,"enemies":"3 Cultists","floor":20,"turns":2},{"damage":3,"enemies":"downfall:FleeingMerchant","floor":21,"turns":3},{"damage":8,"enemies":"Snake Plant","floor":22,"turns":2},{"damage":17,"enemies":"conspire:HollyBat","floor":25,"turns":7},{"damage":1,"enemies":"Cultist and Chosen","floor":26,"turns":1},{"damage":2,"enemies":"3 Cultists","floor":27,"turns":2},{"damage":0,"enemies":"Gremlin Leader","floor":30,"turns":1},{"damage":2,"enemies":"Snake Plant","floor":31,"turns":1},{"damage":2,"enemies":"conspire:HollyBat","floor":32,"turns":4},{"damage":24,"enemies":"SI_MIRROR_ARCHETYPE","floor":33,"turns":3},{"damage":3,"enemies":"3 Shapes","floor":36,"turns":2},{"damage":0,"enemies":"Orb Walker","floor":38,"turns":1},{"damage":2,"enemies":"Sphere and 2 Shapes","floor":40,"turns":1},{"damage":0,"enemies":"Jaw Worm Horde","floor":46,"turns":2},{"damage":3,"enemies":"Giant Head","floor":47,"turns":1},{"damage":14,"enemies":"Transient","floor":48,"turns":4},{"damage":9,"enemies":"4 Shapes","floor":49,"turns":1},{"damage":50,"enemies":"DF_ARCHETYPE_ORBS","floor":50,"turns":4},{"damage":0,"enemies":"downfall:CharBossMerchant","floor":52,"turns":6},{"damage":12,"enemies":"downfall:NeowBoss","floor":55,"turns":4},{"damage":101,"enemies":"downfall:NeowBossFinal","floor":56,"turns":13}],"seed_played":"4364113931347568768","potions_obtained":[{"floor":2,"key":"Fire Potion"},{"floor":14,"key":"jedi:StrikingPotion"},{"floor":15,"key":"Languid Potion"},{"floor":22,"key":"SkillPotion"},{"floor":40,"key":"testmod-TestPotion"},{"floor":49,"key":"SpeedPotion"}],"is_trial":false,"path_per_floor":["R_BF","M","?","?","M","R","T","M","R","M","R","E","R","E","M","B",null,"R_BF","M","M","$","M","R","T","M","M","M","R","?","E","M","M","B",null,"R_BF","M","$","M","?","M","T","T","?","$","R","M","E","M","M","B",null,"E","$","R","B","B",null],"character_chosen":"GUARDIAN","items_purchased":["theSenshi:SailorFukuRelic","Orichalcum","Replay:Ringing Soul","ReplayTheSpireMod:CursedCoin","DemoMod:PoisonVial","Replay:Bandana","Fire Potion","expansioncontent:DashGenerateEvil","REME_EyeOfCthun","WarlordEmblem:MantleJean","Pen Nib","Membership Card","Fire Potion","testmod-SpacePotion","Weak Potion"],"campfire_rested":1,"item_purchase_floors":[6,6,21,37,37,37,37,37,44,53,53,53,53,53,53],"current_hp_per_floor":[88,88,88,98,93,93,93,97,97,83,83,83,93,91,91,86,108,108,102,99,96,91,91,91,82,89,93,93,96,99,100,109,88,135,135,135,138,141,144,145,155,155,155,158,158,161,161,150,144,94,175,178,178,178,166,70],"gold":272,"neow_bonus":"TEN_PERCENT_HP_BONUS","is_daily":false,"chose_seed":false,"campfire_upgraded":7,"win_rate":0.0,"timestamp":1611553278,"path_taken":["R_BF","M","?","?","M","R","T","M","R","?","R","E","R","E","M","BOSS","R_BF","M","M","?","M","R","T","M","?","M","R","?","E","M","M","BOSS","R_BF","M","$","M","?","?","T","?","?","$","R","?","E","M","M","BOSS","E","$","R","BOSS","BOSS"],"items_purchased_type":["Relic","Relic","Relic","Relic","Relic","Relic","Potion","Card","Card","Relic","Relic","Relic","Potion","Potion","Potion"],"build_version":"2020-12-22","purchased_purges":0,"victory":true,"max_hp_per_floor":[88,88,88,98,98,98,98,98,98,98,98,98,108,108,108,108,108,108,108,108,108,111,111,111,114,117,120,120,123,126,129,132,135,135,135,138,141,144,147,150,160,160,160,163,163,166,169,172,175,175,175,178,178,178,178,178],"card_choices":[{"not_picked":["Guardian:DecasProtection","Guardian:ChargeCore"],"picked":"Guardian:Incinerate","floor":2},{"not_picked":["Guardian:VentSteam","Guardian:CrystalBeam"],"picked":"Guardian:PrimingBeam","floor":5},{"not_picked":["Guardian:RefractedBeam","Guardian:AncientConstruct"],"picked":"Guardian:WalkerClaw","floor":8},{"not_picked":["Guardian:TemporalShield","Guardian:Suspension"],"picked":"Guardian:Reroute","floor":10},{"not_picked":["Guardian:Gem_Orange","Guardian:ShieldSpikes"],"picked":"Guardian:HyperBeam_Guardian","floor":12},{"not_picked":["Guardian:Incinerate","Guardian:ShieldSpikes"],"picked":"Guardian:PrimingBeam","floor":14},{"not_picked":["Guardian:DecasProtection","Guardian:Emergency"],"picked":"Guardian:Gem_Green","floor":15},{"not_picked":["Guardian:ConstructionForm","Guardian:HyperBeam_Guardian"],"picked":"Guardian:TimeSifter","floor":16},{"not_picked":["Guardian:PrimingBeam","Guardian:Planning+1"],"picked":"Guardian:Gem_Red","floor":19},{"not_picked":["Guardian:Gem_Cyan","Guardian:Planning"],"picked":"Guardian:RollAttack","floor":20},{"not_picked":["Guardian:ShieldCharger","Guardian:TemporalShield+1"],"picked":"Guardian:WalkerClaw","floor":21},{"not_picked":["Guardian:Reroute+1","Guardian:Incinerate"],"picked":"Guardian:Gem_Cyan","floor":22},{"not_picked":["Guardian:Reroute","Guardian:BodySlam"],"picked":"Guardian:FloatingOrbs","floor":25},{"not_picked":["Guardian:PrismaticBeam","Guardian:GuardianWhirl+1"],"picked":"Guardian:Gem_Cyan","floor":26},{"not_picked":["Guardian:Planning","Guardian:VentSteam"],"picked":"Guardian:Gem_Red","floor":27},{"not_picked":["Guardian:ShieldCharger","Guardian:TemporalStrike"],"picked":"Guardian:Emergency","floor":30},{"not_picked":["Guardian:ShieldCharger","Guardian:Suspension+1"],"picked":"Guardian:Gem_Red","floor":31},{"not_picked":["Guardian:VentSteam","Guardian:WalkerClaw"],"picked":"Guardian:RollAttack+1","floor":32},{"not_picked":["Guardian:SphericShield","Guardian:ConstructionForm"],"picked":"Guardian:Gem_Orange","floor":33},{"not_picked":["Guardian:Gem_Lightblue","Guardian:Suspension"],"picked":"Guardian:Gem_Green","floor":36},{"not_picked":["Guardian:PrismaticBarrier","Guardian:WalkerClaw+1"],"picked":"Guardian:Incinerate+1","floor":38},{"not_picked":["Guardian:VentSteam+1","Guardian:FloatingOrbs+1"],"picked":"Guardian:Gem_Cyan","floor":40},{"not_picked":["Guardian:ShieldCharger","Guardian:Emergency+1"],"picked":"Guardian:Gem_Fragmented","floor":46},{"not_picked":["Guardian:TimeCapacitor","Guardian:Gem_Synthetic"],"picked":"Guardian:Gem_Blue","floor":47},{"not_picked":["Guardian:RefractedBeam+1","Guardian:PrismaticBarrier+1"],"picked":"Guardian:Gem_Red","floor":48},{"not_picked":["Guardian:ArmoredProtocol","Guardian:Planning"],"picked":"Guardian:CrystalBeam","floor":49},{"not_picked":["Guardian:Suspension","Guardian:ArmoredProtocol+1"],"picked":"Guardian:Gem_Cyan","floor":52}],"player_experience":335292,"relics_obtained":[{"floor":12,"key":"Replay:Towering Pillar of Hats"},{"floor":14,"key":"ReplayTheSpireMod:Shallot"},{"floor":24,"key":"Replay:Mystery Machine"},{"floor":30,"key":"Bronze Scales"},{"floor":35,"key":"DemoMod:Bottle"},{"floor":41,"key":"Pear"},{"floor":42,"key":"WarlordEmblem:SmileMask"},{"floor":47,"key":"WarlordEmblem:GoldMime"},{"floor":52,"key":"aspiration:HiddenCompartment"}],"event_choices":[],"is_beta":false,"boss_relics":[{"not_picked":["Replay:Wanted Poster","testmod-Recursion"],"picked":"jedi:paperlyon"},{"not_picked":["energizedSpire:MagnifyingGlass","LagranYue:SoulBurningRelic"],"picked":"aspiration:MobileForge"}],"items_purged_floors":[],"is_endless":false,"potions_floor_spawned":[2,8,10,14,15,20,22,26,27,30,32,33,40,47,49],"ascension_level":0}}