{"host":"qy6st0zp32tctd9l","time":1611579315,"event":{"mods":["BaseMod","Colored Map","Downfall","GifTheSpireLib","Hermit","Marisa£®ÏF”Í°°ƒß¿Ì…≥£©","Minty Spire (QoL Compilation)","Remilia£®¿Ÿ√◊¿Ú—«£©","StSLib","The Cursed","The Servant 0.9.4","UnlockEverythingMod"],"gold_per_floor":[110,128,147,164,177,177,209,209,279,604,604,604,679,696,696,793,793,813,912,912,372,384,384,384,384,384],"floor_reached":25,"language":"ZHS","playtime":1127,"items_purged":["Strike_S"],"score":398,"play_id":"84760e2e-e556-409e-b4d6-9e6afbb93af4","local_time":"20210125205515","is_ascension_mode":true,"campfire_choices":[{"data":"MurderousAura","floor":6.0,"key":"SMITH"},{"data":"FloweringNight","floor":8.0,"key":"SMITH"},{"data":"SilverMatrix","floor":12.0,"key":"SMITH"},{"data":"PendulumOfEternity","floor":15.0,"key":"SMITH"},{"floor":24,"key":"RECALL"}],"circlet_count":0,"master_deck":["Defend_S","Defend_S","Defend_S","Defend_S","KidneyShot","Exchange","MurderousAura+1","Potential","Alleviate","DoubleEdge","BottledTime","SilverMatrix+1","FloweringNight+1","SpecialFormula","PendulumOfEternity+1","FlawlessForm","Sadistic Nature","FastForward","BottledTime","InstantArmor"],"relics":["Uniform","Letter Opener","Matryoshka","Old Coin","Empty Cage","Membership Card","RomanBracelet"],"acts_visited":["Exordium","TheCity"],"potions_floor_usage":[23],"damage_taken":[{"damage":0.0,"enemies":"Cultist","floor":1.0,"turns":5.0},{"damage":7.0,"enemies":"Small Slimes","floor":2.0,"turns":3.0},{"damage":0.0,"enemies":"Jaw Worm","floor":3.0,"turns":4.0},{"damage":0.0,"enemies":"Large Slime","floor":4.0,"turns":8.0},{"damage":3.0,"enemies":"Looter","floor":5.0,"turns":4.0},{"damage":0.0,"enemies":"Lagavulin","floor":7.0,"turns":7.0},{"damage":22.0,"enemies":"3 Sentries","floor":10.0,"turns":8.0},{"damage":7.0,"enemies":"Exordium Wildlife","floor":14.0,"turns":2.0},{"damage":0.0,"enemies":"Slime Boss","floor":16.0,"turns":6.0},{"damage":18.0,"enemies":"3 Byrds","floor":18.0,"turns":6.0},{"damage":2.0,"enemies":"Chosen","floor":22.0,"turns":4.0},{"damage":0,"enemies":"Slavers","floor":23,"turns":1},{"damage":18,"enemies":"Book of Stabbing","floor":25,"turns":5}],"seed_played":"-220083517999297047","potions_obtained":[{"floor":1.0,"key":"Fire Potion"},{"floor":5.0,"key":"GamblersBrew"},{"floor":7.0,"key":"SneckoOil"},{"floor":10.0,"key":"Fire Potion"},{"floor":16.0,"key":"CultistPotion"}],"is_trial":false,"path_per_floor":["M","M","M","M","M","R","E","R","T","E","?","R","?","M","R","B",null,"M","?","?","$","M","E","R","E"],"character_chosen":"THE_SERVANT","items_purchased":["Membership Card","RomanBracelet","Sadistic Nature","Regen Potion","SmokeBomb","FastForward","BottledTime"],"campfire_rested":0,"item_purchase_floors":[21,21,21,21,21,21,21],"current_hp_per_floor":[59,52,52,52,49,49,49,49,49,27,27,27,16,14,14,19,49,36,36,26,26,38,38,38,25,25],"gold":384,"neow_bonus":"THREE_RARE_CARDS","is_daily":false,"chose_seed":false,"campfire_upgraded":4,"win_rate":0.0,"timestamp":1611579315,"path_taken":["M","?","M","M","M","R","E","R","T","E","?","R","?","M","R","BOSS","M","?","?","?","?","E","R","E"],"items_purchased_type":["Relic","Relic","Card","Potion","Potion","Card","Card"],"build_version":"2020-12-22","purchased_purges":1,"victory":false,"max_hp_per_floor":[59,59,59,59,59,59,59,59,59,59,59,59,59,59,59,59,59,59,59,64,64,64,64,64,64,64],"card_choices":[{"not_picked":["TrueSight","Solidify"],"picked":"MurderousAura","floor":0.0},{"not_picked":["FanOfKnives","Defy"],"picked":"Potential","floor":1.0},{"not_picked":["Unruled","TimeWarp"],"picked":"Alleviate","floor":2.0},{"not_picked":["ReturningBlade","ShatteredReality"],"picked":"DoubleEdge","floor":3.0},{"not_picked":["Spin","Rearm"],"picked":"BottledTime","floor":4.0},{"not_picked":["Alleviate","FastForward"],"picked":"SilverMatrix","floor":5.0},{"not_picked":["Revamp","ShatteredReality"],"picked":"FloweringNight","floor":7.0},{"not_picked":["RealityMarble","Rearm"],"picked":"SpecialFormula","floor":10.0},{"not_picked":["ShatteredReality","Unruled"],"picked":"PendulumOfEternity","floor":14.0},{"not_picked":["MurderousAura","KillingDoll"],"picked":"FlawlessForm","floor":16.0},{"not_picked":["Snipe","Starlight+1","Alleviate"],"picked":"SKIP","floor":18.0},{"not_picked":["Revamp","Shuttle"],"picked":"InstantArmor","floor":22.0}],"player_experience":181933,"relics_obtained":[{"floor":7.0,"key":"Letter Opener"},{"floor":9.0,"key":"Matryoshka"},{"floor":10.0,"key":"Old Coin"}],"event_choices":[{"cards_removed":["Strike_S"],"damage_healed":0.0,"max_hp_gain":0.0,"max_hp_loss":0.0,"gold_gain":0.0,"event_name":"Living Wall","player_choice":"Forget","floor":11.0,"gold_loss":0.0,"damage_taken":0.0},{"damage_healed":0.0,"max_hp_gain":0.0,"max_hp_loss":0.0,"gold_gain":75.0,"event_name":"World of Goop","player_choice":"Gather Gold","floor":13.0,"gold_loss":0.0,"damage_taken":11.0},{"damage_healed":0.0,"max_hp_gain":0.0,"max_hp_loss":0.0,"gold_gain":99.0,"event_name":"Nest","player_choice":"Stole From Cult","floor":19.0,"gold_loss":0.0,"damage_taken":0.0},{"damage_healed":0.0,"max_hp_gain":5.0,"max_hp_loss":0.0,"gold_gain":0.0,"event_name":"Forgotten Altar","player_choice":"Shed Blood","floor":20.0,"gold_loss":0.0,"damage_taken":15.0}],"is_beta":false,"boss_relics":[{"not_picked":["SplendidAttire","Philosopher\u0027s Stone"],"picked":"Empty Cage"}],"items_purged_floors":[21],"is_endless":false,"potions_floor_spawned":[1,5,7,10,16,23],"killed_by":"Book of Stabbing","ascension_level":6}}