{"host":"qekv59dthhdg54sz","time":1611550945,"event":{"mods":["AchievementEnabler","BaseMod","Colored Map","DeckTracker","KOR Keyword Fix","Minty Spire (QoL Compilation)","Rare Cards Sparkle","StSLib","SuperFastMode"],"gold_per_floor":[113,113,26,44,60,60,93,93,93,109,134,134,154,79,79,155,155,131,50,66,66,66,66,66,66,90,90,90],"floor_reached":27,"language":"KOR","playtime":592,"items_purged":["Strike_G"],"score":438,"play_id":"a0f434bd-0bd0-4628-81cc-df83d96b157e","local_time":"20210125140225","is_ascension_mode":true,"campfire_choices":[{"data":"Prepared","floor":6.0,"key":"SMITH"},{"data":"Setup","floor":8.0,"key":"SMITH"},{"data":"Acrobatics","floor":12.0,"key":"SMITH"},{"data":"Venomology","floor":15.0,"key":"SMITH"},{"data":"Tactician","floor":23.0,"key":"SMITH"},{"data":"Acrobatics","floor":25.0,"key":"SMITH"}],"circlet_count":0,"master_deck":["AscendersBane","Strike_G","Defend_G","Defend_G","Defend_G","Defend_G","Defend_G","Survivor","Neutralize","The Bomb","Escape Plan","Setup+1","Prepared+1","Venomology+1","Acrobatics+1","Grand Finale","Venomology+1","Deflect+1","Crippling Poison+1","Acrobatics+1","Well Laid Plans","Backflip","Tactician+1"],"relics":["Ring of the Snake","Torii","Mango","Lantern","Astrolabe","Bag of Marbles"],"acts_visited":["Exordium","TheCity"],"potions_floor_usage":[27,27,27],"damage_taken":[{"damage":0.0,"enemies":"Small Slimes","floor":1.0,"turns":5.0},{"damage":2.0,"enemies":"Jaw Worm","floor":4.0,"turns":3.0},{"damage":1.0,"enemies":"Cultist","floor":5.0,"turns":4.0},{"damage":5.0,"enemies":"3 Sentries","floor":7.0,"turns":3.0},{"damage":1.0,"enemies":"Looter","floor":10.0,"turns":4.0},{"damage":7.0,"enemies":"Lagavulin","floor":11.0,"turns":7.0},{"damage":2.0,"enemies":"Red Slaver","floor":13.0,"turns":4.0},{"damage":51.0,"enemies":"Slime Boss","floor":16.0,"turns":11.0},{"damage":12.0,"enemies":"2 Thieves","floor":18.0,"turns":4.0},{"damage":15.0,"enemies":"Shell Parasite","floor":20.0,"turns":6.0},{"damage":20,"enemies":"Cultist and Chosen","floor":27,"turns":5}],"seed_played":"-7409344575141583174","potions_obtained":[{"floor":5.0,"key":"CunningPotion"},{"floor":7.0,"key":"Ancient Potion"}],"is_trial":false,"path_per_floor":["M","?","$","M","M","R","E","R","T","M","E","R","M","$","R","B",null,"M","$","M","$","?","R","$","R","T","M"],"character_chosen":"THE_SILENT","items_purchased":["Escape Plan","Well Laid Plans"],"campfire_rested":0,"item_purchase_floors":[3,19],"current_hp_per_floor":[59,59,59,57,56,56,51,51,65,64,57,57,55,55,55,4,57,45,45,30,30,30,30,30,30,30,10,10],"gold":90,"neow_bonus":"RANDOM_COLORLESS_2","is_daily":false,"chose_seed":true,"campfire_upgraded":6,"win_rate":0.0,"timestamp":1611550945,"path_taken":["M","?","$","M","M","R","E","R","T","M","E","R","M","$","R","BOSS","M","$","M","$","?","R","$","R","T","M"],"items_purchased_type":["Card","Card"],"build_version":"2020-12-22","purchased_purges":1,"victory":false,"max_hp_per_floor":[60,60,60,60,60,60,60,60,74,74,74,74,74,74,74,74,74,74,74,74,74,74,74,74,74,74,74,74],"card_choices":[{"not_picked":["Magnetism","Transmutation"],"picked":"The Bomb","floor":0.0},{"not_picked":["Deflect","Bane","Riddle With Holes"],"picked":"SKIP","floor":1.0},{"not_picked":["Prepared","Reflex"],"picked":"Setup","floor":4.0},{"not_picked":["Underhanded Strike","Endless Agony"],"picked":"Prepared","floor":5.0},{"not_picked":["Blur","Slice"],"picked":"Venomology","floor":7.0},{"not_picked":["Quick Slash","Dagger Spray"],"picked":"Acrobatics","floor":10.0},{"not_picked":["Concentrate","Cloak And Dagger","PiercingWail"],"picked":"SKIP","floor":11.0},{"not_picked":["Underhanded Strike","Flying Knee","Quick Slash"],"picked":"SKIP","floor":13.0},{"not_picked":["Unload","Doppelganger"],"picked":"Grand Finale","floor":16.0},{"not_picked":["Bane","Poisoned Stab+1"],"picked":"Acrobatics","floor":18.0},{"not_picked":["Reflex","Acrobatics"],"picked":"Backflip","floor":20.0}],"player_experience":827076,"relics_obtained":[{"floor":7.0,"key":"Torii"},{"floor":9.0,"key":"Mango"},{"floor":11.0,"key":"Lantern"},{"floor":26.0,"key":"Bag of Marbles"}],"event_choices":[{"damage_healed":0.0,"max_hp_gain":0.0,"max_hp_loss":0.0,"gold_gain":0.0,"event_name":"Liars Game","player_choice":"Ignored","floor":2.0,"gold_loss":0.0,"damage_taken":0.0},{"damage_healed":0.0,"max_hp_gain":0.0,"max_hp_loss":0.0,"gold_gain":0.0,"event_name":"The Library","player_choice":"Read","floor":22.0,"gold_loss":0.0,"damage_taken":0.0,"cards_obtained":["Tactician"]}],"is_beta":false,"boss_relics":[{"not_picked":["Tiny House","Busted Crown"],"picked":"Astrolabe"}],"items_purged_floors":[14],"is_endless":false,"potions_floor_spawned":[5,7,11,13],"killed_by":"Cultist and Chosen","ascension_level":20}}