{"host":"c3lc60y5x60jlt1y","time":1611566512,"event":{"mods":["AchievementEnabler","BaseMod","Bestiary","Colored Map","Minty Spire (QoL Compilation)","Quick Restart","StSLib","ojb\u0027s Info Mod"],"gold_per_floor":[109,109,184,11,11,11,38,48,71,71,88,123,140,156,156,229,229,241,156,28,28,38,38,64,64,64,90,107,24,43,57,57,57,57],"floor_reached":33,"language":"ENG","playtime":2109,"items_purged":["Strike_B"],"score":640,"play_id":"0530b7f9-da6c-42be-9752-2b9ac7ffa7f8","local_time":"20210125112152","is_ascension_mode":true,"campfire_choices":[{"data":"Dualcast","floor":6,"key":"SMITH"},{"data":"Hyperbeam","floor":10,"key":"SMITH"},{"data":"Go for the Eyes","floor":15,"key":"SMITH"},{"data":"Double Energy","floor":23,"key":"SMITH"},{"floor":25,"key":"REST"},{"floor":32,"key":"REST"}],"circlet_count":0,"master_deck":["AscendersBane","Strike_B","Strike_B+1","Strike_B","Defend_B+1","Defend_B","Defend_B+1","Defend_B","Zap+1","Dualcast+1","Reinforced Body","Coolheaded","Hyperbeam+1","Auto Shields","Streamline","Go for the Eyes+1","Beam Cell","Seek","Ball Lightning","Hologram","Double Energy+1","Fusion","Skim","Cold Snap","Self Repair","FTL"],"relics":["Cracked Core","NeowsBlessing","Sling","Unceasing Top","War Paint","Anchor","Regal Pillow","Cursed Key","Pear","Boot","Shovel","Gremlin Horn"],"acts_visited":["Exordium","TheCity"],"potions_floor_usage":[12,16,16,28,33],"damage_taken":[{"damage":0,"enemies":"Small Slimes","floor":1,"turns":1},{"damage":0,"enemies":"3 Sentries","floor":7,"turns":1},{"damage":0,"enemies":"2 Louse","floor":8,"turns":1},{"damage":0,"enemies":"Jaw Worm","floor":11,"turns":2},{"damage":16,"enemies":"Lagavulin","floor":12,"turns":5},{"damage":0,"enemies":"Lots of Slimes","floor":13,"turns":2},{"damage":0,"enemies":"Gremlin Gang","floor":14,"turns":1},{"damage":15,"enemies":"Hexaghost","floor":16,"turns":10},{"damage":15,"enemies":"Chosen","floor":18,"turns":6},{"damage":9,"enemies":"Shell Parasite","floor":22,"turns":4},{"damage":31,"enemies":"Gremlin Leader","floor":24,"turns":5},{"damage":29,"enemies":"Book of Stabbing","floor":27,"turns":5},{"damage":8,"enemies":"Snecko","floor":28,"turns":5},{"damage":6,"enemies":"3 Cultists","floor":30,"turns":4},{"damage":3,"enemies":"Centurion and Healer","floor":31,"turns":3},{"damage":52,"enemies":"Champ","floor":33,"turns":9}],"seed_played":"-5531405275810538059","potions_obtained":[{"floor":7,"key":"EssenceOfSteel"},{"floor":8,"key":"ColorlessPotion"},{"floor":12,"key":"Ancient Potion"},{"floor":14,"key":"ColorlessPotion"},{"floor":16,"key":"DistilledChaos"},{"floor":18,"key":"EssenceOfDarkness"},{"floor":22,"key":"SpeedPotion"},{"floor":30,"key":"SneckoOil"}],"is_trial":false,"path_per_floor":["M","?","?","$","T","R","E","M","T","R","M","E","M","M","R","B",null,"M","?","$","?","M","R","E","R","T","E","M","$","M","M","R","B"],"character_chosen":"DEFECT","items_purchased":["Sling","Hologram","Self Repair"],"campfire_rested":2,"item_purchase_floors":[4,20,29],"current_hp_per_floor":[64,43,32,32,32,32,32,32,32,32,32,16,16,16,16,1,54,39,49,49,49,40,40,9,48,48,19,11,11,12,9,48,0,0],"gold":57,"neow_bonus":"THREE_ENEMY_KILL","is_daily":false,"chose_seed":false,"campfire_upgraded":4,"win_rate":0.0,"timestamp":1611566512,"path_taken":["M","?","?","$","?","R","E","?","T","R","?","E","M","M","R","BOSS","M","?","$","?","M","R","E","R","T","E","?","$","M","M","R","BOSS"],"items_purchased_type":["Relic","Card","Card"],"build_version":"2020-12-22","purchased_purges":1,"victory":false,"max_hp_per_floor":[71,71,71,71,71,71,71,71,71,71,71,71,71,71,71,71,71,71,81,81,81,81,81,81,81,81,81,81,81,81,81,81,81,81],"card_choices":[{"not_picked":["Stack","Gash"],"picked":"Reinforced Body","floor":1},{"not_picked":["Streamline","Double Energy"],"picked":"Coolheaded","floor":7},{"not_picked":["Recycle","Auto Shields"],"picked":"Hyperbeam","floor":8},{"not_picked":["Streamline","Beam Cell"],"picked":"Auto Shields","floor":11},{"not_picked":["Leap","Recycle"],"picked":"Streamline","floor":12},{"not_picked":["Redo","Thunder Strike"],"picked":"Go for the Eyes","floor":13},{"not_picked":["Compile Driver","Streamline"],"picked":"Beam Cell","floor":14},{"not_picked":["Reboot","Rainbow"],"picked":"Seek","floor":16},{"not_picked":["Storm","Streamline"],"picked":"Ball Lightning","floor":18},{"not_picked":["Streamline","Coolheaded"],"picked":"Double Energy","floor":22},{"not_picked":["Recycle","BootSequence"],"picked":"Fusion","floor":24},{"not_picked":["Hologram","Compile Driver"],"picked":"Skim","floor":27},{"not_picked":["Redo","Storm"],"picked":"Cold Snap","floor":28},{"not_picked":["Conserve Battery","Gash","Coolheaded"],"picked":"SKIP","floor":30},{"not_picked":["Compile Driver+1","Cold Snap"],"picked":"FTL","floor":31}],"player_experience":8552490,"relics_obtained":[{"floor":5,"key":"Unceasing Top"},{"floor":7,"key":"War Paint"},{"floor":9,"key":"Anchor"},{"floor":12,"key":"Regal Pillow"},{"floor":24,"key":"Shovel"},{"floor":27,"key":"Gremlin Horn"}],"event_choices":[{"damage_healed":0,"gold_gain":0,"player_choice":"Entered Light","damage_taken":21,"max_hp_gain":0,"max_hp_loss":0,"event_name":"Shining Light","floor":2,"gold_loss":0,"cards_upgraded":["Zap","Strike_B"]},{"damage_healed":0,"gold_gain":75,"player_choice":"Gather Gold","damage_taken":11,"max_hp_gain":0,"max_hp_loss":0,"event_name":"World of Goop","floor":3,"gold_loss":0},{"damage_healed":0,"gold_gain":0,"player_choice":"Obtained Relic","damage_taken":0,"relics_obtained":["Pear"],"max_hp_gain":0,"max_hp_loss":0,"event_name":"Addict","floor":19,"gold_loss":85},{"damage_healed":0,"gold_gain":0,"player_choice":"Gave Potion","damage_taken":0,"relics_obtained":["Boot"],"max_hp_gain":0,"max_hp_loss":0,"event_name":"WeMeetAgain","floor":21,"gold_loss":0}],"is_beta":false,"boss_relics":[{"not_picked":["FrozenCore","Runic Dome"],"picked":"Cursed Key"}],"items_purged_floors":[20],"is_endless":false,"potions_floor_spawned":[7,8,12,14,16,18,22,30],"killed_by":"Champ","ascension_level":20}}