{"host":"wbdly04l9mkn9nrc","time":1611561342,"event":{"mods":["AchievementEnabler","BaseMod","BetterRewards","Minty Spire (QoL Compilation)","Replay The Spire","StSLib","[IsaacMod]ÒÔÈö¼âËþ"],"gold_per_floor":[51,1,15,32,32,32,57,57,126,126,126,126,141,153,153,229,229,241,156,230,249,229,247,281,296,377,317,317,343,343,363,363,440,440,455,504,583,125,125,157,36,70,142,142,142,167,167,178,178,178,178,178,43,71,71],"floor_reached":56,"language":"ZHS","playtime":2530,"items_purged":["Strike_P","Defend_P","Voices"],"score":3286,"play_id":"fad68574-e020-42e0-93ce-180cbf085c69","local_time":"20210125155542","is_ascension_mode":true,"campfire_choices":[{"floor":6.0,"key":"REST"},{"data":"ForeignInfluence","floor":8.0,"key":"SMITH"},{"floor":10.0,"key":"REST"},{"data":"Eruption","floor":12.0,"key":"SMITH"},{"data":"Replay:Battleflow","floor":15.0,"key":"SMITH"},{"data":"ConjureBlade","floor":28.0,"key":"SMITH"},{"data":"Replay:Hum","floor":30.0,"key":"SMITH"},{"data":"Crescendo","floor":32.0,"key":"SMITH"},{"floor":44.0,"key":"DIG"},{"floor":47.0,"key":"RECALL"},{"floor":49.0,"key":"DIG"},{"data":"CutThroughFate","floor":52,"key":"SMITH"}],"circlet_count":1,"master_deck":["AscendersBane","Strike_P","Strike_P","Defend_P","Defend_P","Defend_P","Eruption+1","Vigilance+1","CutThroughFate+1","Crescendo+1","Adaptation","ForeignInfluence+1","EmptyFist","EmptyBody","ClearTheMind+1","Replay:Battleflow+1","ConjureBlade+1","Replay:Hum+1","FollowUp","FlurryOfBlows+1","InnerPeace","Brilliance","Crescendo+1","FollowUp+1","DeusExMachina"],"relics":["PureWater","HushsDoor","GuppysTail","Shuriken","Tiny Chest","Matryoshka","Membership Card","Oddly Smooth Stone","Pear","Nunchaku","Divine Protection","Busted Crown","GuppysHead","Ancient Tea Set","SatanicBible","Dream Catcher","PillsDrop","Circlet","MagicMushroom","GuppysPaw","Ginger","The Courier","ReplayTheSpireMod:CursedCoin","Eternal Feather","War Paint","Counterbalance","Singing Bowl","Gambling Chip","Juzu Bracelet","ReplayTheSpireMod:Lightbulb","DeathBook","Replay:Multitool","TungstenRod","Bag of Preparation","Lantern","Lee\u0027s Waffle","Damaru"],"acts_visited":["Exordium","TheCity","TheBeyond","TheEnding"],"potions_floor_usage":[],"damage_taken":[{"damage":8.0,"enemies":"Small Slimes","floor":1.0,"turns":3.0},{"damage":0.0,"enemies":"Jaw Worm","floor":3.0,"turns":1.0},{"damage":0.0,"enemies":"Cultist","floor":4.0,"turns":3.0},{"damage":14.0,"enemies":"3 Sentries","floor":7.0,"turns":7.0},{"damage":0.0,"enemies":"Exordium Thugs","floor":13.0,"turns":3.0},{"damage":0.0,"enemies":"Looter","floor":14.0,"turns":3.0},{"damage":34.0,"enemies":"The Guardian","floor":16.0,"turns":10.0},{"damage":8.0,"enemies":"2 Thieves","floor":18.0,"turns":3.0},{"damage":0.0,"enemies":"Spheric Guardian","floor":21.0,"turns":2.0},{"damage":0.0,"enemies":"Snecko","floor":23.0,"turns":2.0},{"damage":0.0,"enemies":"Gremlin Leader","floor":24.0,"turns":4.0},{"damage":1.0,"enemies":"Centurion and Healer","floor":25.0,"turns":4.0},{"damage":4.0,"enemies":"Book of Stabbing","floor":29.0,"turns":3.0},{"damage":0.0,"enemies":"3 Cultists","floor":31.0,"turns":2.0},{"damage":0.0,"enemies":"Collector","floor":33.0,"turns":3.0},{"damage":0.0,"enemies":"3 Darklings","floor":35.0,"turns":2.0},{"damage":0.0,"enemies":"2 Orb Walkers","floor":36.0,"turns":2.0},{"damage":0.0,"enemies":"Giant Head","floor":40.0,"turns":3.0},{"damage":0.0,"enemies":"Reptomancer","floor":42.0,"turns":2.0},{"damage":0.0,"enemies":"Nemesis","floor":46.0,"turns":3.0},{"damage":0.0,"enemies":"Orb Walker","floor":48.0,"turns":2.0},{"damage":0.0,"enemies":"Donu and Deca","floor":50.0,"turns":3.0},{"damage":0,"enemies":"Shield and Spear","floor":54,"turns":2},{"damage":0,"enemies":"The Heart","floor":55,"turns":3}],"seed_played":"8368190317991677921","potions_obtained":[{"floor":7.0,"key":"Strength Potion"},{"floor":14.0,"key":"Cursed Concoction"},{"floor":18.0,"key":"BottledMiracle"},{"floor":24.0,"key":"FearPotion"},{"floor":31.0,"key":"DistilledChaos"},{"floor":40.0,"key":"SteroidPotion"}],"is_trial":false,"path_per_floor":["M","$","M","M","?","R","E","R","T","R","?","R","M","M","R","B",null,"M","?","T","M","?","M","E","M","T","$","R","E","R","M","R","B",null,"M","?","T","$","?","E","$","E","T","R","?","E","R","M","R","B",null,"R","$","E","B",null],"character_chosen":"WATCHER","items_purchased":["Shuriken","Tiny Chest","Matryoshka","CutThroughFate","Membership Card","Crescendo","Adaptation","ForeignInfluence","EmptyFist","Oddly Smooth Stone","FlurryOfBlows+1","InnerPeace","GuppysPaw","ReplayTheSpireMod:CursedCoin","Eternal Feather","War Paint","Counterbalance","Singing Bowl","Gambling Chip","Juzu Bracelet","DeathBook","FollowUp+1","DeusExMachina","Lee\u0027s Waffle"],"campfire_rested":2,"item_purchase_floors":[0,0,0,0,0,0,0,0,0,0,27,27,34,38,38,38,38,38,38,38,41,41,53,53],"current_hp_per_floor":[11,11,11,11,11,31,27,27,27,50,50,50,50,50,50,16,63,55,55,55,55,55,55,55,54,54,54,54,50,50,53,53,53,74,78,79,79,79,79,82,82,85,85,85,85,87,87,89,89,89,89,89,96,98,98],"gold":71,"neow_bonus":"","is_daily":false,"chose_seed":false,"campfire_upgraded":7,"win_rate":0.0,"timestamp":1611561342,"path_taken":["M","$","M","M","?","R","E","R","T","R","?","R","M","M","R","BOSS","M","?","?","?","?","M","E","M","T","$","R","E","R","M","R","BOSS","M","?","?","$","?","E","$","E","T","R","?","E","R","M","R","BOSS","R","$","E","BOSS"],"items_purchased_type":["Relic","Relic","Relic","Card","Relic","Card","Card","Card","Card","Relic","Card","Card","Relic","Relic","Relic","Relic","Relic","Relic","Relic","Relic","Relic","Card","Card","Relic"],"build_version":"2020-12-22","purchased_purges":3,"victory":true,"max_hp_per_floor":[68,68,68,68,68,68,78,78,78,78,78,78,78,78,78,78,78,78,78,78,78,78,78,78,78,78,78,78,78,78,81,81,81,78,81,81,81,81,81,83,83,85,85,85,85,87,87,89,89,89,89,89,96,98,98],"card_choices":[{"not_picked":["WindmillStrike","Replay:ManipulateFuture","BowlingBash"],"picked":"SKIP","floor":1.0},{"not_picked":["Crescendo","FlyingSleeves"],"picked":"EmptyBody","floor":3.0},{"not_picked":["EmptyBody","Alpha"],"picked":"ClearTheMind","floor":4.0},{"not_picked":["SignatureMove","CutThroughFate","Consecrate"],"picked":"SKIP","floor":7.0},{"not_picked":["Replay:BluntJabs","ClearTheMind","SignatureMove"],"picked":"SKIP","floor":13.0},{"not_picked":["Prostrate","Replay:Vibes"],"picked":"Replay:Battleflow","floor":14.0},{"not_picked":["Judgement","Blasphemy"],"picked":"ConjureBlade","floor":16.0},{"not_picked":[],"picked":"Replay:Hum","floor":18.0},{"not_picked":["Crescendo"],"picked":"SKIP","floor":21.0},{"not_picked":["SashWhip"],"picked":"SKIP","floor":23.0},{"not_picked":["SashWhip"],"picked":"SKIP","floor":24.0},{"not_picked":[],"picked":"FollowUp","floor":25.0},{"not_picked":["Swivel"],"picked":"SKIP","floor":29.0},{"not_picked":["Nirvana"],"picked":"SKIP","floor":31.0},{"not_picked":[],"picked":"Brilliance","floor":33.0},{"not_picked":[],"picked":"Crescendo+1","floor":35.0},{"not_picked":["WaveOfTheHand"],"picked":"Singing Bowl","floor":40.0},{"not_picked":["Swivel"],"picked":"Singing Bowl","floor":42.0},{"not_picked":["Replay:AtTheReady"],"picked":"Singing Bowl","floor":46.0},{"not_picked":["Wireheading"],"picked":"Singing Bowl","floor":48.0},{"not_picked":["Replay:Anticipation"],"picked":"Singing Bowl","floor":54}],"player_experience":261867,"relics_obtained":[{"floor":7.0,"key":"Pear"},{"floor":9.0,"key":"Nunchaku"},{"floor":9.0,"key":"Divine Protection"},{"floor":20.0,"key":"Ancient Tea Set"},{"floor":20.0,"key":"SatanicBible"},{"floor":24.0,"key":"Dream Catcher"},{"floor":26.0,"key":"PillsDrop"},{"floor":29.0,"key":"Dead Branch"},{"floor":36.0,"key":"Ginger"},{"floor":37.0,"key":"The Courier"},{"floor":40.0,"key":"ReplayTheSpireMod:Lightbulb"},{"floor":42.0,"key":"Replay:Multitool"},{"floor":44.0,"key":"TungstenRod"},{"floor":46.0,"key":"Bag of Preparation"},{"floor":49.0,"key":"Lantern"},{"floor":54,"key":"Damaru"}],"event_choices":[{"damage_healed":0.0,"max_hp_gain":0.0,"max_hp_loss":0.0,"gold_gain":0.0,"event_name":"Shining Light","player_choice":"Ignored","floor":5.0,"gold_loss":0.0,"damage_taken":0.0},{"damage_healed":0.0,"max_hp_gain":0.0,"max_hp_loss":0.0,"gold_gain":0.0,"event_name":"Match and Keep!","player_choice":"0 cards matched","floor":11.0,"gold_loss":0.0,"damage_taken":0.0,"cards_obtained":[]},{"damage_healed":0.0,"max_hp_gain":0.0,"max_hp_loss":0.0,"gold_gain":0.0,"event_name":"Addict","player_choice":"Obtained Relic","floor":19.0,"gold_loss":85.0,"damage_taken":0.0,"relics_obtained":["GuppysHead"]},{"damage_healed":0.0,"max_hp_gain":0.0,"max_hp_loss":0.0,"gold_gain":0.0,"event_name":"The Woman in Blue","player_choice":"Bought 1 Potion","floor":22.0,"gold_loss":0.0,"damage_taken":0.0},{"damage_healed":0.0,"max_hp_gain":0.0,"max_hp_loss":0.0,"gold_gain":0.0,"event_name":"Mysterious Sphere","player_choice":"Fight","floor":36.0,"gold_loss":0.0,"damage_taken":0.0},{"damage_healed":0.0,"max_hp_gain":0.0,"max_hp_loss":0.0,"gold_gain":0.0,"event_name":"Tomb of Lord Red Mask","player_choice":"Ignored","floor":39.0,"gold_loss":0.0,"damage_taken":0.0},{"cards_removed":["Strike_P"],"damage_healed":0.0,"max_hp_gain":0.0,"max_hp_loss":0.0,"gold_gain":0.0,"event_name":"Bonfire Elementals","player_choice":"Offered Basic","floor":45.0,"gold_loss":0.0,"damage_taken":0.0}],"is_beta":false,"boss_relics":[{"not_picked":["Sozu","SacredBark"],"picked":"Busted Crown"},{"not_picked":[]},{"not_picked":["Honey Jar","Black Star"],"picked":"MagicMushroom"},{"not_picked":[]}],"items_purged_floors":[0,2,38],"is_endless":false,"potions_floor_spawned":[7,14,16,18,23,24,31,40,42,46,54],"ascension_level":18}}