{"host":"1qhzi8r9ejho5yph","time":1611565705,"event":{"mods":["AchievementEnabler","BaseMod","Colored Map","Colored Powertips","Highlight Path","Minty Spire (QoL Compilation)","Permanent Neow","Quick Restart","Random Character Button","StSLib","SuperFastMode"],"gold_per_floor":[109,121,134,134,153,178,178,178,230,230,241,255,255,280,280,280,280],"floor_reached":16,"language":"ENG","playtime":467,"items_purged":[],"score":156,"play_id":"7bcb3a74-2f3b-4723-9fc6-10ffac4cd7ae","local_time":"20210125170825","is_ascension_mode":true,"campfire_choices":[{"floor":7,"key":"REST"},{"floor":10,"key":"REST"},{"floor":15,"key":"REST"}],"circlet_count":0,"master_deck":["AscendersBane","Strike_R","Strike_R","Strike_R+1","Strike_R","Strike_R","Defend_R","Defend_R","Defend_R","Defend_R","Bash","Ghostly Armor","Sword Boomerang+1","Shrug It Off","Body Slam","True Grit","Carnage","Disarm","Corruption"],"relics":["Burning Blood","Meat on the Bone","Tiny Chest","Golden Idol"],"acts_visited":["Exordium"],"potions_floor_usage":[16,16,16],"damage_taken":[{"damage":2,"enemies":"2 Louse","floor":1,"turns":4},{"damage":0,"enemies":"Small Slimes","floor":2,"turns":3},{"damage":6,"enemies":"Cultist","floor":3,"turns":3},{"damage":13,"enemies":"Blue Slaver","floor":5,"turns":4},{"damage":73,"enemies":"Lagavulin","floor":6,"turns":11},{"damage":17,"enemies":"Large Slime","floor":11,"turns":8},{"damage":2,"enemies":"Looter","floor":12,"turns":3},{"damage":24,"enemies":"Lots of Slimes","floor":14,"turns":5},{"damage":68,"enemies":"Hexaghost","floor":16,"turns":11}],"seed_played":"-6575279544546566650","potions_obtained":[{"floor":3,"key":"BloodPotion"},{"floor":6,"key":"ColorlessPotion"},{"floor":11,"key":"LiquidMemories"},{"floor":12,"key":"Swift Potion"}],"is_trial":false,"path_per_floor":["M","M","M","?","M","E","R","?","T","R","M","M","?","M","R","B"],"character_chosen":"IRONCLAD","items_purchased":[],"campfire_rested":3,"item_purchase_floors":[],"current_hp_per_floor":[84,88,88,88,81,14,40,22,22,48,49,53,31,25,51,0,0],"gold":280,"neow_bonus":"TEN_PERCENT_HP_BONUS","is_daily":false,"chose_seed":false,"campfire_upgraded":0,"win_rate":0.0,"timestamp":1611565705,"path_taken":["M","M","M","?","M","E","R","?","T","R","M","M","?","M","R","BOSS"],"items_purchased_type":[],"build_version":"2020-12-22","purchased_purges":0,"victory":false,"max_hp_per_floor":[88,88,88,88,88,88,88,88,88,88,88,88,88,88,88,88,88],"card_choices":[{"not_picked":["Clothesline","Battle Trance"],"picked":"Ghostly Armor","floor":1},{"not_picked":["Clothesline","Wild Strike"],"picked":"Sword Boomerang","floor":2},{"not_picked":["Perfected Strike","Heavy Blade"],"picked":"Shrug It Off","floor":3},{"not_picked":["Dual Wield","Metallicize"],"picked":"Body Slam","floor":5},{"not_picked":["Shockwave","Iron Wave"],"picked":"True Grit","floor":6},{"not_picked":["Clothesline","Ghostly Armor"],"picked":"Carnage","floor":11},{"not_picked":["Blood for Blood","Heavy Blade"],"picked":"Disarm","floor":12},{"not_picked":["Wild Strike","Feel No Pain"],"picked":"Corruption","floor":14}],"player_experience":325920,"relics_obtained":[{"floor":6,"key":"Meat on the Bone"},{"floor":9,"key":"Tiny Chest"}],"event_choices":[{"damage_healed":0,"gold_gain":0,"player_choice":"Ignored","damage_taken":0,"max_hp_gain":0,"max_hp_loss":0,"event_name":"Liars Game","floor":4,"gold_loss":0},{"damage_healed":0,"gold_gain":0,"player_choice":"Entered Light","damage_taken":18,"max_hp_gain":0,"max_hp_loss":0,"event_name":"Shining Light","floor":8,"gold_loss":0,"cards_upgraded":["Strike_R","Sword Boomerang"]},{"damage_healed":0,"gold_gain":0,"player_choice":"Take Damage","damage_taken":22,"relics_obtained":["Golden Idol"],"max_hp_gain":0,"max_hp_loss":0,"event_name":"Golden Idol","floor":13,"gold_loss":0}],"is_beta":false,"boss_relics":[],"items_purged_floors":[],"is_endless":false,"potions_floor_spawned":[3,6,11,12],"killed_by":"Hexaghost","ascension_level":10}}