{"host":"06h77atpgiec8kbk","time":1611583156,"event":{"mods":["Act Like it!","Alarm Clock","Arknights The Spire","Aspiration","Bard","BaseMod","CapriCore","Colored Powertips","Conspire","Downfall","Energized Spire","Hermit","Marisa£®ÏF”Í°°ƒß¿Ì…≥£©","Minty Spire (QoL Compilation)","Quick Restart","Reimu£®≤©¿ˆ¡È√Œ£©","Relic Stats","Replay The Spire","StSLib","The Construct","The Cursed","The Gatherer","The Hierophant","The Immortal","The Marked","The Runesmith","[GremlinLeader]The Maniac","°æ“≈ŒÔø®≈∆°øREMEMod"],"gold_per_floor":[99,99,99,199,199,199,253,53,87,97,28,56,41,54,73,73,73,73],"floor_reached":16,"language":"ZHS","playtime":1201,"items_purged":["champ:Strike"],"score":138,"play_id":"1bbebbd5-cad1-47ef-850b-2e3ca21ac458","local_time":"20210125215916","is_ascension_mode":true,"campfire_choices":[{"floor":1,"key":"RECALL"},{"data":"champ:Execute","floor":8,"key":"SMITH"}],"circlet_count":0,"master_deck":["champ:Strike","champ:Strike","champ:Strike","champ:Defend","champ:Defend","champ:Defend","champ:Defend","champ:Execute+1","champ:Taunt","champ:BerserkersShout","champ:CrookedStrike","champ:PreciseThrust+1","champ:PreciseThrust+1","champ:CrookedStrike","champ:StanceDance+1","champ:AdrenalArmor","champ:StanceDance"],"relics":["champ:ChampionCrown","REME_ComplimentaryCards","downfall:HeartsMalice","Champion Belt","Smiling Mask","downfall:HeartBlessingBlue","downfall:HeartBlessingRed","Potion Belt","Replay:Bottled Eggs"],"acts_visited":["Exordium"],"potions_floor_usage":[11,11,11,13],"damage_taken":[{"damage":0,"enemies":"2 Louse","floor":2,"turns":1},{"damage":0,"enemies":"2 Louse","floor":4,"turns":1},{"damage":0,"enemies":"3 Sentries","floor":9,"turns":1},{"damage":21,"enemies":"Jaw Worm","floor":10,"turns":4},{"damage":35,"enemies":"downfall:FleeingMerchant","floor":11,"turns":4},{"damage":41,"enemies":"Lagavulin","floor":12,"turns":5},{"damage":27,"enemies":"downfall:FleeingMerchant","floor":13,"turns":4},{"damage":10,"enemies":"Small Slimes","floor":14,"turns":2},{"damage":10,"enemies":"3 Louse","floor":15,"turns":3},{"damage":0,"enemies":"WA_ARCHETYPE_RETAIN","floor":16,"turns":1}],"seed_played":"-7249054348817988991","potions_obtained":[{"floor":4,"key":"LiquidBronze"},{"floor":9,"key":"REME_GoldPotion"},{"floor":10,"key":"champ:CounterPotion"},{"floor":12,"key":"Death Potion"},{"floor":14,"key":"GrandPatriotsElixir:ReiMu"},{"floor":15,"key":"Adrenaline Potion"}],"is_trial":false,"path_per_floor":["R","M","?","?","?","?","T","R","E","M","$","E","$","M","M","B"],"character_chosen":"THE_CHAMP","items_purchased":["champ:StanceDance+1"],"campfire_rested":0,"item_purchase_floors":[11],"current_hp_per_floor":[90,90,90,90,72,72,72,82,82,81,71,50,33,33,33,33,33,33],"gold":73,"neow_bonus":"THREE_ENEMY_KILL","is_daily":false,"chose_seed":false,"campfire_upgraded":1,"win_rate":0.0,"timestamp":1611583156,"path_taken":["R","M","?","?","?","?","T","R","E","M","$","E","$","M","M","BOSS"],"items_purchased_type":["Card"],"build_version":"2020-12-22","purchased_purges":1,"victory":false,"max_hp_per_floor":[90,90,90,90,90,90,90,100,100,100,100,100,100,100,100,100,100,100],"relic_stats":{"counters":[10,23],"Champion Belt":[1],"Smiling Mask":25,"obtain_stats":[{"Potion Belt":9,"downfall:HeartBlessingRed":8,"downfall:HeartBlessingBlue":8,"champ:ChampionCrown":0,"downfall:HeartsMalice":0,"Champion Belt":4,"Replay:Bottled Eggs":12,"Smiling Mask":5,"REME_ComplimentaryCards":0},{"Potion Belt":3,"downfall:HeartBlessingRed":2,"downfall:HeartBlessingBlue":2,"champ:ChampionCrown":0,"downfall:HeartsMalice":0,"Champion Belt":2,"Replay:Bottled Eggs":6,"Smiling Mask":2,"REME_ComplimentaryCards":0},{"Potion Belt":0,"downfall:HeartBlessingRed":0,"downfall:HeartBlessingBlue":0,"champ:ChampionCrown":0,"downfall:HeartsMalice":0,"Champion Belt":0,"Replay:Bottled Eggs":13,"Smiling Mask":0,"REME_ComplimentaryCards":0}]},"card_choices":[{"not_picked":["champ:EnGarde","champ:GladiatorStyle"],"picked":"champ:BerserkersShout","floor":2},{"not_picked":["champ:StanceDance","champ:BringItOn"],"picked":"champ:CrookedStrike","floor":4},{"not_picked":["champ:FancyFootwork","champ:GladiatorStyle"],"picked":"champ:PreciseThrust","floor":9},{"not_picked":["champ:AdrenalArmor","champ:FlashCut"],"picked":"champ:PreciseThrust","floor":10},{"not_picked":["champ:Lariat","champ:Parry"],"picked":"champ:CrookedStrike","floor":11},{"not_picked":["champ:BerserkersShout","champ:PerfectedStrike","champ:HeartStrike"],"picked":"SKIP","floor":12},{"not_picked":["champ:BerserkersShout","champ:PerfectedStrike","champ:HeartStrike"],"picked":"SKIP","floor":12},{"not_picked":["champ:PerfectedStrike","champ:FlashCut","champ:HeartStrike"],"picked":"SKIP","floor":13},{"not_picked":["champ:DeathBlow","champ:FlashCut"],"picked":"champ:AdrenalArmor","floor":14},{"not_picked":["champ:FalseCounter","champ:SteelEdge"],"picked":"champ:StanceDance","floor":15}],"player_experience":839190,"relics_obtained":[{"floor":4,"key":"Champion Belt"},{"floor":9,"key":"Potion Belt"},{"floor":12,"key":"Replay:Bottled Eggs"}],"event_choices":[{"damage_healed":0,"gold_gain":0,"player_choice":"Disagree","damage_taken":0,"max_hp_gain":0,"max_hp_loss":0,"event_name":"conspire:LoneGhost","floor":3,"gold_loss":0},{"damage_healed":0,"gold_gain":0,"player_choice":"Success","damage_taken":18,"relics_obtained":["Smiling Mask"],"max_hp_gain":0,"max_hp_loss":0,"event_name":"Scrap Ooze","floor":5,"gold_loss":0}],"is_beta":false,"boss_relics":[],"items_purged_floors":[11],"is_endless":false,"potions_floor_spawned":[4,9,10,12,14,15],"killed_by":"WA_ARCHETYPE_RETAIN","ascension_level":1}}