{"host":"q206iib20se9i6w7","time":1611551368,"event":{"mods":["AchievementEnabler","BaseMod","Bestiary","Block Reminder","Colored Map","Colored Powertips","Curses Come First","Highlight Path","Key Reminder","Minty Spire (QoL Compilation)","Quick Restart","Random Character Button","Relic Stats","StSLib","SuperFastMode","Unceasing Turn Reminder"],"gold_per_floor":[116,116,86,97,97,132,132,159,159,171,203,203,128,78,78,175,175,185,74,173,185,100,100,129,129,129,142,175,175,202,202,202,306,306,317,337,90,140,140,140,153,187,238,238,250,250,267,299,299,299],"floor_reached":51,"language":"ENG","playtime":2876,"items_purged":["Strike_R","Strike_R"],"score":1047,"play_id":"9db25454-56c4-41b6-bb12-4f8a6873df4c","local_time":"20210124230928","is_ascension_mode":true,"campfire_choices":[{"data":"Clothesline","floor":7,"key":"SMITH"},{"data":"True Grit","floor":12,"key":"SMITH"},{"data":"Bash","floor":15,"key":"SMITH"},{"data":"Bludgeon","floor":23,"key":"SMITH"},{"data":"Dropkick","floor":25,"key":"SMITH"},{"floor":32,"key":"REST"},{"data":"Double Tap","floor":40,"key":"SMITH"},{"data":"Purity","floor":46,"key":"SMITH"},{"data":"Rage","floor":49,"key":"SMITH"}],"circlet_count":0,"master_deck":["Strike_R","Strike_R","Defend_R","Defend_R","Bash+1","Shrug It Off","Metallicize","Clothesline+1","Dropkick+1","True Grit+1","Rage+1","Bludgeon+1","Purity+1","True Grit","Battle Trance+1","Offering","Dropkick","Metallicize","Double Tap+1","Offering","Thunderclap+1","Burning Pact+1"],"relics":["Burning Blood","NeowsBlessing","Champion Belt","keyreminder:keyreminder","Self Forming Clay","Lizard Tail","Darkstone Periapt","Runic Pyramid","Bronze Scales","Prayer Wheel","Blue Candle","Peace Pipe","FossilizedHelix","Philosopher\u0027s Stone","Medical Kit","Unceasing Top","Question Card","Pen Nib","Omamori"],"acts_visited":["Exordium","TheCity","TheBeyond"],"potions_floor_usage":[8,11,16,16,21,21,28,30,33,47,50,50],"damage_taken":[{"damage":0,"enemies":"2 Louse","floor":1,"turns":1},{"damage":0,"enemies":"Cultist","floor":4,"turns":1},{"damage":0,"enemies":"3 Sentries","floor":6,"turns":1},{"damage":19,"enemies":"Lagavulin","floor":8,"turns":7},{"damage":0,"enemies":"Jaw Worm","floor":10,"turns":5},{"damage":29,"enemies":"Gremlin Nob","floor":11,"turns":5},{"damage":11,"enemies":"Hexaghost","floor":16,"turns":11},{"damage":3,"enemies":"Chosen","floor":18,"turns":5},{"damage":38,"enemies":"Spheric Guardian","floor":21,"turns":14},{"damage":9,"enemies":"Gremlin Leader","floor":24,"turns":8},{"damage":1,"enemies":"Snecko","floor":27,"turns":3},{"damage":41,"enemies":"Slavers","floor":28,"turns":8},{"damage":6,"enemies":"Gremlin Leader","floor":30,"turns":1},{"damage":26,"enemies":"Automaton","floor":33,"turns":10},{"damage":6,"enemies":"3 Shapes","floor":35,"turns":4},{"damage":23,"enemies":"3 Darklings","floor":36,"turns":5},{"damage":6,"enemies":"Mind Bloom Boss Battle","floor":38,"turns":6},{"damage":6,"enemies":"Maw","floor":41,"turns":5},{"damage":16,"enemies":"Nemesis","floor":42,"turns":5},{"damage":6,"enemies":"Spire Growth","floor":45,"turns":3},{"damage":12,"enemies":"4 Shapes","floor":47,"turns":7},{"damage":8,"enemies":"Reptomancer","floor":48,"turns":4},{"damage":12,"enemies":"Time Eater","floor":50,"turns":9}],"seed_played":"2027778148638720882","potions_obtained":[{"floor":3,"key":"ElixirPotion"},{"floor":3,"key":"EntropicBrew"},{"floor":4,"key":"DuplicationPotion"},{"floor":8,"key":"DistilledChaos"},{"floor":10,"key":"Strength Potion"},{"floor":11,"key":"DistilledChaos"},{"floor":24,"key":"PowerPotion"},{"floor":33,"key":"Block Potion"},{"floor":42,"key":"Block Potion"},{"floor":45,"key":"DuplicationPotion"},{"floor":48,"key":"BloodPotion"}],"is_trial":false,"path_per_floor":["M","?","?","M","?","E","R","E","T","M","E","R","$","?","R","B",null,"M","$","?","M","?","R","E","R","T","M","E","T","E","?","R","B",null,"M","M","$","?","?","R","M","E","T","?","M","R","M","E","R","B",null],"character_chosen":"IRONCLAD","items_purchased":["Purity","True Grit","Medical Kit"],"campfire_rested":1,"item_purchase_floors":[19,19,37],"current_hp_per_floor":[80,80,80,80,85,85,85,72,72,78,55,55,55,55,55,50,85,85,85,85,53,53,53,50,50,50,55,20,20,20,20,45,25,85,85,68,68,68,68,68,68,58,58,58,58,58,52,50,50,60],"gold":299,"neow_bonus":"THREE_ENEMY_KILL","is_daily":false,"chose_seed":false,"campfire_upgraded":8,"win_rate":0.0,"timestamp":1611551368,"path_taken":["M","?","?","?","?","E","R","E","T","M","E","R","$","?","R","BOSS","M","$","?","M","?","R","E","R","T","M","E","?","E","?","R","BOSS","M","M","$","?","?","R","?","E","T","?","M","R","M","E","R","BOSS"],"items_purchased_type":["Card","Card","Relic"],"build_version":"2020-12-22","purchased_purges":2,"victory":true,"max_hp_per_floor":[80,80,80,80,85,85,85,85,85,85,85,85,85,85,85,85,85,85,85,85,85,85,85,85,85,85,85,85,85,85,85,85,85,85,85,85,85,85,85,85,85,85,85,81,81,81,81,81,81,81],"relic_stats":{"Darkstone Periapt":0,"counters":[23,128],"Self Forming Clay":[126],"Blue Candle":[0],"Pen Nib":[9],"Medical Kit":[5],"Question Card":5,"Burning Blood":117,"Peace Pipe":1,"Lizard Tail":0,"Bronze Scales":[223],"Prayer Wheel":6,"Champion Belt":[69],"obtain_stats":[{"Darkstone Periapt":11,"NeowsBlessing":0,"Self Forming Clay":8,"Blue Candle":26,"Pen Nib":43,"Omamori":48,"Medical Kit":37,"Question Card":42,"Burning Blood":0,"keyreminder:keyreminder":6,"Peace Pipe":28,"Lizard Tail":9,"Bronze Scales":22,"Prayer Wheel":24,"Philosopher\u0027s Stone":34,"Champion Belt":6,"FossilizedHelix":30,"Unceasing Top":38,"Runic Pyramid":17},{"Darkstone Periapt":6,"NeowsBlessing":0,"Self Forming Clay":4,"Blue Candle":10,"Pen Nib":19,"Omamori":22,"Medical Kit":16,"Question Card":19,"Burning Blood":0,"keyreminder:keyreminder":3,"Peace Pipe":12,"Lizard Tail":4,"Bronze Scales":9,"Prayer Wheel":10,"Philosopher\u0027s Stone":14,"Champion Belt":3,"FossilizedHelix":13,"Unceasing Top":17,"Runic Pyramid":7},{"Darkstone Periapt":20,"NeowsBlessing":0,"Self Forming Clay":10,"Blue Candle":58,"Pen Nib":105,"Omamori":119,"Medical Kit":89,"Question Card":105,"Burning Blood":0,"keyreminder:keyreminder":3,"Peace Pipe":69,"Lizard Tail":10,"Bronze Scales":50,"Prayer Wheel":58,"Philosopher\u0027s Stone":80,"Champion Belt":3,"FossilizedHelix":70,"Unceasing Top":95,"Runic Pyramid":31}],"Unceasing Top":[1]},"card_choices":[{"not_picked":["Flex","Wild Strike"],"picked":"Shrug It Off","floor":1},{"not_picked":["Flex","True Grit"],"picked":"Metallicize","floor":4},{"not_picked":["Anger","Shockwave"],"picked":"Clothesline","floor":6},{"not_picked":["Seeing Red","Burning Pact"],"picked":"Dropkick","floor":8},{"not_picked":["Sword Boomerang","Twin Strike"],"picked":"True Grit","floor":10},{"not_picked":["Twin Strike","Havoc"],"picked":"Rage","floor":11},{"not_picked":["Impervious","Limit Break"],"picked":"Bludgeon","floor":16},{"not_picked":["Flame Barrier","Sword Boomerang","Warcry"],"picked":"SKIP","floor":18},{"not_picked":["Bloodletting","Combust","Headbutt+1"],"picked":"SKIP","floor":21},{"not_picked":["Anger","Warcry+1","True Grit"],"picked":"SKIP","floor":24},{"not_picked":["Sword Boomerang","Perfected Strike+1"],"picked":"Battle Trance+1","floor":27},{"not_picked":["Havoc","Entrench","Perfected Strike+1"],"picked":"SKIP","floor":27},{"not_picked":["Havoc","Battle Trance+1"],"picked":"Offering","floor":28},{"not_picked":["True Grit+1","Combust"],"picked":"Dropkick","floor":30},{"not_picked":["Impervious","Reaper"],"picked":"Offering","floor":33},{"not_picked":["Dark Embrace+1","Heavy Blade","Dual Wield"],"picked":"SKIP","floor":35},{"not_picked":["Shrug It Off","Wild Strike","Pummel+1"],"picked":"SKIP","floor":35},{"not_picked":["Entrench+1","Evolve+1"],"picked":"Thunderclap+1","floor":36},{"not_picked":["Warcry+1","Entrench+1","Inflame"],"picked":"SKIP","floor":36},{"not_picked":["Combust+1","Shrug It Off","Clash"],"picked":"SKIP","floor":41},{"not_picked":["Sword Boomerang+1","Disarm+1","Clash"],"picked":"SKIP","floor":41},{"not_picked":["Impervious","Berserk","Inflame"],"picked":"SKIP","floor":42},{"not_picked":["Spot Weakness+1","Warcry+1","Cleave+1"],"picked":"Burning Pact+1","floor":45},{"not_picked":["Havoc+1","Clothesline+1","Pommel Strike+1","Body Slam+1"],"picked":"SKIP","floor":45},{"not_picked":["Impervious","Uppercut+1","Perfected Strike+1","Pummel"],"picked":"SKIP","floor":47},{"not_picked":["Metallicize+1","Iron Wave","Pummel+1","Havoc+1"],"picked":"SKIP","floor":47},{"not_picked":["Limit Break","Rupture+1","Sword Boomerang+1","Shrug It Off"],"picked":"SKIP","floor":48}],"player_experience":272430,"relics_obtained":[{"floor":6,"key":"Champion Belt"},{"floor":8,"key":"Self Forming Clay"},{"floor":9,"key":"Lizard Tail"},{"floor":11,"key":"Darkstone Periapt"},{"floor":24,"key":"Prayer Wheel"},{"floor":26,"key":"Blue Candle"},{"floor":28,"key":"Peace Pipe"},{"floor":30,"key":"FossilizedHelix"},{"floor":38,"key":"Unceasing Top"},{"floor":42,"key":"Question Card"},{"floor":43,"key":"Pen Nib"},{"floor":48,"key":"Omamori"}],"event_choices":[{"damage_healed":0,"gold_gain":0,"player_choice":"Ignored","damage_taken":0,"max_hp_gain":0,"max_hp_loss":0,"event_name":"Liars Game","floor":2,"gold_loss":0},{"damage_healed":0,"gold_gain":0,"player_choice":"Bought 2 Potions","damage_taken":0,"max_hp_gain":0,"max_hp_loss":0,"event_name":"The Woman in Blue","floor":3,"gold_loss":0},{"damage_healed":0,"gold_gain":0,"player_choice":"Donut","damage_taken":0,"max_hp_gain":5,"max_hp_loss":0,"event_name":"Big Fish","floor":5,"gold_loss":0},{"cards_removed":["Defend_R"],"damage_healed":0,"gold_gain":0,"player_choice":"Card Removal","damage_taken":0,"max_hp_gain":0,"max_hp_loss":0,"event_name":"The Cleric","floor":14,"gold_loss":50},{"damage_healed":0,"gold_gain":99,"player_choice":"Stole From Cult","damage_taken":0,"max_hp_gain":0,"max_hp_loss":0,"event_name":"Nest","floor":20,"gold_loss":0},{"damage_healed":0,"gold_gain":0,"player_choice":"Obtained Relic","damage_taken":0,"relics_obtained":["Bronze Scales"],"max_hp_gain":0,"max_hp_loss":0,"event_name":"Addict","floor":22,"gold_loss":85},{"damage_healed":0,"gold_gain":0,"cards_transformed":["Strike_R","Defend_R"],"player_choice":"Became Test Subject","damage_taken":0,"max_hp_gain":0,"max_hp_loss":0,"event_name":"Drug Dealer","floor":31,"gold_loss":0,"cards_obtained":["Metallicize","Double Tap"]},{"damage_healed":0,"gold_gain":0,"player_choice":"Fight","damage_taken":0,"max_hp_gain":0,"max_hp_loss":0,"event_name":"MindBloom","floor":38,"gold_loss":0},{"damage_healed":0,"gold_gain":0,"player_choice":"Ignored","damage_taken":0,"max_hp_gain":0,"max_hp_loss":0,"event_name":"SecretPortal","floor":39,"gold_loss":0},{"damage_healed":0,"gold_gain":0,"player_choice":"Max HP","damage_taken":0,"max_hp_gain":0,"max_hp_loss":4,"event_name":"Winding Halls","floor":44,"gold_loss":0}],"is_beta":false,"boss_relics":[{"not_picked":["Tiny House","Black Star"],"picked":"Runic Pyramid"},{"not_picked":["Velvet Choker","Black Blood"],"picked":"Philosopher\u0027s Stone"}],"items_purged_floors":[13,37],"is_endless":false,"potions_floor_spawned":[4,8,10,11,24,33,42,45,48],"ascension_level":4}}