{"host":"9xv6exvwmlpefxuw","time":1611544691,"event":{"mods":["ATMod(阿瑾Mod)","AchievementEnabler","Act Like it!","Aspiration","BaseMod","Chen","Colored Powertips","Conspire","Downfall","Friendly Minions","Gensokyo","GifTheSpireLib","KinomotoSakuraMod(木之本樱)","Koishi","KomeijiMod","Lobotomy","LobotomyExtend","Marisa（F雨　魔理沙）","Minty Spire (QoL Compilation)","MostiFishMod","Pale of the Ancients","Rare Cards Sparkle","Reimu（博丽灵梦）","Remilia_Scarlet Moed（蕾米莉亚・斯卡雷特）3.3.5","Remilia（蕾米莉亚）","RumiaBox-露米娅的神秘盒子","StSLib","The Administrix","The Mystic","The Servant 0.9.4","WarShipGirlsR/战舰少女R mod","Yakumo Yukari mod","Youmu（魂魄妖梦）","Yuyuko","[IsaacMod]以撒尖塔","[功能]功能增强和修复MOD","【功能Mod】混沌之环修复补丁","【功能Mod】聪明的最终Boss","【遗物卡牌】REMEMod"],"gold_per_floor":[19,35,51,63,13,39,52,77,145,178,192,242,192,202,202,301,301,321,336,296,296,127,159,159,189,189,222,237,269,281,381,381,480,480,498,358,358,368,368,397,397,430,504,504,535,545,576,576,576,576,576,576,456,487,487],"floor_reached":56,"language":"ZHS","playtime":2758,"items_purged":["Defend_R","Defend_R","Defend_R","Defend_R","MostiFishMod:RainCloud","Corruption","AT_Dispersion","Juggernaut","conspire:HitWhereItHurts","AT_ShrugMaster","Disarm","Infernal Blade","Inflame"],"score":1877,"play_id":"5825a20f-f6ae-48b8-9ae5-ea7580e603c7","local_time":"20210125111811","is_ascension_mode":true,"campfire_choices":[{"floor":15,"key":"RECALL"},{"data":"REME_ACTH","floor":24,"key":"SMITH"},{"data":"MostiFishMod:DarkDeal","floor":32,"key":"SMITH"},{"data":"MostiFishMod:RacingGame","floor":41,"key":"SMITH"},{"data":"Double Tap","floor":44,"key":"SMITH"},{"data":"MostiFishMod:HellRitual","floor":49,"key":"SMITH"},{"data":"MostiFishMod:#F4004","floor":52,"key":"SMITH"}],"circlet_count":0,"master_deck":["EpicFetus+1","Anger+1","Rampage","Iron Wave+1","MostiFishMod:#F4004+1","MostiFishMod:OrdinaryWorld","Twin Strike","Cleave","MostiFishMod:DarkDeal+1","REME_ACTH+1","Flex","Heavy Blade+1","MostiFishMod:RacingGame+1","EpicFetus+1","Double Tap+1","MostiFishMod:HellRitual+1","Flex+1","Madness+1","Madness+1"],"relics":["Burning Blood","AT_ATBox","HushsDoor","KeepersGift","REME_ComplimentaryCards","DaveBox","EGODaCapo","Lizard Tail","SynthV:TestCard","Lantern","SteamSale","Whetstone","LastBattle","NineVolt","ChiLing","Chi","Ling","LetterFromLob","BloodWine","Bottled Tornado","conspire:Flyswatter","aspiration:HatOfInfinitePower","ZombieArmy","Omamori","Anchor","Blue Candle","ChiXiaoBlade","DollysMirror","SumBook","TuHaoJin","White Beast Statue","PillsDrop","GodSword1","Toxic Egg 2","Bag of Preparation","Oddly Smooth Stone","HandDrill","Mastiff:ReiMu"],"acts_visited":["Exordium","TheCity","TheBeyond","TheEnding"],"potions_floor_usage":[],"damage_taken":[{"damage":4,"enemies":"Jaw Worm","floor":1,"turns":4},{"damage":3,"enemies":"Small Slimes","floor":2,"turns":3},{"damage":5,"enemies":"2 Louse","floor":3,"turns":2},{"damage":7,"enemies":"Red Slaver","floor":4,"turns":3},{"damage":10,"enemies":"3 Sentries","floor":6,"turns":4},{"damage":2,"enemies":"Looter","floor":7,"turns":3},{"damage":11,"enemies":"Lagavulin","floor":8,"turns":5},{"damage":16,"enemies":"Gremlin Nob","floor":10,"turns":4},{"damage":0,"enemies":"conspire:2 RoseBushes","floor":11,"turns":3},{"damage":9,"enemies":"Hiden Room Battle","floor":12,"turns":4},{"damage":0,"enemies":"2 Fungi Beasts","floor":14,"turns":2},{"damage":0,"enemies":"The Guardian","floor":16,"turns":6},{"damage":2,"enemies":"conspire:FuzzyDice","floor":18,"turns":2},{"damage":4,"enemies":"3 Byrds","floor":19,"turns":1},{"damage":20,"enemies":"Slavers","floor":23,"turns":2},{"damage":3,"enemies":"REME_1_Revenger","floor":25,"turns":3},{"damage":7,"enemies":"conspire:Head Lice","floor":27,"turns":2},{"damage":2,"enemies":"Cultist and Chosen","floor":28,"turns":2},{"damage":1,"enemies":"Slavers","floor":29,"turns":2},{"damage":0,"enemies":"Snake Plant","floor":30,"turns":2},{"damage":2,"enemies":"Collector","floor":33,"turns":2},{"damage":0,"enemies":"3 Darklings","floor":35,"turns":1},{"damage":1,"enemies":"3 Shapes","floor":38,"turns":1},{"damage":5,"enemies":"Nemesis","floor":40,"turns":3},{"damage":8,"enemies":"Giant Head","floor":42,"turns":2},{"damage":8,"enemies":"Reptomancer","floor":45,"turns":2},{"damage":3,"enemies":"Transient","floor":46,"turns":2},{"damage":13,"enemies":"Nemesis","floor":47,"turns":3},{"damage":0,"enemies":"conspire:OrnateMirror","floor":50,"turns":1},{"damage":4,"enemies":"Shield and Spear","floor":54,"turns":2},{"damage":3,"enemies":"Delirium","floor":55,"turns":3}],"seed_played":"-2088205568503518881","potions_obtained":[{"floor":1,"key":"GrandPatriotsElixir:ReiMu"},{"floor":3,"key":"ColorlessPotion"},{"floor":7,"key":"Block Potion"}],"is_trial":false,"path_per_floor":["M","M","M","M","?","E","M","E","T","E","M","?","$","M","R","B",null,"M","M","?","?","$","E","R","E","T","E","M","E","M","?","R","B",null,"M","$","?","M","?","E","R","E","T","R","E","M","E","?","R","B",null,"R","$","E","B",null],"character_chosen":"IRONCLAD","items_purchased":["ChiLing","REME_ACTH","Bottled Tornado","conspire:Flyswatter","DollysMirror","SumBook","Bag of Preparation","Oddly Smooth Stone","HandDrill"],"campfire_rested":0,"item_purchase_floors":[13,22,22,22,36,36,53,53,53],"current_hp_per_floor":[80,80,80,79,79,75,79,74,74,64,70,67,67,73,73,79,80,80,80,80,80,80,66,66,78,78,77,80,80,80,80,80,80,80,80,80,80,80,80,80,80,78,78,78,76,82,78,67,67,73,86,86,86,86,86],"gold":487,"neow_bonus":"ONE_RARE_RELIC","is_daily":false,"chose_seed":false,"campfire_upgraded":6,"win_rate":0.0,"timestamp":1611544691,"path_taken":["M","M","M","M","?","E","M","E","T","E","M","?","$","M","R","BOSS","M","M","?","?","$","E","R","E","T","E","M","E","M","?","R","BOSS","M","$","?","M","?","E","R","E","T","R","E","M","E","?","R","BOSS","R","$","E","BOSS"],"items_purchased_type":["Relic","Card","Relic","Relic","Relic","Relic","Relic","Relic","Relic"],"build_version":"2020-12-22","purchased_purges":13,"victory":true,"max_hp_per_floor":[80,80,80,80,80,80,80,80,80,80,80,80,80,80,80,80,80,80,80,80,80,80,80,80,80,80,80,80,80,80,80,80,80,80,80,80,80,80,80,80,80,80,80,80,80,83,86,86,86,86,86,86,86,86,86],"card_choices":[{"not_picked":[],"picked":"EpicFetus","floor":0},{"not_picked":["Wild Strike","Sword Boomerang"],"picked":"Anger","floor":1},{"not_picked":["Twin Strike","Shrug It Off","Bomb","Warcry"],"picked":"Rampage","floor":2},{"not_picked":["Dual Wield","Feel No Pain","Shrug It Off","Thunderclap"],"picked":"Infernal Blade","floor":3},{"not_picked":["True Grit","Wild Strike","Clash","Rampage"],"picked":"Disarm","floor":4},{"not_picked":["Cleave","Fire Breathing","MostiFishMod:404NotFound","REME_SingleHolding"],"picked":"Iron Wave","floor":6},{"not_picked":["Whirlwind","Hemokinesis","REME_Cut","Battle Trance"],"picked":"AT_ShrugMaster","floor":7},{"not_picked":["Second Wind","Wild Strike","Iron Wave","Perfected Strike"],"picked":"MostiFishMod:#F4004","floor":8},{"not_picked":["Rupture","Clothesline","MostiFishMod:BrandingRite","Blood for Blood"],"picked":"MostiFishMod:OrdinaryWorld","floor":10},{"not_picked":["Havoc","Sword Boomerang","Wild Strike","REME_SingleHolding"],"picked":"Bomb","floor":11},{"not_picked":["Sword Boomerang","Shrug It Off","conspire:ExplosiveBarrier","MostiFishMod:UltimateDefense"],"picked":"Twin Strike","floor":12},{"not_picked":["AT_BodySlamDance","Body Slam","Wild Strike","Warcry"],"picked":"Cleave","floor":14},{"not_picked":["Brutality","MostiFishMod:WingOfPhoenix","conspire:Purge","Juggernaut"],"picked":"MostiFishMod:DarkDeal","floor":16},{"not_picked":["MostiFishMod:BrandingRite","Warcry","REME_SingleHolding","Wild Strike"],"picked":"Flex","floor":18},{"not_picked":["Anger","conspire:Charge","AT_ShrugMaster","Havoc","Pummel+1"],"picked":"SKIP","floor":19},{"not_picked":["Wild Strike","Clothesline+1","AT_IchimonjiDouble","Dark Embrace+1"],"picked":"Flex","floor":23},{"not_picked":["Anger","Bloodletting+1","conspire:Charge","Disarm","Rampage"],"picked":"SKIP","floor":25},{"not_picked":["Whirlwind","REME_Scribble","conspire:HitWhereItHurts","Pommel Strike+1"],"picked":"Inflame","floor":27},{"not_picked":["Havoc","AT_DrawKnifeCut","Flex","Body Slam"],"picked":"Heavy Blade+1","floor":28},{"not_picked":["Sever Soul","Reckless Charge","Warcry","Clash+1","AT_ShrugMaster+1"],"picked":"SKIP","floor":29},{"not_picked":["Clash+1","Flex","Perfected Strike","Ghostly Armor","Shrug It Off"],"picked":"SKIP","floor":30},{"not_picked":["Double Tap","Feed","REME_ACTH","Exhume"],"picked":"MostiFishMod:RacingGame","floor":33},{"not_picked":["Perfected Strike+1","Clash+1","AT_DrawKnifeCut+1","Wild Strike","Thunderclap+1"],"picked":"SKIP","floor":35},{"not_picked":["Inflame","Clash+1","Havoc","Perfected Strike","Flex"],"picked":"SKIP","floor":38},{"not_picked":["Anger","Armaments","Pommel Strike+1","Flex+1","Clash"],"picked":"SKIP","floor":40},{"not_picked":["AT_BodySlamDance+1","Dark Embrace","Iron Wave+1","Intimidate+1","AT_DrawKnifeCut+1"],"picked":"SKIP","floor":42},{"not_picked":["Pummel+1","Perfected Strike+1","Reckless Charge+1","AT_DiedThrough+1"],"picked":"MostiFishMod:HellRitual","floor":45},{"not_picked":["Intimidate+1","Metallicize+1","MostiFishMod:BrandingRite+1","Body Slam+1","Shrug It Off+1"],"picked":"SKIP","floor":46},{"not_picked":["Shrug It Off+1","Whirlwind+1","Disarm+1","AT_BodySlamDance+1"],"picked":"Flex+1","floor":47},{"not_picked":["MostiFishMod:FireWorks+1","AT_DiedThrough+1","Havoc+1","Metallicize+1","Perfected Strike"],"picked":"SKIP","floor":54}],"player_experience":140764,"relics_obtained":[{"floor":1,"key":"SynthV:TestCard"},{"floor":6,"key":"Lantern"},{"floor":8,"key":"SteamSale"},{"floor":10,"key":"Whetstone"},{"floor":12,"key":"LastBattle"},{"floor":12,"key":"NineVolt"},{"floor":16,"key":"LetterFromLob"},{"floor":23,"key":"aspiration:HatOfInfinitePower"},{"floor":25,"key":"ZombieArmy"},{"floor":26,"key":"Omamori"},{"floor":27,"key":"Anchor"},{"floor":29,"key":"Blue Candle"},{"floor":40,"key":"TuHaoJin"},{"floor":42,"key":"White Beast Statue"},{"floor":43,"key":"PillsDrop"},{"floor":45,"key":"GodSword1"},{"floor":47,"key":"Toxic Egg 2"},{"floor":54,"key":"Mastiff:ReiMu"}],"event_choices":[{"cards_removed":["Strike_R"],"damage_healed":0,"gold_gain":0,"player_choice":"Card Removal","damage_taken":0,"max_hp_gain":0,"max_hp_loss":0,"event_name":"The Cleric","floor":5,"gold_loss":50},{"damage_healed":0,"gold_gain":0,"player_choice":"Fight","damage_taken":0,"max_hp_gain":0,"max_hp_loss":0,"event_name":"HidenRoomEvent","floor":12,"gold_loss":0},{"damage_healed":0,"gold_gain":0,"player_choice":"Upgrade","damage_taken":0,"max_hp_gain":0,"max_hp_loss":0,"event_name":"Designer","floor":20,"gold_loss":40,"cards_upgraded":["EpicFetus"]},{"damage_healed":0,"gold_gain":0,"cards_transformed":["Flex"],"player_choice":"Transformed","damage_taken":0,"max_hp_gain":0,"max_hp_loss":0,"event_name":"Transmorgrifier","floor":37,"gold_loss":0,"cards_obtained":["Double Tap"]},{"damage_healed":0,"gold_gain":0,"player_choice":"Ignored","damage_taken":0,"max_hp_gain":0,"max_hp_loss":0,"event_name":"Tomb of Lord Red Mask","floor":39,"gold_loss":0},{"damage_healed":0,"gold_gain":0,"player_choice":"Embrace Madness","damage_taken":11,"max_hp_gain":0,"max_hp_loss":0,"event_name":"Winding Halls","floor":48,"gold_loss":0,"cards_obtained":["Madness","Madness"]}],"is_beta":false,"boss_relics":[{"not_picked":["Fusion Hammer","conspire:SeveredTorchhead"],"picked":"BloodWine"},{"not_picked":[]},{"not_picked":["REME_DemonsWealth","aspiration:WatcherSkillbook"],"picked":"ChiXiaoBlade"},{"not_picked":[]}],"items_purged_floors":[13,13,13,22,36,36,36,36,36,36,36,36,53],"is_endless":false,"potions_floor_spawned":[1,3,7,7,10,10,11,12,16,19,19,25,27,28,29,30,30,30,33,38,42,45,46,46,47,47,47,47,54],"ascension_level":2}}