{"host":"raai0vtvcfkt8csp","time":1611567356,"event":{"mods":["2.2 Compatiblity","BaseMod","Beaked The Cultist","Block Reminder","Booster Modes","Clockwork Mod","Custom Start","DeckTracker","Defective Defect","Defuse TimeMaze Blight","Dio Mod","GifTheSpireLib","Infinite Spire","Minty Spire (QoL Compilation)","Quick Restart","Random Character Button","Rare Cards Sparkle","StSLib","The Marked","Unceasing Turn Reminder"],"gold_per_floor":[119,119,139,149,60,87,87,112,112,137,148,76,96,112,112,214,214,228,244,244,263,274,305,323,354,380,391,391,391],"floor_reached":28,"language":"ENG","playtime":3087,"items_purged":[],"score":557,"play_id":"fab30afc-2d1d-4a8d-9d9d-d9df6eb0c770","local_time":"20210125103556","is_ascension_mode":true,"campfire_choices":[{"data":"Clockwork:ElasticNanites","floor":7.0,"key":"SMITH"},{"data":"Clockwork:UnlimitedCogworks","floor":15,"key":"SMITH"}],"circlet_count":0,"master_deck":["Clockwork:LogisticRegression","Clockwork:UnlimitedCogworks+1","Clockwork:LogisticRegression","Clockwork:UnlimitedCogworks","Clockwork:LogisticRegression","Clockwork:UnlimitedCogworks","Clockwork:LogisticRegression","Clockwork:UnlimitedCogworks","Clockwork:LogisticRegression","Clockwork:UnlimitedCogworks","Clockwork:LogisticRegression","Clockwork:UnlimitedCogworks","Clockwork:LogisticRegression","Clockwork:UnlimitedCogworks","Clockwork:LogisticRegression","Clockwork:UnlimitedCogworks","Clockwork:LogisticRegression","Clockwork:UnlimitedCogworks","Clockwork:LogisticRegression","Clockwork:UnlimitedCogworks","Clockwork:ElasticNanites+1","Clockwork:SystemScan","Clockwork:AdaptiveShield","Flash of Steel","Clockwork:SearchingStrike","Clockwork:CogBarrier","Clockwork:AssemblyLine","Clockwork:ElasticNanites","Clockwork:AssemblyLine","Clockwork:CogToss","Clockwork:SnapKeep","Clockwork:PerfectForm","Clockwork:ElasticNanites","Clockwork:EnthusiasticStrike","Clockwork:RampUp","Clockwork:EnthusiasticStrike+1"],"relics":["Clockwork:MomentumEngine","Anchor","Mummified Hand","Bronze Scales","CaptainsWheel","Meat on the Bone","Clockwork:GoldenCog","MealTicket","beaked:SacredDeck","infinitespire:Beetle Shell","Clockwork:Varja","Omamori","Orichalcum"],"acts_visited":["Exordium","TheCity"],"potions_floor_usage":[28],"damage_taken":[{"damage":12.0,"enemies":"Small Slimes","floor":1.0,"turns":3.0},{"damage":6.0,"enemies":"Cultist","floor":3.0,"turns":3.0},{"damage":6.0,"enemies":"Jaw Worm","floor":4.0,"turns":3.0},{"damage":0.0,"enemies":"Lagavulin","floor":6.0,"turns":3.0},{"damage":0.0,"enemies":"Gremlin Nob","floor":8.0,"turns":4.0},{"damage":0.0,"enemies":"Lagavulin","floor":10.0,"turns":4.0},{"damage":2.0,"enemies":"Lots of Slimes","floor":11.0,"turns":3.0},{"damage":6.0,"enemies":"2 Fungi Beasts","floor":13.0,"turns":3.0},{"damage":0,"enemies":"Exordium Wildlife","floor":14,"turns":3},{"damage":0,"enemies":"Slime Boss","floor":16,"turns":6},{"damage":6,"enemies":"Shell Parasite","floor":18,"turns":4},{"damage":7,"enemies":"Chosen","floor":19,"turns":8},{"damage":1,"enemies":"Shelled Parasite and Fungi","floor":21,"turns":4},{"damage":9,"enemies":"Centurion and Healer","floor":22,"turns":3},{"damage":6,"enemies":"Book of Stabbing","floor":23,"turns":3},{"damage":17,"enemies":"Snake Plant","floor":24,"turns":3},{"damage":33,"enemies":"Slavers","floor":25,"turns":3},{"damage":15,"enemies":"3 Cultists","floor":27,"turns":4},{"damage":34,"enemies":"Gremlin Leader","floor":28,"turns":2}],"seed_played":"-3136736645021224684","potions_obtained":[{"floor":3.0,"key":"SneckoOil"},{"floor":8.0,"key":"BlessingOfTheForge"},{"floor":10.0,"key":"SteroidPotion"}],"is_trial":true,"path_per_floor":["M","?","M","M","$","E","R","E","T","E","M","$","M","M","R","B",null,"M","M","$","M","M","E","M","E","T","M","E"],"character_chosen":"CLOCKWORK","items_purchased":["Flash of Steel","Clockwork:AssemblyLine"],"campfire_rested":0,"item_purchase_floors":[5,12],"current_hp_per_floor":[73,73,67,61,61,61,61,61,61,61,59,74,68,68,68,68,85,79,72,85,84,75,69,52,31,31,28,0,0],"gold":391,"neow_bonus":"","is_daily":false,"chose_seed":false,"campfire_upgraded":2,"win_rate":0.0,"timestamp":1611567356,"path_taken":["M","?","M","?","$","E","R","E","T","E","?","?","?","M","R","BOSS","M","M","$","?","M","E","M","E","T","M","E"],"items_purchased_type":["Card","Card"],"build_version":"2020-12-22","purchased_purges":0,"victory":false,"max_hp_per_floor":[85,85,85,85,85,85,85,85,85,85,85,85,85,85,85,85,85,85,85,85,85,85,85,85,85,85,85,85,85],"card_choices":[{"not_picked":["Clockwork:ChargingBlade","Clockwork:Redundancy"],"picked":"Clockwork:ElasticNanites","floor":1.0},{"not_picked":["Clockwork:PerfectedStrike","Clockwork:ForgeStrike"],"picked":"Clockwork:SystemScan","floor":3.0},{"not_picked":["Clockwork:CogShield","Clockwork:SearchingStrike"],"picked":"Clockwork:AdaptiveShield","floor":4.0},{"not_picked":["Clockwork:SearingStrike","Clockwork:AdaptiveShield"],"picked":"Clockwork:SearchingStrike","floor":6.0},{"not_picked":["Clockwork:SmithsMallet","Clockwork:QuantumStrike"],"picked":"Clockwork:CogBarrier","floor":8.0},{"not_picked":["Clockwork:Randomization","Clockwork:SearingStrike"],"picked":"Clockwork:AssemblyLine","floor":10.0},{"not_picked":["Clockwork:AssemblyLine","Clockwork:CogToss"],"picked":"Clockwork:ElasticNanites","floor":11.0},{"not_picked":["Clockwork:Minimalism","Clockwork:Pluck"],"picked":"Clockwork:CogToss","floor":13},{"not_picked":["Clockwork:Friction","Clockwork:AdaptiveCannon"],"picked":"Clockwork:SnapKeep","floor":14},{"not_picked":["Clockwork:CraftQuicksilverHourglass","Clockwork:WindupStrike"],"picked":"Clockwork:PerfectForm","floor":16},{"not_picked":["Clockwork:Redundancy","Clockwork:Friction","Clockwork:CogBarrier"],"picked":"SKIP","floor":18},{"not_picked":["Clockwork:FalseStart+1","Clockwork:Efficiency+1"],"picked":"Clockwork:CraftVarja","floor":19},{"not_picked":["Clockwork:AdaptiveShield+1","Clockwork:CogShield+1"],"picked":"Clockwork:EnthusiasticStrike","floor":21},{"not_picked":["Clockwork:ForgeStrike","Clockwork:ChargingShield","Clockwork:SnapKeep"],"picked":"SKIP","floor":22},{"not_picked":["Clockwork:Enhance+1","Clockwork:PerfectedStrike"],"picked":"Clockwork:RampUp","floor":23},{"not_picked":["Clockwork:Redundancy","Clockwork:LogisticRegression+1","Clockwork:Efficiency"],"picked":"SKIP","floor":24},{"not_picked":["Clockwork:CraftCopperScales+1","Clockwork:Pluck"],"picked":"Clockwork:EnthusiasticStrike+1","floor":25},{"not_picked":["Clockwork:ReserveSystems","Clockwork:Clone+1","Clockwork:AdaptiveShield+1"],"picked":"SKIP","floor":27}],"player_experience":922164,"relics_obtained":[{"floor":6.0,"key":"Bronze Scales"},{"floor":8.0,"key":"CaptainsWheel"},{"floor":9.0,"key":"Meat on the Bone"},{"floor":10.0,"key":"MealTicket"},{"floor":23,"key":"infinitespire:Beetle Shell"},{"floor":25,"key":"Omamori"},{"floor":26,"key":"Orichalcum"}],"event_choices":[{"damage_healed":0.0,"max_hp_gain":0.0,"max_hp_loss":0.0,"gold_gain":0.0,"event_name":"Purifier","player_choice":"Ignored","floor":2.0,"gold_loss":0.0,"damage_taken":0.0}],"is_beta":false,"boss_relics":[{"not_picked":["Velvet Choker","Astrolabe"],"picked":"beaked:SacredDeck"}],"items_purged_floors":[],"is_endless":false,"potions_floor_spawned":[3,8,10,14,18,22,23,27],"killed_by":"Gremlin Leader","ascension_level":1}}