{"host":"61r95uy0hn86b9iu","time":1611551918,"event":{"mods":["AchievementEnabler","BaseMod","Better Vampires","BetterRewards","Colored Powertips","Hubris","Minty Spire (QoL Compilation)","Shop Mod","StSLib"],"gold_per_floor":[111,122,397,412,55,55,81,93,93,93,121,15,31,93,93,167,167,184,184,184],"floor_reached":19,"language":"ENG","playtime":613,"items_purged":["Strike_B","Regret","Strike_B"],"score":537,"play_id":"608a073c-2a55-446c-88b6-1fb3a0956922","local_time":"20210124231838","is_ascension_mode":true,"campfire_choices":[{"floor":6,"key":"REST"},{"floor":10,"key":"REST"},{"floor":15,"key":"REST"}],"circlet_count":0,"master_deck":["AscendersBane","Strike_B","Strike_B","Defend_B","Defend_B","Defend_B","Defend_B+1","Zap","Dualcast+1","Conserve Battery","Capacitor","Defragment","Conserve Battery","Defragment","Leap","Sunder","Creative AI","Leap","Consume","Thunder Strike","Lockon","Fission"],"relics":["Cracked Core","hubris:TenFootPole","Membership Card","Bronze Scales","PreservedInsect","Oddly Smooth Stone","Singing Bowl","Runic Capacitor","MerchantsRug","Juzu Bracelet","Shuriken","Toy Ornithopter","hubris:OldNail","hubris:GrandSneckoEye"],"acts_visited":["Exordium","TheCity"],"potions_floor_usage":[5,11,18],"damage_taken":[{"damage":0,"enemies":"Cultist","floor":1,"turns":5},{"damage":6,"enemies":"Small Slimes","floor":2,"turns":3},{"damage":0,"enemies":"2 Louse","floor":4,"turns":2},{"damage":16,"enemies":"3 Sentries","floor":7,"turns":7},{"damage":4,"enemies":"Lots of Slimes","floor":8,"turns":4},{"damage":10,"enemies":"Gremlin Nob","floor":11,"turns":3},{"damage":11,"enemies":"Looter","floor":13,"turns":2},{"damage":28,"enemies":"Slime Boss","floor":16,"turns":7},{"damage":33,"enemies":"Shell Parasite","floor":18,"turns":5},{"damage":57,"enemies":"Masked Bandits","floor":19,"turns":4}],"seed_played":"4528891473228036907","potions_obtained":[{"floor":7,"key":"SpeedPotion"},{"floor":8,"key":"DistilledChaos"},{"floor":16,"key":"Fire Potion"}],"is_trial":false,"path_per_floor":["M","M","?","M","$","R","E","M","T","R","E","$","M","?","R","B",null,"M","?"],"character_chosen":"DEFECT","items_purchased":["hubris:TenFootPole","Conserve Battery","Membership Card","Bronze Scales","PreservedInsect","Capacitor","Defragment","Oddly Smooth Stone","Conserve Battery","Singing Bowl","Runic Capacitor","Defragment","MerchantsRug","Strawberry","Leap","Fruit Juice","Juzu Bracelet","Shuriken","Creative AI","Leap","hubris:OldNail","Lockon"],"campfire_rested":3,"item_purchase_floors":[0,0,0,0,0,0,0,0,0,0,0,0,0,0,0,5,5,5,5,5,12,12],"current_hp_per_floor":[31,27,27,27,32,58,42,40,40,66,61,61,52,52,79,51,81,55,0,0],"gold":184,"neow_bonus":"","is_daily":false,"chose_seed":false,"campfire_upgraded":0,"win_rate":0.0,"timestamp":1611551918,"path_taken":["M","?","?","?","?","R","E","M","T","R","E","$","M","?","R","BOSS","M","?"],"items_purchased_type":["Relic","Card","Relic","Relic","Relic","Card","Card","Relic","Card","Relic","Relic","Card","Relic","Relic","Card","Potion","Relic","Relic","Card","Card","Relic","Card"],"build_version":"2020-12-22","purchased_purges":3,"victory":false,"max_hp_per_floor":[80,82,82,82,87,87,87,89,89,89,89,89,91,91,91,91,91,93,93,93],"card_choices":[{"not_picked":["Steam","Barrage","Coolheaded"],"picked":"Singing Bowl","floor":1},{"not_picked":["Steam","Steam Power","Rebound"],"picked":"Singing Bowl","floor":2},{"not_picked":["Compile Driver","Scrape"],"picked":"Sunder","floor":4},{"not_picked":["Ball Lightning","Coolheaded"],"picked":"Consume","floor":7},{"not_picked":["Recycle","Rebound","Stack"],"picked":"Singing Bowl","floor":8},{"not_picked":["Compile Driver","Undo"],"picked":"Thunder Strike","floor":11},{"not_picked":["Hologram","Compile Driver","Steam"],"picked":"Singing Bowl","floor":13},{"not_picked":["hubris:DoWhile","hubris:Prefetch"],"picked":"Fission","floor":16},{"not_picked":["Ball Lightning","Cold Snap","Compile Driver"],"picked":"Singing Bowl","floor":18}],"player_experience":3302016,"relics_obtained":[{"floor":7,"key":"Dead Branch"},{"floor":9,"key":"Toy Ornithopter"},{"floor":11,"key":"War Paint"}],"event_choices":[{"damage_healed":0,"gold_gain":275,"player_choice":"Desecrate","damage_taken":0,"max_hp_gain":0,"max_hp_loss":0,"event_name":"Golden Shrine","floor":3,"gold_loss":0,"cards_obtained":["Regret"]},{"damage_healed":0,"gold_gain":62,"player_choice":"Gained Gold","damage_taken":0,"max_hp_gain":0,"max_hp_loss":0,"event_name":"Golden Wing","floor":14,"gold_loss":0},{"damage_healed":0,"gold_gain":0,"player_choice":"Fought Bandits","damage_taken":0,"max_hp_gain":0,"max_hp_loss":0,"event_name":"Masked Bandits","floor":19,"gold_loss":0}],"is_beta":false,"boss_relics":[{"not_picked":["Velvet Choker","hubris:BlackHole"],"picked":"hubris:GrandSneckoEye"}],"items_purged_floors":[0,5,12],"is_endless":false,"potions_floor_spawned":[7,8,16],"killed_by":"Masked Bandits","ascension_level":17}}