{"host":"l1bfbgeb3oxa8ieg","time":1611571544,"event":{"mods":["AlwaysNeverKeys","Aspiration","BaseMod","Beaked The Cultist","Better Match","Better Note","Better Third Choice","BetterRewards","Colored Powertips","Conspire","Energized Spire","Fiend Mod","Friendly Minions","Halation","Infinite Spire","Minty Spire (QoL Compilation)","Permanent Neow","Quick Restart","Replay The Spire","Shop Mod","Spicy Shops","Spikes Relics","StSLib","TestMod","The Blackbeard","The Mystic","The Necromancer","Uncapped","UnlockEverythingMod"],"gold_per_floor":[117,117,66,77,77,77,2,15,15,48,67,67,67,79,79,180,180,190,113,133,133,133,159,109,109,132,147,167,202,202,237,237,342,342,358,369,369,369,379,413,413,440,440,454,454,467,491,507,507,507,507,507,10,51,51,51],"floor_reached":55,"language":"ENG","playtime":4831,"items_purged":["Injury","Strike_G"],"score":812,"play_id":"5937e3d5-6ceb-4f96-b545-5e0d36b2d582","local_time":"20210125114544","is_ascension_mode":false,"campfire_choices":[{"data":"Footwork","floor":6.0,"key":"SMITH"},{"data":"Cloak And Dagger","floor":12.0,"key":"SMITH"},{"data":"Survivor","floor":15.0,"key":"SMITH"},{"data":"A Thousand Cuts","floor":25.0,"key":"SMITH"},{"data":"Footwork","floor":32.0,"key":"SMITH"},{"data":"Neutralize","floor":45.0,"key":"SMITH"},{"data":"Slice","floor":45.0,"key":"SMITH"},{"data":"Well Laid Plans","floor":49.0,"key":"PURGE"},{"data":"Defend_G","floor":52.0,"key":"SMITH"},{"data":"Defend_G","floor":52.0,"key":"SMITH"}],"circlet_count":0,"master_deck":["Strike_G","Strike_G","Strike_G","Defend_G","Defend_G","Defend_G","Defend_G+1","Defend_G+1","Survivor+1","Neutralize+1","Hidden Blade+1","Cloak And Dagger+1","Footwork+1","Deflect+1","Blade Dance+1","Slice+1","Blade Dance+1","Storm of Steel+1","Footwork+1","Deflect+1","A Thousand Cuts+1","Blade Dance+1","Fluid Movement+1","Replay:Bag of Tricks+1","Outmaneuver+1","Terror+1"],"relics":["Ring of the Snake","testmod-TestBox","Sizzling Blood","Toxic Egg 2","aspiration:FetidBarrel","Letter Opener","conspire:TreasureMap","halation:Prosthetics","Garlic","Replay:Mystery Machine","halation:KoshaPiece","Eternal Feather","CeramicFish","Philosopher\u0027s Stone","Darkstone Periapt","StrikeDummy","Replay:Arrowhead","infinitespire:Lucky Rock","aspiration:Lifesprig","aspiration:FrozenJewel","Happy Flower"],"acts_visited":["Exordium","TheCity","TheBeyond","TheEnding"],"potions_floor_usage":[],"damage_taken":[{"damage":1.0,"enemies":"conspire:RoseBush","floor":1.0,"turns":3.0},{"damage":1.0,"enemies":"Jaw Worm","floor":4.0,"turns":5.0},{"damage":8.0,"enemies":"infinitespire:Voidling","floor":8.0,"turns":4.0},{"damage":3.0,"enemies":"Replay:BlueRogue","floor":10.0,"turns":9.0},{"damage":0.0,"enemies":"Lots of Slimes","floor":11.0,"turns":2.0},{"damage":0.0,"enemies":"2 Fungi Beasts","floor":14.0,"turns":3.0},{"damage":33.0,"enemies":"Hexaghost","floor":16.0,"turns":7.0},{"damage":3.0,"enemies":"Chosen","floor":18.0,"turns":2.0},{"damage":5.0,"enemies":"3 Byrds","floor":20.0,"turns":3.0},{"damage":6.0,"enemies":"Replay:Snechameleon","floor":23.0,"turns":5.0},{"damage":0.0,"enemies":"3 Cultists","floor":27.0,"turns":2.0},{"damage":4.0,"enemies":"Chosen and Byrds","floor":28.0,"turns":3.0},{"damage":0.0,"enemies":"conspire:SneckoGhost","floor":29.0,"turns":4.0},{"damage":8.0,"enemies":"conspire:Head Lice","floor":31.0,"turns":3.0},{"damage":23.0,"enemies":"Champ","floor":33.0,"turns":9.0},{"damage":8.0,"enemies":"3 Darklings","floor":35.0,"turns":4.0},{"damage":3.0,"enemies":"3 Shapes","floor":36.0,"turns":4.0},{"damage":1.0,"enemies":"Spire Growth","floor":39.0,"turns":4.0},{"damage":19.0,"enemies":"beaked:SuperParasite","floor":40.0,"turns":8.0},{"damage":0.0,"enemies":"R_Hoarder","floor":42.0,"turns":8.0},{"damage":4.0,"enemies":"Transient","floor":44.0,"turns":5.0},{"damage":11.0,"enemies":"3 Darklings","floor":46.0,"turns":3.0},{"damage":0.0,"enemies":"Sphere and 2 Shapes","floor":47.0,"turns":3.0},{"damage":5.0,"enemies":"Spire Growth","floor":48.0,"turns":3.0},{"damage":38.0,"enemies":"infinitespire:MassOfShapes","floor":50.0,"turns":11.0},{"damage":5.0,"enemies":"Shield and Spear","floor":54.0,"turns":6.0},{"damage":39,"enemies":"The Heart","floor":55,"turns":8}],"seed_played":"-2853934855368546172","potions_obtained":[{"floor":8.0,"key":"Fire Potion"},{"floor":10.0,"key":"PowerPotion"},{"floor":20.0,"key":"Block Potion"},{"floor":23.0,"key":"SpeedPotion"},{"floor":28.0,"key":"Block Potion"},{"floor":35.0,"key":"LifebloodPotion"},{"floor":40.0,"key":"DuplicationPotion"},{"floor":42.0,"key":"testmod-TestPotion"}],"is_trial":false,"path_per_floor":["M","?","$","M","?","R","$","M","T","E","M","R","?","M","R","B",null,"M","$","M","?","?","E","?","R","T","M","M","E","T","E","R","B",null,"M","M","?","T","M","E","?","E","T","M","R","M","M","M","R","B",null,"R","$","E","B"],"character_chosen":"THE_SILENT","items_purchased":["Cloak And Dagger","Footwork","aspiration:Lifesprig","aspiration:FrozenJewel"],"campfire_rested":0,"item_purchase_floors":[3,19,53,53],"current_hp_per_floor":[74,67,67,70,70,70,70,73,73,74,74,74,74,74,74,45,39,39,39,38,38,38,36,36,36,36,39,39,39,39,35,39,20,39,35,36,33,33,36,21,21,25,25,25,39,32,36,35,39,5,39,39,39,38,0,0],"gold":51,"neow_bonus":"NOSTALGIA","is_daily":false,"chose_seed":false,"campfire_upgraded":9,"win_rate":0.0,"timestamp":1611571544,"path_taken":["M","?","$","M","?","R","?","?","T","E","?","R","?","M","R","BOSS","M","$","M","?","?","E","?","R","T","?","M","E","?","E","R","BOSS","M","M","?","?","?","E","?","E","T","?","R","M","M","M","R","BOSS","R","$","E","BOSS"],"items_purchased_type":["Card","Card","Relic","Relic"],"build_version":"2020-12-22","purchased_purges":2,"victory":false,"max_hp_per_floor":[74,74,74,74,74,74,74,74,74,74,74,74,74,74,74,74,39,39,39,39,39,39,39,39,39,39,39,39,39,39,39,39,39,39,39,39,39,39,39,39,39,39,39,39,39,39,39,39,39,39,39,39,39,39,39,39],"card_choices":[{"not_picked":["Dagger Spray","Catalyst"],"picked":"Hidden Blade","floor":1.0},{"not_picked":["Flying Knee","Hidden Blade"],"picked":"Footwork","floor":4.0},{"not_picked":["Dodge and Roll+1","Reflex+1"],"picked":"Deflect+1","floor":8.0},{"not_picked":["Slice","Pace+1"],"picked":"Blade Dance+1","floor":10.0},{"not_picked":["Sucker Punch","Underhanded Strike"],"picked":"Slice","floor":11.0},{"not_picked":["Backflip+1","Prepared+1"],"picked":"Blade Dance+1","floor":14.0},{"not_picked":["Phantasmal Killer+1","Atom Bomb"],"picked":"Storm of Steel+1","floor":16.0},{"not_picked":["Dagger Spray","Toxin Wave+1"],"picked":"Well Laid Plans","floor":18.0},{"not_picked":["Caltrops","Slice"],"picked":"Deflect+1","floor":20.0},{"not_picked":["ReplayTheSpireMod:From All Sides","Quick Slash","Choke+1"],"picked":"SKIP","floor":23.0},{"not_picked":["Prepared+1","Dagger Spray+1","Deflect+1"],"picked":"SKIP","floor":27.0},{"not_picked":["Outmaneuver+1","Bane+1"],"picked":"Blade Dance+1","floor":28.0},{"not_picked":["Noxious Fumes","aspiration:Lunge","Doppelganger+1"],"picked":"SKIP","floor":29.0},{"not_picked":["Prepared+1","Escape Plan+1"],"picked":"Fluid Movement+1","floor":31.0},{"not_picked":["Night Terror+1","Glass Knife"],"picked":"Replay:Bag of Tricks+1","floor":33.0},{"not_picked":["Eviscerate","Blade Dance+1","Flying Knee"],"picked":"SKIP","floor":35.0},{"not_picked":["Slice+1","Hidden Blade+1","Bouncing Flask+1"],"picked":"SKIP","floor":36.0},{"not_picked":["Backflip+1","Sucker Punch","Poisoned Stab+1"],"picked":"SKIP","floor":39.0},{"not_picked":["Dodge and Roll+1","Bane","Pace+1"],"picked":"SKIP","floor":40.0},{"not_picked":["Slice","InfectiousVector+1","Wraith Form v2"],"picked":"SKIP","floor":42.0},{"not_picked":["Blade Dance+1","Hidden Blade+1","Flying Knee+1"],"picked":"SKIP","floor":44.0},{"not_picked":["Fluid Movement","Bane","Prepared+1"],"picked":"SKIP","floor":46.0},{"not_picked":["Underhanded Strike","Setup+1"],"picked":"Outmaneuver+1","floor":47.0},{"not_picked":["Leg Sweep+1","Reflex+1","infinitespire:Neurotoxin+1"],"picked":"SKIP","floor":48.0},{"not_picked":["Slice+1","Cloak And Dagger+1"],"picked":"Terror+1","floor":54.0}],"player_experience":272363,"relics_obtained":[{"floor":9.0,"key":"aspiration:FetidBarrel"},{"floor":10.0,"key":"Letter Opener"},{"floor":23.0,"key":"Garlic"},{"floor":26.0,"key":"Replay:Mystery Machine"},{"floor":29.0,"key":"halation:KoshaPiece"},{"floor":30.0,"key":"Eternal Feather"},{"floor":31.0,"key":"CeramicFish"},{"floor":38.0,"key":"Darkstone Periapt"},{"floor":40.0,"key":"StrikeDummy"},{"floor":42.0,"key":"Replay:Arrowhead"},{"floor":43.0,"key":"infinitespire:Lucky Rock"},{"floor":54.0,"key":"Happy Flower"}],"event_choices":[{"cards_removed":["Strike_G"],"damage_healed":0.0,"max_hp_gain":0.0,"max_hp_loss":0.0,"gold_gain":0.0,"event_name":"Golden Wing","player_choice":"Card Removal","floor":2.0,"gold_loss":0.0,"damage_taken":7.0},{"damage_healed":0.0,"max_hp_gain":0.0,"max_hp_loss":0.0,"gold_gain":0.0,"event_name":"Box For Yourself","player_choice":"Swap Relic","floor":13.0,"relics_lost":["aspiration:Nostalgia"],"gold_loss":0.0,"damage_taken":0.0,"relics_obtained":["conspire:TreasureMap"]},{"cards_removed":["Footwork"],"damage_healed":0.0,"max_hp_gain":0.0,"max_hp_loss":0.0,"gold_gain":0.0,"event_name":"betterNote:BetterNote","player_choice":"Take \u0026 Give","floor":21.0,"gold_loss":0.0,"damage_taken":0.0,"cards_obtained":["A Thousand Cuts"]},{"damage_healed":0.0,"max_hp_gain":0.0,"max_hp_loss":0.0,"gold_gain":0.0,"event_name":"Ghosts","player_choice":"Ignored","floor":22.0,"gold_loss":0.0,"damage_taken":0.0},{"damage_healed":0.0,"max_hp_gain":0.0,"max_hp_loss":0.0,"gold_gain":0.0,"event_name":"The Joust","player_choice":"Bet on Owner","floor":24.0,"gold_loss":50.0,"damage_taken":0.0},{"damage_healed":0.0,"max_hp_gain":0.0,"max_hp_loss":0.0,"gold_gain":0.0,"event_name":"Plate Of N\u0027loth","player_choice":"Ignored","floor":37.0,"gold_loss":0.0,"damage_taken":3.0},{"damage_healed":0.0,"max_hp_gain":0.0,"max_hp_loss":0.0,"gold_gain":0.0,"event_name":"Upgrade Shrine","player_choice":"Upgraded","floor":41.0,"gold_loss":0.0,"damage_taken":0.0,"cards_upgraded":["Hidden Blade"]}],"is_beta":false,"boss_relics":[{"not_picked":["infinitespire:Cupcake","aspiration:PoetsPen_weak"],"picked":"halation:Prosthetics"},{"not_picked":["Replay:Bronze Core","Snecko Scales"],"picked":"Philosopher\u0027s Stone"}],"items_purged_floors":[7,53],"is_endless":false,"potions_floor_spawned":[8,10,20,23,28,31,35,40,42,47],"killed_by":"The Heart","ascension_level":0}}