{"host":"cjhtzh7tp54jdfyv","time":1611572404,"event":{"mods":["AchievementEnabler","BaseMod","Colored Map","Colored Powertips","Curses Come First","DeckTracker","Filter the Spire","Minty Spire (QoL Compilation)","RNG Fix","Relic Sorter","Relic Stats","StSLib","UnlockEverythingMod","ojb\u0027s Better Paths Mod","ojb\u0027s Info Mod"],"gold_per_floor":[216,231,248,248,4,31,31,45,45,45,71,83,97,116,116,188,188,199,216,51,70,88,88,288,313,313,313,344,16,36,51,51,130,130,143,143,163,163,163,163,189,207,207,225,225,46,64,96,96,96,96,96,96,11,46,46,46],"floor_reached":56,"language":"ENG","playtime":9850,"items_purged":["Pain","Strike_G"],"score":2122,"play_id":"beb332ca-9fce-49c5-a240-899230a949d9","local_time":"20210125060004","is_ascension_mode":true,"campfire_choices":[{"data":"Predator","floor":7.0,"key":"SMITH"},{"data":"Dagger Spray","floor":10.0,"key":"SMITH"},{"data":"Noxious Fumes","floor":15.0,"key":"SMITH"},{"floor":23.0,"key":"REST"},{"floor":27.0,"key":"REST"},{"floor":32.0,"key":"RECALL"},{"floor":40.0,"key":"REST"},{"floor":45.0,"key":"REST"},{"floor":49.0,"key":"REST"},{"floor":53.0,"key":"REST"}],"circlet_count":0,"master_deck":["AscendersBane","Strike_G","Strike_G","Defend_G","Defend_G","Defend_G","Defend_G","Defend_G","Survivor","Neutralize","Backstab","Dagger Spray+1","Predator+1","Slice","Noxious Fumes+1","Acrobatics","Adrenaline","Venomology","Reflex+1","Eviscerate","Acrobatics","Leg Sweep","Underhanded Strike","Prepared+1","Malaise","Calculated Gamble","Backflip","Madness","Madness","Corpse Explosion","Backflip","Dodge and Roll+1","After Image","Trip","Eviscerate","Bullet Time","Calculated Gamble","PiercingWail"],"relics":["Ring of the Snake","Pen Nib","Nunchaku","WarpedTongs","Bronze Scales","Gremlin Horn","Fusion Hammer","Potion Belt","Pantograph","Art of War","Frozen Eye","HoveringKite","Question Card","Juzu Bracelet","Happy Flower"],"acts_visited":["Exordium","TheCity","TheBeyond","TheEnding"],"potions_floor_usage":[55,55,55,55,56,56,56],"damage_taken":[{"damage":0.0,"enemies":"2 Louse","floor":1.0,"turns":2.0},{"damage":9.0,"enemies":"Jaw Worm","floor":2.0,"turns":7.0},{"damage":0.0,"enemies":"Small Slimes","floor":3.0,"turns":4.0},{"damage":22.0,"enemies":"Lagavulin","floor":6.0,"turns":6.0},{"damage":5.0,"enemies":"Gremlin Gang","floor":8.0,"turns":6.0},{"damage":0.0,"enemies":"3 Sentries","floor":11.0,"turns":5.0},{"damage":0.0,"enemies":"Lots of Slimes","floor":12.0,"turns":1.0},{"damage":0.0,"enemies":"Looter","floor":13.0,"turns":2.0},{"damage":0.0,"enemies":"3 Louse","floor":14.0,"turns":2.0},{"damage":4.0,"enemies":"Hexaghost","floor":16.0,"turns":7.0},{"damage":3.0,"enemies":"Spheric Guardian","floor":18.0,"turns":3.0},{"damage":6.0,"enemies":"3 Byrds","floor":19.0,"turns":2.0},{"damage":26.0,"enemies":"Cultist and Chosen","floor":21.0,"turns":5.0},{"damage":10.0,"enemies":"Centurion and Healer","floor":22.0,"turns":6.0},{"damage":0.0,"enemies":"Gremlin Leader","floor":25.0,"turns":3.0},{"damage":0.0,"enemies":"Slavers","floor":28.0,"turns":4.0},{"damage":2.0,"enemies":"Snecko","floor":30.0,"turns":4.0},{"damage":4.0,"enemies":"Shelled Parasite and Fungi","floor":31.0,"turns":3.0},{"damage":49.0,"enemies":"Collector","floor":33.0,"turns":11.0},{"damage":0.0,"enemies":"3 Shapes","floor":35.0,"turns":4.0},{"damage":0.0,"enemies":"3 Darklings","floor":37.0,"turns":3.0},{"damage":53.0,"enemies":"Nemesis","floor":41.0,"turns":13.0},{"damage":0.0,"enemies":"4 Shapes","floor":42.0,"turns":5.0},{"damage":0.0,"enemies":"Spire Growth","floor":44.0,"turns":4.0},{"damage":0.0,"enemies":"Sphere and 2 Shapes","floor":47.0,"turns":4.0},{"damage":6.0,"enemies":"Giant Head","floor":48.0,"turns":6.0},{"damage":48.0,"enemies":"Time Eater","floor":50.0,"turns":12.0},{"damage":34.0,"enemies":"Donu and Deca","floor":51.0,"turns":7.0},{"damage":26,"enemies":"Shield and Spear","floor":55,"turns":5},{"damage":83,"enemies":"The Heart","floor":56,"turns":8}],"seed_played":"-4399401962535339777","potions_obtained":[{"floor":1.0,"key":"FearPotion"},{"floor":6.0,"key":"Regen Potion"},{"floor":11.0,"key":"LiquidMemories"},{"floor":13.0,"key":"Weak Potion"},{"floor":21.0,"key":"AttackPotion"},{"floor":25.0,"key":"EssenceOfSteel"},{"floor":28.0,"key":"DuplicationPotion"},{"floor":33.0,"key":"SteroidPotion"},{"floor":41.0,"key":"AttackPotion"},{"floor":47.0,"key":"Weak Potion"},{"floor":55,"key":"ColorlessPotion"}],"is_trial":false,"path_per_floor":["M","M","M","?","$","E","R","M","T","R","E","M","M","M","R","B",null,"M","M","$","M","M","R","?","E","T","R","E","$","M","M","R","B",null,"M","?","M","?","?","R","E","M","T","M","R","$","M","E","R","B","B",null,"R","$","E","B"],"character_chosen":"THE_SILENT","items_purchased":["Bronze Scales","Potion Belt","Frozen Eye","Underhanded Strike","After Image","Trip","Calculated Gamble"],"campfire_rested":6,"item_purchase_floors":[5,20,29,29,46,46,54],"current_hp_per_floor":[59,50,50,50,50,28,28,38,38,38,38,38,38,38,38,34,58,55,49,49,23,13,32,32,32,32,51,51,51,49,45,45,17,54,54,54,54,42,42,61,8,8,8,8,27,27,27,21,40,17,8,52,66,66,40,0,0],"gold":46,"neow_bonus":"HUNDRED_GOLD","is_daily":false,"chose_seed":false,"campfire_upgraded":3,"win_rate":0.0,"timestamp":1611572404,"path_taken":["M","M","M","?","$","E","R","M","T","R","E","M","M","?","R","BOSS","M","?","$","M","M","R","?","E","T","R","E","$","M","M","R","BOSS","M","?","M","?","?","R","E","M","T","?","R","$","M","E","R","BOSS","BOSS","R","$","E","BOSS"],"items_purchased_type":["Relic","Relic","Relic","Card","Card","Card","Card"],"build_version":"2020-12-22","purchased_purges":2,"victory":false,"max_hp_per_floor":[66,66,66,66,66,66,66,66,66,66,66,66,66,66,66,66,66,66,66,66,66,66,66,66,66,66,66,66,66,66,66,66,66,66,66,66,66,66,66,66,66,66,66,66,66,66,66,66,66,66,66,66,66,66,66,66,66],"relic_stats":{"Gremlin Horn":[34,34],"Happy Flower":[2],"counters":[30,154],"HoveringKite":[47],"Pen Nib":[28],"Juzu Bracelet":0,"Question Card":5,"WarpedTongs":[134],"Nunchaku":[30],"Bronze Scales":[434],"Pantograph":96,"Art of War":[21],"obtain_stats":[{"Potion Belt":20,"Gremlin Horn":9,"Happy Flower":55,"HoveringKite":34,"Pen Nib":11,"Juzu Bracelet":48,"Question Card":41,"WarpedTongs":4,"Frozen Eye":29,"Nunchaku":6,"Bronze Scales":5,"Pantograph":25,"Fusion Hammer":17,"Art of War":28,"Ring of the Snake":0},{"Potion Belt":12,"Gremlin Horn":5,"Happy Flower":29,"HoveringKite":19,"Pen Nib":6,"Juzu Bracelet":26,"Question Card":22,"WarpedTongs":3,"Frozen Eye":16,"Nunchaku":4,"Bronze Scales":3,"Pantograph":15,"Fusion Hammer":10,"Art of War":16,"Ring of the Snake":0},{"Potion Belt":47,"Gremlin Horn":25,"Happy Flower":146,"HoveringKite":83,"Pen Nib":30,"Juzu Bracelet":122,"Question Card":103,"WarpedTongs":13,"Frozen Eye":65,"Nunchaku":19,"Bronze Scales":13,"Pantograph":61,"Fusion Hammer":42,"Art of War":65,"Ring of the Snake":0}],"Ring of the Snake":[60]},"card_choices":[{"not_picked":["Underhanded Strike","Quick Slash"],"picked":"Backstab","floor":1.0},{"not_picked":["Setup","Deflect","Deadly Poison"],"picked":"SKIP","floor":2.0},{"not_picked":["Choke","Backflip"],"picked":"Dagger Spray","floor":3.0},{"not_picked":["Masterful Stab","Endless Agony"],"picked":"Predator","floor":6.0},{"not_picked":["PiercingWail","Leg Sweep"],"picked":"Slice","floor":8.0},{"not_picked":["All Out Attack","Footwork"],"picked":"Noxious Fumes","floor":11.0},{"not_picked":["Deadly Poison","Dagger Spray"],"picked":"Acrobatics","floor":12.0},{"not_picked":["Prepared","Endless Agony"],"picked":"Adrenaline","floor":13.0},{"not_picked":["Outmaneuver","Bane","Prepared"],"picked":"SKIP","floor":14.0},{"not_picked":["Tools of the Trade","Unload"],"picked":"Venomology","floor":16.0},{"not_picked":["Dodge and Roll","Deflect"],"picked":"Reflex+1","floor":18.0},{"not_picked":["Poisoned Stab","Quick Slash","Deadly Poison"],"picked":"SKIP","floor":19.0},{"not_picked":["Tactician","Reflex"],"picked":"Eviscerate","floor":21.0},{"not_picked":["Footwork","Flechettes"],"picked":"Acrobatics","floor":22.0},{"not_picked":["Poisoned Stab","Well Laid Plans"],"picked":"Leg Sweep","floor":25.0},{"not_picked":["Prepared","Glass Knife","Skewer"],"picked":"SKIP","floor":28.0},{"not_picked":["Sucker Punch","Dodge and Roll","Masterful Stab"],"picked":"SKIP","floor":30.0},{"not_picked":["Slice","Dagger Throw"],"picked":"Prepared+1","floor":31.0},{"not_picked":["Adrenaline","Envenom"],"picked":"Malaise","floor":33.0},{"not_picked":["Blade Dance","Deadly Poison"],"picked":"Calculated Gamble","floor":35.0},{"not_picked":["Accuracy","PiercingWail"],"picked":"Backflip","floor":37.0},{"not_picked":["Deflect","Noxious Fumes","Accuracy"],"picked":"SKIP","floor":41.0},{"not_picked":["Acrobatics","Bane","Noxious Fumes"],"picked":"Backflip","floor":42.0},{"not_picked":["Deflect","Heel Hook","Quick Slash"],"picked":"Dodge and Roll+1","floor":44.0},{"not_picked":["Caltrops","Concentrate","Deadly Poison"],"picked":"Eviscerate","floor":47.0},{"not_picked":["Skewer","PiercingWail","Infinite Blades"],"picked":"Bullet Time","floor":48.0},{"not_picked":["Leg Sweep","Cloak And Dagger","Dash"],"picked":"PiercingWail","floor":55}],"player_experience":4653641,"relics_obtained":[{"floor":6.0,"key":"Nunchaku"},{"floor":9.0,"key":"Gremlin Horn"},{"floor":11.0,"key":"Pen Nib"},{"floor":25.0,"key":"Pantograph"},{"floor":28.0,"key":"Art of War"},{"floor":41.0,"key":"Question Card"},{"floor":48.0,"key":"Juzu Bracelet"},{"floor":55,"key":"Happy Flower"}],"event_choices":[{"damage_healed":0.0,"max_hp_gain":0.0,"max_hp_loss":0.0,"gold_gain":0.0,"event_name":"Accursed Blacksmith","player_choice":"Rummage","floor":4.0,"gold_loss":0.0,"damage_taken":0.0,"relics_obtained":["WarpedTongs"],"cards_obtained":["Pain"]},{"damage_healed":0.0,"max_hp_gain":0.0,"max_hp_loss":0.0,"gold_gain":250.0,"event_name":"The Joust","player_choice":"Bet on Owner","floor":24.0,"gold_loss":50.0,"damage_taken":0.0},{"cards_removed":["Strike_G"],"damage_healed":0.0,"max_hp_gain":0.0,"max_hp_loss":0.0,"gold_gain":0.0,"event_name":"Falling","player_choice":"Removed Attack","floor":36.0,"gold_loss":0.0,"damage_taken":0.0},{"damage_healed":0.0,"max_hp_gain":0.0,"max_hp_loss":0.0,"gold_gain":0.0,"event_name":"Winding Halls","player_choice":"Embrace Madness","floor":38.0,"gold_loss":0.0,"damage_taken":12.0,"cards_obtained":["Madness","Madness"]},{"damage_healed":0.0,"max_hp_gain":0.0,"max_hp_loss":0.0,"gold_gain":0.0,"cards_transformed":["Strike_G"],"event_name":"Transmorgrifier","player_choice":"Transformed","floor":39.0,"gold_loss":0.0,"damage_taken":0.0,"cards_obtained":["Corpse Explosion"]}],"is_beta":false,"boss_relics":[{"not_picked":["SacredBark","Astrolabe"],"picked":"Fusion Hammer"},{"not_picked":["Snecko Eye","Busted Crown"],"picked":"HoveringKite"}],"items_purged_floors":[5,29],"is_endless":false,"potions_floor_spawned":[1,6,11,13,21,25,28,33,41,44,47,55],"killed_by":"The Heart","ascension_level":20}}