{"host":"7gewg82ormp6yt4e","time":1611578935,"event":{"mods":["BaseMod","Block Reminder","Colored Map","DeckTracker","Highlight Path","Minty Spire (QoL Compilation)","Relic Stats","StSLib","ojb\u0027s Info Mod"],"gold_per_floor":[116,41,41,66,82,82,121,146,169,169,52,117,136,167,167,257,257,275,275,275,61,111,111,146,161,161,161,201,201,201,220,220,315,315,328,351,372,393,413,413,413],"floor_reached":40,"language":"JPN","playtime":2453,"items_purged":["Doubt"],"score":922,"play_id":"d110afae-a9c0-413d-94af-95cee3460c66","local_time":"20210125214855","is_ascension_mode":true,"campfire_choices":[{"data":"Melter","floor":6,"key":"SMITH"},{"floor":10,"key":"REST"},{"floor":15,"key":"REST"},{"floor":23,"key":"REST"},{"floor":27,"key":"REST"},{"data":"Sunder","floor":29,"key":"SMITH"},{"data":"Buffer","floor":32,"key":"SMITH"}],"circlet_count":0,"master_deck":["AscendersBane","Strike_B","Defend_B","Defend_B","Defend_B","Defend_B","Zap","Dualcast","FTL","Melter+1","Sweeping Beam","Sweeping Beam","Sweeping Beam","Doom and Gloom","Loop+1","Ball Lightning","Barrage","Meteor Strike","Sunder+1","All For One","Buffer+1","Machine Learning","Cold Snap","All For One","Multi-Cast+1","Steam+1","Steam Power+1","Skim","Skim+1","Fusion","Echo Form","Turbo+1"],"relics":["Cracked Core","Unceasing Top","Golden Idol","Anchor","Happy Flower","Snecko Eye","Nilry\u0027s Codex","Regal Pillow","Matryoshka","Sundial","Astrolabe"],"acts_visited":["Exordium","TheCity","TheBeyond"],"potions_floor_usage":[7,14,14,16,28,28,33,38,38,38,38,39],"damage_taken":[{"damage":19,"enemies":"Jaw Worm","floor":1,"turns":4},{"damage":8,"enemies":"Small Slimes","floor":4,"turns":3},{"damage":0,"enemies":"2 Louse","floor":5,"turns":3},{"damage":20,"enemies":"3 Sentries","floor":7,"turns":6},{"damage":16,"enemies":"Gremlin Gang","floor":8,"turns":3},{"damage":0,"enemies":"Lots of Slimes","floor":13,"turns":2},{"damage":18,"enemies":"Lagavulin","floor":14,"turns":7},{"damage":20,"enemies":"Hexaghost","floor":16,"turns":7},{"damage":1,"enemies":"Shell Parasite","floor":18,"turns":2},{"damage":20,"enemies":"Book of Stabbing","floor":24,"turns":4},{"damage":0,"enemies":"Spheric Guardian","floor":25,"turns":1},{"damage":24,"enemies":"Slavers","floor":28,"turns":2},{"damage":0,"enemies":"Chosen and Byrds","floor":31,"turns":4},{"damage":14,"enemies":"Collector","floor":33,"turns":7},{"damage":0,"enemies":"Orb Walker","floor":35,"turns":1},{"damage":26,"enemies":"3 Darklings","floor":36,"turns":4},{"damage":9,"enemies":"4 Shapes","floor":37,"turns":9},{"damage":0,"enemies":"Spire Growth","floor":38,"turns":3},{"damage":0,"enemies":"Transient","floor":39,"turns":6},{"damage":44,"enemies":"Nemesis","floor":40,"turns":3}],"seed_played":"-1946705577275035090","potions_obtained":[{"floor":4,"key":"Block Potion"},{"floor":7,"key":"Ancient Potion"},{"floor":8,"key":"EssenceOfSteel"},{"floor":14,"key":"CultistPotion"},{"floor":16,"key":"Explosive Potion"},{"floor":18,"key":"SmokeBomb"},{"floor":28,"key":"Weak Potion"},{"floor":31,"key":"Ancient Potion"},{"floor":35,"key":"BlessingOfTheForge"},{"floor":36,"key":"EntropicBrew"},{"floor":38,"key":"DuplicationPotion"}],"is_trial":false,"path_per_floor":["M","$","?","M","M","R","E","M","T","R","$","?","M","E","R","B",null,"M","?","?","$","?","R","E","M","T","R","E","R","?","M","R","B",null,"M","M","M","M","M","E"],"character_chosen":"DEFECT","items_purchased":["Doom and Gloom","Loop","All For One","BlessingOfTheForge"],"campfire_rested":4,"item_purchase_floors":[11,11,21,21],"current_hp_per_floor":[45,45,45,37,37,37,17,1,1,20,20,20,20,2,21,1,48,47,47,26,26,26,45,25,25,25,59,35,35,35,35,35,21,53,53,27,18,27,27,0,0],"gold":413,"neow_bonus":"ONE_RARE_RELIC","is_daily":false,"chose_seed":false,"campfire_upgraded":3,"win_rate":0.0,"timestamp":1611578935,"path_taken":["M","$","?","M","M","R","E","M","T","R","$","?","M","E","R","BOSS","M","?","?","$","?","R","E","M","T","R","E","R","?","M","R","BOSS","M","?","M","M","?","E"],"items_purchased_type":["Card","Card","Card","Potion"],"build_version":"2020-12-22","purchased_purges":1,"victory":false,"max_hp_per_floor":[71,71,64,64,64,64,64,64,64,64,64,64,64,64,64,64,64,64,64,64,64,64,64,64,64,64,64,64,64,64,64,64,64,64,64,64,64,64,64,64,64],"relic_stats":{"Regal Pillow":15,"Happy Flower":[17],"counters":[20,81],"Golden Idol":114,"Sundial":[4],"Astrolabe":["Multi-Cast","Steam","Steam Power"],"Snecko Eye":[111,90,102,100],"obtain_stats":[{"Anchor":7,"Regal Pillow":24,"Matryoshka":26,"Happy Flower":14,"Golden Idol":3,"Nilry\u0027s Codex":20,"Sundial":28,"Astrolabe":34,"Snecko Eye":17,"Cracked Core":0,"Unceasing Top":0},{"Anchor":4,"Regal Pillow":10,"Matryoshka":11,"Happy Flower":7,"Golden Idol":1,"Nilry\u0027s Codex":9,"Sundial":12,"Astrolabe":14,"Snecko Eye":8,"Cracked Core":0,"Unceasing Top":0},{"Anchor":16,"Regal Pillow":41,"Matryoshka":42,"Happy Flower":28,"Golden Idol":4,"Nilry\u0027s Codex":37,"Sundial":44,"Astrolabe":55,"Snecko Eye":35,"Cracked Core":0,"Unceasing Top":0}],"Unceasing Top":[1]},"card_choices":[{"not_picked":["Steam Power","Double Energy"],"picked":"FTL","floor":1},{"not_picked":["Leap","Compile Driver"],"picked":"Melter","floor":4},{"not_picked":["Turbo","Coolheaded"],"picked":"Sweeping Beam","floor":5},{"not_picked":["Beam Cell","Thunder Strike"],"picked":"Sweeping Beam","floor":7},{"not_picked":["Rebound","Steam Power"],"picked":"Sweeping Beam","floor":8},{"not_picked":["Self Repair","Buffer"],"picked":"Ball Lightning","floor":13},{"not_picked":["BootSequence","Compile Driver"],"picked":"Barrage","floor":14},{"not_picked":["Amplify","Creative AI"],"picked":"Meteor Strike","floor":16},{"not_picked":["BootSequence","Ball Lightning","Melter"],"picked":"SKIP","floor":18},{"not_picked":["FTL","Ball Lightning"],"picked":"Buffer","floor":24},{"not_picked":["Double Energy","Gash","Rebound"],"picked":"SKIP","floor":25},{"not_picked":["Rip and Tear","Barrage"],"picked":"Machine Learning","floor":28},{"not_picked":["Go for the Eyes","Compile Driver"],"picked":"Cold Snap","floor":31},{"not_picked":["Fission","Amplify"],"picked":"All For One","floor":33},{"not_picked":["Streamline","Beam Cell+1"],"picked":"Skim","floor":35},{"not_picked":["Steam Power","Compile Driver"],"picked":"Skim+1","floor":36},{"not_picked":["Ball Lightning","Heatsinks"],"picked":"Fusion","floor":37},{"not_picked":["Defragment","Leap"],"picked":"Echo Form","floor":38},{"not_picked":["Beam Cell+1","Sweeping Beam"],"picked":"Turbo+1","floor":39}],"player_experience":2683791,"relics_obtained":[{"floor":7,"key":"Anchor"},{"floor":14,"key":"Happy Flower"},{"floor":20,"key":"Nilry\u0027s Codex"},{"floor":24,"key":"Regal Pillow"},{"floor":26,"key":"Matryoshka"},{"floor":28,"key":"Sundial"}],"event_choices":[{"damage_healed":0,"gold_gain":0,"player_choice":"Lose Max HP","damage_taken":0,"relics_obtained":["Golden Idol"],"max_hp_gain":0,"max_hp_loss":7,"event_name":"Golden Idol","floor":3,"gold_loss":0},{"damage_healed":0,"gold_gain":65,"player_choice":"Gained Gold","damage_taken":0,"max_hp_gain":0,"max_hp_loss":0,"event_name":"Golden Wing","floor":12,"gold_loss":0},{"damage_healed":0,"gold_gain":0,"player_choice":"Read","damage_taken":0,"max_hp_gain":0,"max_hp_loss":0,"event_name":"The Library","floor":19,"gold_loss":0,"cards_obtained":["Sunder"]},{"damage_healed":0,"gold_gain":0,"player_choice":"Obtained Book","damage_taken":21,"max_hp_gain":0,"max_hp_loss":0,"event_name":"Cursed Tome","floor":20,"gold_loss":0},{"damage_healed":0,"gold_gain":50,"player_choice":"Stole From Cult","damage_taken":0,"max_hp_gain":0,"max_hp_loss":0,"event_name":"Nest","floor":22,"gold_loss":0},{"damage_healed":0,"gold_gain":0,"player_choice":"Upgraded","damage_taken":0,"max_hp_gain":0,"max_hp_loss":0,"event_name":"Upgrade Shrine","floor":30,"gold_loss":0,"cards_upgraded":["Loop"]}],"is_beta":false,"boss_relics":[{"not_picked":["Coffee Dripper","Busted Crown"],"picked":"Snecko Eye"},{"not_picked":["Black Star","Runic Dome"],"picked":"Astrolabe"}],"items_purged_floors":[2],"is_endless":false,"potions_floor_spawned":[4,7,8,14,16,18,28,31,35,36,38],"killed_by":"Nemesis","ascension_level":20}}