{"host":"1c52r9kaxdyo25eq","time":1611588882,"event":{"mods":["AchievementEnabler","BaseMod","Minty Spire (QoL Compilation)","Rare Cards Sparkle","SuperFastMode","everything is the same but u backflip on backflip"],"gold_per_floor":[109,109,126,96,110,135,135,8,82,99,99,119,119,119,119,197,197,207,223,138,138,32,63,63,95,120,120,45,55,65,93,93,168,168,187,235,235,46,46,79,79,96,96,96,131,353,400,410,410,410,410,410,410,72,100,100],"floor_reached":57,"language":"KOR","playtime":1912,"items_purged":["Decay","Defend_G"],"score":3213,"play_id":"0fe2b4c8-cedf-4a7f-9639-6efdc0e907e9","local_time":"20210126003442","is_ascension_mode":true,"campfire_choices":[{"data":"Neutralize","floor":7.0,"key":"SMITH"},{"data":"Backflip","floor":11.0,"key":"SMITH"},{"data":"Noxious Fumes","floor":13.0,"key":"SMITH"},{"data":"Grand Finale","floor":15.0,"key":"SMITH"},{"data":"Tactician","floor":24.0,"key":"SMITH"},{"data":"Acrobatics","floor":27.0,"key":"SMITH"},{"floor":32.0,"key":"DIG"},{"data":"Calculated Gamble","floor":41.0,"key":"SMITH"},{"floor":44.0,"key":"RECALL"},{"data":"Well Laid Plans","floor":49.0,"key":"SMITH"},{"floor":53.0,"key":"DIG"}],"circlet_count":0,"master_deck":["AscendersBane","Defend_G","Survivor","Neutralize+1","Noxious Fumes+1","Grand Finale+1","Backflip+1","Acrobatics+1","Escape Plan","Acrobatics+1","Storm of Steel+1","Tactician+1","Prepared","Prepared","Calculated Gamble+1","Well Laid Plans+1","Calculated Gamble","Outmaneuver"],"relics":["Ring of the Snake","NeowsBlessing","Oddly Smooth Stone","Bottled Tornado","Astrolabe","The Courier","Boot","Red Mask","PreservedInsect","Shovel","Bag of Marbles","Empty Cage","Tough Bandages","DollysMirror","Happy Flower","White Beast Statue","Whetstone","HornCleat","Calipers","Pen Nib"],"acts_visited":["Exordium","TheCity","TheBeyond","TheEnding"],"potions_floor_usage":[56,56],"damage_taken":[{"damage":0.0,"enemies":"Jaw Worm","floor":1.0,"turns":1.0},{"damage":0.0,"enemies":"Cultist","floor":3.0,"turns":1.0},{"damage":0.0,"enemies":"2 Louse","floor":5.0,"turns":1.0},{"damage":7.0,"enemies":"3 Sentries","floor":6.0,"turns":3.0},{"damage":0.0,"enemies":"Exordium Thugs","floor":10.0,"turns":2.0},{"damage":2.0,"enemies":"2 Fungi Beasts","floor":12.0,"turns":4.0},{"damage":9.0,"enemies":"Hexaghost","floor":16.0,"turns":9.0},{"damage":5.0,"enemies":"3 Byrds","floor":18.0,"turns":4.0},{"damage":5.0,"enemies":"Chosen","floor":19.0,"turns":6.0},{"damage":0.0,"enemies":"Gremlin Leader","floor":23.0,"turns":4.0},{"damage":0.0,"enemies":"Masked Bandits","floor":25.0,"turns":2.0},{"damage":0.0,"enemies":"Snake Plant","floor":29.0,"turns":3.0},{"damage":15.0,"enemies":"Shelled Parasite and Fungi","floor":30.0,"turns":3.0},{"damage":0.0,"enemies":"Book of Stabbing","floor":31.0,"turns":1.0},{"damage":0.0,"enemies":"Automaton","floor":33.0,"turns":3.0},{"damage":0.0,"enemies":"Orb Walker","floor":35.0,"turns":1.0},{"damage":0.0,"enemies":"2 Orb Walkers","floor":36.0,"turns":1.0},{"damage":0.0,"enemies":"Nemesis","floor":40.0,"turns":1.0},{"damage":0.0,"enemies":"3 Shapes","floor":42.0,"turns":2.0},{"damage":0.0,"enemies":"Reptomancer","floor":45.0,"turns":1.0},{"damage":0.0,"enemies":"Spire Growth","floor":48.0,"turns":2.0},{"damage":0.0,"enemies":"Donu and Deca","floor":50.0,"turns":4.0},{"damage":16.0,"enemies":"Awakened One","floor":51.0,"turns":7.0},{"damage":0.0,"enemies":"Shield and Spear","floor":55.0,"turns":3.0},{"damage":33,"enemies":"The Heart","floor":56,"turns":11}],"seed_played":"-728219151416888561","potions_obtained":[{"floor":1.0,"key":"LiquidMemories"},{"floor":4.0,"key":"EntropicBrew"},{"floor":6.0,"key":"Fruit Juice"},{"floor":10.0,"key":"LiquidBronze"},{"floor":18.0,"key":"Poison Potion"},{"floor":31.0,"key":"PowerPotion"},{"floor":33.0,"key":"Ancient Potion"}],"is_trial":false,"path_per_floor":["M","?","M","?","M","E","R","$","T","M","R","M","R","?","R","B",null,"M","M","?","?","$","E","R","?","T","R","?","M","M","E","R","B",null,"M","?","?","$","$","E","R","M","T","R","E","?","T","M","R","B","B",null,"R","$","E","B",null],"character_chosen":"THE_SILENT","items_purchased":["Acrobatics","Prepared","Calculated Gamble","Well Laid Plans","DollysMirror","Calipers"],"campfire_rested":0,"item_purchase_floors":[8,22,22,38,38,54],"current_hp_per_floor":[59,59,59,59,59,52,52,52,52,57,57,55,55,55,55,46,65,60,55,55,55,55,55,55,55,55,55,55,55,40,40,40,40,63,63,63,63,63,63,63,63,63,63,63,63,63,63,63,63,63,47,65,65,65,65,32],"gold":100,"neow_bonus":"THREE_ENEMY_KILL","is_daily":false,"chose_seed":false,"campfire_upgraded":8,"win_rate":0.0,"timestamp":1611588882,"path_taken":["M","?","?","?","M","E","R","?","T","M","R","?","R","?","R","BOSS","M","M","?","?","$","E","R","?","T","R","?","M","M","E","R","BOSS","M","?","?","?","$","E","R","M","T","R","E","?","?","M","R","BOSS","BOSS","R","$","E","BOSS"],"items_purchased_type":["Card","Card","Card","Card","Relic","Relic"],"build_version":"2020-12-22","purchased_purges":2,"victory":true,"max_hp_per_floor":[66,66,66,66,66,66,66,66,66,71,71,71,71,71,71,71,71,71,71,71,71,71,71,71,71,71,71,71,71,71,71,71,71,71,71,71,71,71,71,71,71,71,71,71,71,71,71,71,71,71,71,71,71,71,71,71],"card_choices":[{"not_picked":["Poisoned Stab","Cloak And Dagger"],"picked":"Noxious Fumes","floor":1.0},{"not_picked":["Accuracy","Flying Knee"],"picked":"Grand Finale","floor":3.0},{"not_picked":["Footwork","Catalyst"],"picked":"Backflip","floor":5.0},{"not_picked":["Dash","Skewer","Flechettes"],"picked":"SKIP","floor":6.0},{"not_picked":["Endless Agony","Bane","Dagger Throw"],"picked":"SKIP","floor":10.0},{"not_picked":["Masterful Stab","Finisher","Infinite Blades"],"picked":"SKIP","floor":12.0},{"not_picked":["Endless Agony","Accuracy"],"picked":"Tactician","floor":18.0},{"not_picked":["Bane","Dash"],"picked":"Prepared","floor":19.0},{"not_picked":["Footwork","Slice","Distraction"],"picked":"SKIP","floor":23.0},{"not_picked":["Heel Hook","Deadly Poison","Bane"],"picked":"SKIP","floor":29.0},{"not_picked":["Dodge and Roll","PiercingWail","Quick Slash"],"picked":"SKIP","floor":30.0},{"not_picked":["Dodge and Roll","PiercingWail","Quick Slash"],"picked":"SKIP","floor":30.0},{"not_picked":["Caltrops","Distraction","A Thousand Cuts"],"picked":"SKIP","floor":31.0},{"not_picked":["Dagger Throw","Backflip","Slice"],"picked":"SKIP","floor":35.0},{"not_picked":["Poisoned Stab","Sucker Punch+1","Blade Dance"],"picked":"SKIP","floor":40.0},{"not_picked":["Bane+1","Choke","Outmaneuver"],"picked":"SKIP","floor":42.0},{"not_picked":["Bane+1","Choke","Outmaneuver"],"picked":"SKIP","floor":42.0},{"not_picked":["Bane+1","Choke","Outmaneuver"],"picked":"SKIP","floor":42.0},{"not_picked":["Bane+1","Choke"],"picked":"Outmaneuver","floor":42.0},{"not_picked":["Poisoned Stab","Slice+1","Setup+1"],"picked":"SKIP","floor":45.0},{"not_picked":["Riddle With Holes","Finisher","Blade Dance+1"],"picked":"SKIP","floor":48.0},{"not_picked":["Dagger Throw","Deflect+1","Corpse Explosion"],"picked":"SKIP","floor":55.0}],"player_experience":610655,"relics_obtained":[{"floor":6.0,"key":"Oddly Smooth Stone"},{"floor":9.0,"key":"Bottled Tornado"},{"floor":23.0,"key":"Boot"},{"floor":25.0,"key":"Red Mask"},{"floor":26.0,"key":"PreservedInsect"},{"floor":31.0,"key":"Shovel"},{"floor":32.0,"key":"Bag of Marbles"},{"floor":36.0,"key":"Tough Bandages"},{"floor":40.0,"key":"Happy Flower"},{"floor":45.0,"key":"White Beast Statue"},{"floor":47.0,"key":"Whetstone"},{"floor":53.0,"key":"HornCleat"},{"floor":55.0,"key":"Pen Nib"}],"event_choices":[{"damage_healed":0.0,"max_hp_gain":0.0,"max_hp_loss":0.0,"gold_gain":0.0,"event_name":"Wheel of Change","player_choice":"Cursed","floor":2.0,"gold_loss":0.0,"damage_taken":0.0,"cards_obtained":["Decay"]},{"damage_healed":0.0,"max_hp_gain":0.0,"max_hp_loss":0.0,"gold_gain":0.0,"event_name":"The Woman in Blue","player_choice":"Bought 2 Potions","floor":4.0,"gold_loss":0.0,"damage_taken":0.0},{"damage_healed":0.0,"max_hp_gain":0.0,"max_hp_loss":0.0,"gold_gain":0.0,"cards_transformed":["Strike_G"],"event_name":"Living Wall","player_choice":"Change","floor":14.0,"gold_loss":0.0,"damage_taken":0.0,"cards_obtained":["Escape Plan"]},{"damage_healed":0.0,"max_hp_gain":0.0,"max_hp_loss":0.0,"gold_gain":0.0,"event_name":"Addict","player_choice":"Obtained Relic","floor":20.0,"gold_loss":85.0,"damage_taken":0.0,"relics_obtained":["The Courier"]},{"cards_removed":["Defend_G"],"damage_healed":0.0,"max_hp_gain":0.0,"max_hp_loss":0.0,"gold_gain":0.0,"event_name":"Back to Basics","player_choice":"Elegance","floor":21.0,"gold_loss":0.0,"damage_taken":0.0},{"damage_healed":0.0,"max_hp_gain":0.0,"max_hp_loss":0.0,"gold_gain":0.0,"event_name":"Masked Bandits","player_choice":"Fought Bandits","floor":25.0,"gold_loss":0.0,"damage_taken":0.0},{"cards_removed":["Strike_G"],"damage_healed":0.0,"max_hp_gain":0.0,"max_hp_loss":0.0,"gold_gain":0.0,"event_name":"Beggar","player_choice":"Gave Gold","floor":28.0,"gold_loss":75.0,"damage_taken":0.0},{"damage_healed":0.0,"max_hp_gain":0.0,"max_hp_loss":0.0,"gold_gain":0.0,"event_name":"Mysterious Sphere","player_choice":"Fight","floor":36.0,"gold_loss":0.0,"damage_taken":0.0},{"cards_removed":["Noxious Fumes"],"damage_healed":0.0,"max_hp_gain":0.0,"max_hp_loss":0.0,"gold_gain":0.0,"event_name":"Falling","player_choice":"Removed Power","floor":37.0,"gold_loss":0.0,"damage_taken":0.0},{"damage_healed":0.0,"max_hp_gain":0.0,"max_hp_loss":0.0,"gold_gain":222.0,"event_name":"Tomb of Lord Red Mask","player_choice":"Wore Mask","floor":46.0,"gold_loss":0.0,"damage_taken":0.0}],"is_beta":false,"boss_relics":[{"not_picked":["Velvet Choker","SlaversCollar"],"picked":"Astrolabe"},{"not_picked":["WristBlade","Runic Dome"],"picked":"Empty Cage"}],"items_purged_floors":[8,54],"is_endless":false,"potions_floor_spawned":[1,6,10,18,29,30,31,33,35,45,48,55],"ascension_level":20}}