{"host":"wmz27iczv4t8azac","time":1611603545,"event":{"mods":["AchievementEnabler","BaseMod","Colored Powertips","Minty Spire (QoL Compilation)","Quick Restart","Relic Stats","StSLib"],"gold_per_floor":[113,113,125,140,157,183,183,210,210,210,210],"floor_reached":10,"language":"ENG","playtime":322,"items_purged":[],"score":156,"play_id":"7b10da16-54bb-4e06-baae-684760ce095c","local_time":"20210125113905","is_ascension_mode":true,"campfire_choices":[{"data":"Eruption","floor":7,"key":"SMITH"}],"circlet_count":0,"master_deck":["AscendersBane","Strike_P","Strike_P","Strike_P","Strike_P","Defend_P","Defend_P","Defend_P","Defend_P","Eruption+1","Vigilance","FlurryOfBlows","BowlingBash","EmptyFist","ClearTheMind","WheelKick","SpiritShield"],"relics":["SacredBark","Singing Bowl","Mercury Hourglass","InkBottle"],"acts_visited":["Exordium"],"potions_floor_usage":[6],"damage_taken":[{"damage":3.0,"enemies":"Cultist","floor":1.0,"turns":4.0},{"damage":5.0,"enemies":"Small Slimes","floor":3.0,"turns":3.0},{"damage":0.0,"enemies":"Jaw Worm","floor":4.0,"turns":2.0},{"damage":25.0,"enemies":"Lots of Slimes","floor":5.0,"turns":3.0},{"damage":16,"enemies":"Gremlin Nob","floor":6,"turns":3},{"damage":20,"enemies":"Lagavulin","floor":8,"turns":4},{"damage":7,"enemies":"3 Sentries","floor":10,"turns":2}],"seed_played":"1422392038083471288","potions_obtained":[{"floor":1.0,"key":"SkillPotion"},{"floor":4.0,"key":"Fruit Juice"},{"floor":5.0,"key":"Swift Potion"}],"is_trial":false,"path_per_floor":["M","?","M","M","M","E","R","E","T","E"],"character_chosen":"WATCHER","items_purchased":[],"campfire_rested":0,"item_purchase_floors":[],"current_hp_per_floor":[58,58,53,53,38,22,22,2,2,0,0],"gold":210,"neow_bonus":"BOSS_RELIC","is_daily":false,"chose_seed":false,"campfire_upgraded":1,"win_rate":0.0,"timestamp":1611603545,"path_taken":["M","?","M","M","?","E","R","E","T","E"],"items_purchased_type":[],"build_version":"2020-12-22","purchased_purges":0,"victory":false,"max_hp_per_floor":[68,68,68,68,78,78,78,78,78,78,78],"relic_stats":{"Singing Bowl":0,"counters":[7,21],"obtain_stats":[{"Singing Bowl":6,"SacredBark":0,"PureWater":0,"InkBottle":9,"Mercury Hourglass":8},{"Singing Bowl":5,"SacredBark":0,"PureWater":0,"InkBottle":6,"Mercury Hourglass":6},{"Singing Bowl":15,"SacredBark":0,"PureWater":0,"InkBottle":19,"Mercury Hourglass":19}],"InkBottle":[0],"Mercury Hourglass":[15]},"card_choices":[{"not_picked":["Perseverance","PathToVictory"],"picked":"FlurryOfBlows","floor":1.0},{"not_picked":["Prostrate","WheelKick"],"picked":"BowlingBash","floor":3.0},{"not_picked":["CrushJoints","CutThroughFate"],"picked":"EmptyFist","floor":4.0},{"not_picked":["Protect","FollowUp"],"picked":"ClearTheMind","floor":5.0},{"not_picked":["Swivel","ThirdEye"],"picked":"WheelKick","floor":6},{"not_picked":["ClearTheMind","SashWhip"],"picked":"SpiritShield","floor":8}],"player_experience":931997,"relics_obtained":[{"floor":6,"key":"Singing Bowl"},{"floor":8,"key":"Mercury Hourglass"},{"floor":9,"key":"InkBottle"}],"event_choices":[{"damage_healed":0.0,"max_hp_gain":0.0,"max_hp_loss":0.0,"gold_gain":0.0,"event_name":"Match and Keep!","player_choice":"0 cards matched","floor":2.0,"gold_loss":0.0,"damage_taken":0.0,"cards_obtained":[]}],"is_beta":false,"boss_relics":[],"items_purged_floors":[],"is_endless":false,"potions_floor_spawned":[1,4,5],"killed_by":"3 Sentries","ascension_level":20}}