{"host":"98os2kmzn0twqoyj","time":1611563891,"event":{"mods":["Act Like it!","Arknights The Spire","BaseMod","Colored Powertips","Downfall","Gensokyo","Lobotomy","Minty Spire (QoL Compilation)","Rare Cards Sparkle","StSLib","everything is the same but u backflip on backflip"],"gold_per_floor":[113,32,32,32,32,50,76,76,99,111,130,55,75,87,87,190,190,204,215,233,233,233,233,268,278,278,296,99,99,109,138,138,235,235,249,266,266,283,183,183,194,224,236,248,274,286,78,92,92,92,92,92,92,51,86,86,86],"floor_reached":56,"language":"ZHS","playtime":2867,"items_purged":["ats:Defend","ats:Strike G+1"],"score":746,"play_id":"64ac17ed-7248-4a3e-be55-aa62f8950b76","local_time":"20210125163811","is_ascension_mode":false,"campfire_choices":[{"data":"ats:Chain Hook","floor":8,"key":"SMITH"},{"data":"ats:Emotion Absorption","floor":15,"key":"SMITH"},{"data":"ats:Closed Bolt Burst Fire","floor":23,"key":"SMITH"},{"data":"Apotheosis","floor":32,"key":"SMITH"},{"data":"ats:Phantom","floor":40,"key":"SMITH"},{"floor":44,"key":"RECALL"},{"data":"ats:Shadow Raid","floor":49,"key":"SMITH"},{"data":"ats:LN2 Cannon","floor":53,"key":"SMITH"}],"circlet_count":0,"master_deck":["ats:Armor Crushing Shot+1","ats:Defend","ats:Defend","ats:Emotion Absorption+1","ats:Chain Hook+1","ats:Phantom+1","ats:Shadow Raid+1","ats:Wolf Pack","ats:Hook Shot+1","ats:Shell Defense+1","ats:Very Hot Blade+1","ats:Closed Bolt Burst Fire+1","Necronomicurse","Apotheosis+1","ats:Beaten Up+1","ats:Healing Drone","ats:LN2 Cannon+1","ats:Assault Order+1","ats:Literary Storm"],"relics":["ats:Sanity","NeowsBlessing","Happy Flower","ats:Originium","Potion Belt","Oddly Smooth Stone","Astrolabe","Necronomicon","Singing Bowl","White Beast Statue","Omamori","Coffee Dripper","MawBank","Lantern","ats:Berate"],"acts_visited":["Exordium","TheCity","TheBeyond","TheEnding"],"potions_floor_usage":[16,31,50,50,56,56,56],"damage_taken":[{"damage":0.0,"enemies":"Small Slimes","floor":1.0,"turns":2.0},{"damage":1,"enemies":"Jaw Worm","floor":6,"turns":2},{"damage":0,"enemies":"Gremlin Nob","floor":7,"turns":1},{"damage":0,"enemies":"Cultist","floor":10,"turns":3},{"damage":9,"enemies":"2 Fungi Beasts","floor":11,"turns":4},{"damage":0,"enemies":"Red Slaver","floor":13,"turns":3},{"damage":0,"enemies":"Large Slime","floor":14,"turns":5},{"damage":43,"enemies":"Slime Boss","floor":16,"turns":14},{"damage":0,"enemies":"Chosen","floor":18,"turns":4},{"damage":5,"enemies":"Spheric Guardian","floor":19,"turns":5},{"damage":6,"enemies":"Snake Plant","floor":20,"turns":4},{"damage":15,"enemies":"Book of Stabbing","floor":24,"turns":5},{"damage":1,"enemies":"3 Cultists","floor":25,"turns":3},{"damage":2,"enemies":"Snecko","floor":27,"turns":4},{"damage":15,"enemies":"Centurion and Healer","floor":30,"turns":12},{"damage":45,"enemies":"Gremlin Leader","floor":31,"turns":6},{"damage":65,"enemies":"Champ","floor":33,"turns":10},{"damage":0,"enemies":"Orb Walker","floor":35,"turns":3},{"damage":4,"enemies":"3 Darklings","floor":36,"turns":5},{"damage":0,"enemies":"Transient","floor":38,"turns":5},{"damage":15,"enemies":"Jaw Worm Horde","floor":41,"turns":3},{"damage":4,"enemies":"Giant Head","floor":42,"turns":8},{"damage":12,"enemies":"4 Shapes","floor":45,"turns":5},{"damage":0,"enemies":"Transient","floor":48,"turns":5},{"damage":69,"enemies":"Time Eater","floor":50,"turns":7},{"damage":98,"enemies":"Shield and Spear","floor":55,"turns":10},{"damage":67,"enemies":"The Heart","floor":56,"turns":5}],"seed_played":"-8632425215099927303","potions_obtained":[{"floor":1.0,"key":"PowerPotion"},{"floor":10,"key":"Guardian:BlockOnCardUsePotion"},{"floor":13,"key":"GamblersBrew"},{"floor":14,"key":"SpeedPotion"},{"floor":20,"key":"Strength Potion"},{"floor":24,"key":"ColorlessPotion"},{"floor":27,"key":"Fire Potion"},{"floor":31,"key":"SteroidPotion"},{"floor":33,"key":"PowerPotion"},{"floor":35,"key":"DistilledChaos"},{"floor":42,"key":"DistilledChaos"},{"floor":55,"key":"BlessingOfTheForge"}],"is_trial":false,"path_per_floor":["M","$","?","?","?","M","E","R","T","M","M","$","M","M","R","B",null,"M","M","M","?","?","R","E","M","T","M","$","?","M","E","R","B",null,"M","M","?","M","$","R","M","E","T","R","M","?","$","M","R","B",null,null,"R","$","E","B"],"character_chosen":"DOCTOR_CLASS","items_purchased":["ats:Phantom","Apotheosis","Lantern","ats:LN2 Cannon","ats:Literary Storm"],"campfire_rested":0,"item_purchase_floors":[2,28,47,47,54],"current_hp_per_floor":[72,72,72,58,58,57,57,57,57,57,48,48,48,48,48,5,72,72,67,61,45,45,45,32,33,33,33,33,33,73,69,69,48,84,86,88,88,90,90,90,77,90,90,90,96,96,96,96,96,27,27,96,96,96,39,0,0],"gold":86,"neow_bonus":"THREE_ENEMY_KILL","is_daily":false,"chose_seed":false,"campfire_upgraded":7,"win_rate":0.0,"timestamp":1611563891,"path_taken":["M","$","?","?","?","M","E","R","T","M","M","$","M","M","R","BOSS","M","M","M","?","?","R","E","M","T","?","$","?","M","E","R","BOSS","M","M","?","M","$","R","?","E","T","R","M","?","?","M","R","BOSS","R","$","E","BOSS"],"items_purchased_type":["Card","Card","Card","Card","Card"],"build_version":"2020-12-22","purchased_purges":2,"victory":false,"max_hp_per_floor":[72,72,72,72,72,72,72,72,72,72,72,72,72,72,72,72,72,72,72,72,72,72,72,74,76,76,78,78,78,80,82,82,84,84,86,88,88,90,90,90,92,94,94,94,96,96,96,96,96,96,96,96,96,96,98,98,98],"card_choices":[{"not_picked":["ats:Defend Order","ats:Serious Mode"],"picked":"ats:Chain Hook","floor":1.0},{"not_picked":["ats:Cat Scratch","ats:Explosion Area Strengthen"],"picked":"ats:Steam Pump","floor":6},{"not_picked":["ats:Counter Healing Mode","ats:Blood Oath"],"picked":"ats:Shadow Raid","floor":7},{"not_picked":["ats:Revitalization","ats:Guard Mode","ats:Very Hot Blade"],"picked":"SKIP","floor":10},{"not_picked":["ats:Very Hot Blade","ats:Explosion Area Strengthen","ats:Poison Spread"],"picked":"SKIP","floor":11},{"not_picked":["ats:Flexible Camouflage","ats:Apocalypse","ats:Powerful Strike"],"picked":"SKIP","floor":13},{"not_picked":["ats:Ignite","ats:Nebulous Foxfire","ats:Leaping Hammer"],"picked":"SKIP","floor":14},{"not_picked":["ats:Dogmatic Field","ats:Ambush"],"picked":"ats:Wolf Pack","floor":16},{"not_picked":["ats:Curse Doll","ats:Poison Spread"],"picked":"ats:Closed Bolt Burst Fire","floor":18},{"not_picked":["ats:Beaten Up+1","ats:Serious Mode+1"],"picked":"ats:Chain Hook","floor":19},{"not_picked":["ats:Encircling Forest+1","ats:Poison Spread","ats:Blood Oath"],"picked":"SKIP","floor":20},{"not_picked":["ats:Curse Doll","ats:Ignite+1","ats:Dogmatic Field"],"picked":"Singing Bowl","floor":24},{"not_picked":["ats:Closed Bolt Burst Fire","ats:Steam Pump","ats:Rapid Magazine"],"picked":"Singing Bowl","floor":25},{"not_picked":["ats:Explosion Area Strengthen","ats:Blood Oath","ats:Encircling Forest+1"],"picked":"Singing Bowl","floor":27},{"not_picked":["ats:Leaping Hammer","ats:Hammer On+1","ats:Guard Mode"],"picked":"Singing Bowl","floor":30},{"not_picked":["ats:Support Order","ats:Composite Medical Shells+1","ats:Collapsing Strike"],"picked":"Singing Bowl","floor":31},{"not_picked":["ats:Soul Rend","ats:Volcano","ats:True Silver Slash"],"picked":"Singing Bowl","floor":33},{"not_picked":["ats:Very Hot Blade+1","ats:Poison Spread","ats:Charging Defense+1"],"picked":"Singing Bowl","floor":35},{"not_picked":["ats:Part Time Job","ats:Support Order+1","ats:Phantom"],"picked":"Singing Bowl","floor":36},{"not_picked":["ats:Defend Order","ats:Beaten Up+1","ats:Curse Doll+1"],"picked":"Singing Bowl","floor":38},{"not_picked":["ats:Absolute Focus","ats:Hammer On","ats:Sashimi Platter+1"],"picked":"Singing Bowl","floor":41},{"not_picked":["ats:Demon Strength+1","ats:Explosion Area Strengthen+1","ats:Flexible Camouflage"],"picked":"Singing Bowl","floor":42},{"not_picked":["ats:Mental Burst","ats:Consecutive Shot Auto+1","ats:Guard Mode+1"],"picked":"Singing Bowl","floor":45},{"not_picked":["ats:Apocalypse+1","ats:True Silver Slash"],"picked":"ats:Assault Order+1","floor":48},{"not_picked":["ats:Powerful Strike","ats:Absolute Focus","ats:Support Order"],"picked":"Singing Bowl","floor":55}],"player_experience":785348,"relics_obtained":[{"floor":7,"key":"ats:Originium"},{"floor":7,"key":"Potion Belt"},{"floor":9,"key":"Oddly Smooth Stone"},{"floor":21,"key":"Necronomicon"},{"floor":24,"key":"ats:Originium"},{"floor":24,"key":"Singing Bowl"},{"floor":26,"key":"White Beast Statue"},{"floor":31,"key":"ats:Originium"},{"floor":31,"key":"Omamori"},{"floor":42,"key":"ats:Originium"},{"floor":42,"key":"MawBank"},{"floor":55,"key":"ats:Berate"}],"event_choices":[{"cards_removed":["ats:Strike S"],"damage_healed":0,"gold_gain":0,"player_choice":"Forget","damage_taken":0,"max_hp_gain":0,"max_hp_loss":0,"event_name":"Living Wall","floor":3,"gold_loss":0},{"damage_healed":0,"gold_gain":0,"player_choice":"Entered Light","damage_taken":14,"max_hp_gain":0,"max_hp_loss":0,"event_name":"Shining Light","floor":4,"gold_loss":0,"cards_upgraded":["ats:Strike G","ats:Armor Crushing Shot"]},{"damage_healed":0,"gold_gain":0,"player_choice":"Gave Potion","damage_taken":0,"relics_obtained":["Happy Flower"],"max_hp_gain":0,"max_hp_loss":0,"event_name":"WeMeetAgain","floor":5,"gold_loss":0},{"damage_healed":0,"gold_gain":0,"player_choice":"Obtained Book","damage_taken":16,"max_hp_gain":0,"max_hp_loss":0,"event_name":"Cursed Tome","floor":21,"gold_loss":0},{"damage_healed":0,"gold_gain":0,"player_choice":"Ignored","damage_taken":0,"max_hp_gain":0,"max_hp_loss":0,"event_name":"N\u0027loth","floor":22,"gold_loss":0},{"damage_healed":0,"gold_gain":0,"cards_transformed":["ats:Steam Pump","ats:Chain Hook"],"player_choice":"Became Test Subject","damage_taken":0,"max_hp_gain":0,"max_hp_loss":0,"event_name":"Drug Dealer","floor":29,"gold_loss":0,"cards_obtained":["ats:Beaten Up","ats:Healing Drone"]},{"damage_healed":0,"gold_gain":0,"player_choice":"Got Potions","damage_taken":0,"max_hp_gain":0,"max_hp_loss":0,"event_name":"Lab","floor":37,"gold_loss":0},{"damage_healed":0,"gold_gain":0,"player_choice":"Upgraded","damage_taken":0,"max_hp_gain":0,"max_hp_loss":0,"event_name":"Upgrade Shrine","floor":46,"gold_loss":0,"cards_upgraded":["ats:Beaten Up"]}],"is_beta":false,"boss_relics":[{"not_picked":["Calling Bell","SacredBark"],"picked":"Astrolabe"},{"not_picked":["Busted Crown","ats:Tactical Delivery"],"picked":"Coffee Dripper"}],"items_purged_floors":[12,39],"is_endless":false,"potions_floor_spawned":[1,10,13,14,20,24,27,30,31,33,35,36,38,41,42,45,48,55],"killed_by":"The Heart","ascension_level":0}}