{"host":"5jzx1090woovszu4","time":1611543787,"event":{"mods":["BaseMod","Gremlin Mod","Minty Spire (QoL Compilation)","Spicy Shops","StSLib","[GremlinLeader]The Maniac"],"gold_per_floor":[111,127,147,160,171,201,201,201,251,264,294,294,394,402,402,497,497,503,53,53,53,63,63,69,82,154,154,180,4,32,52,52,147,147,157,167,175,217,217,217,31,41,41,41,52,62,91,96,96,88],"floor_reached":51,"language":"ENG","playtime":3933,"items_purged":["maniac:Strike"],"score":908,"play_id":"0010d34d-99cc-47ce-b20e-f5acf91ade62","local_time":"20210125040307","is_ascension_mode":false,"campfire_choices":[{"floor":7,"key":"REST"},{"floor":12,"key":"REST"},{"data":"maniac:HammerStrike","floor":15,"key":"SMITH"},{"data":"maniac:Deal","floor":23,"key":"SMITH"},{"data":"maniac:Deal+1","floor":27,"key":"SMITH"},{"floor":32,"key":"REST"},{"floor":40,"key":"REST"},{"data":"maniac:Deal+2","floor":49,"key":"SMITH"}],"circlet_count":0,"master_deck":["maniac:Strike","maniac:Strike+1","maniac:Strike","maniac:Defend","maniac:Defend","maniac:Defend","maniac:Defend+1","maniac:BurnBlood","maniac:AbyssShackle","maniac:ManipulatedFaith","maniac:Refine","maniac:HammerStrike","maniac:HammerStrike+1","maniac:Deal+3","maniac:ShelteringEdge","maniac:WardAndDefend","maniac:WitnessTrueSorcery+1","maniac:ShelteringEdge+1","maniac:Simulacrum+1","maniac:Collecting","maniac:DashForward","maniac:UndyingDesire+1","maniac:ColdHeart+1","maniac:Intimidate+1","maniac:ReachVictory+1","maniac:Simulacrum+1","maniac:StormOfTime+1","maniac:FoilArmor+1"],"relics":["maniac:DamagedAnvil","maniac:BrokenHorn","Girya","Regal Pillow","Toxic Egg 2","Black Star","Ginger","HornCleat","Anchor","Eternal Feather","Tiny Chest","Toy Ornithopter","Membership Card","Matryoshka","Blood Vial","Molten Egg 2","SlaversCollar","Orichalcum","Peace Pipe","Pen Nib","Frozen Eye","Ice Cream","Smiling Mask","PreservedInsect","Frozen Egg 2","Turnip","Nunchaku","Thread and Needle"],"acts_visited":["Exordium","TheCity","TheBeyond"],"potions_floor_usage":[11,18,22,24,31,31,37,38,46,50,50,50],"damage_taken":[{"damage":4.0,"enemies":"Jaw Worm","floor":1.0,"turns":3.0},{"damage":3,"enemies":"2 Louse","floor":2,"turns":2},{"damage":2,"enemies":"Cultist","floor":3,"turns":4},{"damage":13,"enemies":"Blue Slaver","floor":4,"turns":2},{"damage":11,"enemies":"Red Slaver","floor":5,"turns":5},{"damage":17,"enemies":"Gremlin Nob","floor":6,"turns":3},{"damage":3,"enemies":"Gremlin Gang","floor":10,"turns":4},{"damage":13,"enemies":"Lagavulin","floor":11,"turns":6},{"damage":0,"enemies":"Large Slime","floor":14,"turns":5},{"damage":21,"enemies":"The Guardian","floor":16,"turns":6},{"damage":1,"enemies":"2 Thieves","floor":18,"turns":5},{"damage":0,"enemies":"Chosen","floor":22,"turns":4},{"damage":14,"enemies":"Shelled Parasite and Fungi","floor":24,"turns":3},{"damage":20,"enemies":"Cultist and Chosen","floor":25,"turns":5},{"damage":3,"enemies":"Slavers","floor":28,"turns":4},{"damage":8,"enemies":"Book of Stabbing","floor":30,"turns":3},{"damage":47,"enemies":"3 Cultists","floor":31,"turns":7},{"damage":3,"enemies":"Collector","floor":33,"turns":5},{"damage":12,"enemies":"3 Darklings","floor":35,"turns":7},{"damage":6,"enemies":"Orb Walker","floor":36,"turns":3},{"damage":29,"enemies":"Transient","floor":37,"turns":5},{"damage":16,"enemies":"2 Orb Walkers","floor":38,"turns":4},{"damage":3,"enemies":"4 Shapes","floor":42,"turns":7},{"damage":11,"enemies":"Sphere and 2 Shapes","floor":45,"turns":3},{"damage":9,"enemies":"Transient","floor":46,"turns":5},{"damage":3,"enemies":"Nemesis","floor":47,"turns":1},{"damage":3,"enemies":"Maw","floor":48,"turns":3},{"damage":3,"enemies":"Awakened One","floor":50,"turns":6}],"seed_played":"-7841108875514844524","potions_obtained":[{"floor":1.0,"key":"GamblersBrew"},{"floor":6,"key":"PowerPotion"},{"floor":14,"key":"SmokeBomb"},{"floor":16,"key":"LiquidMemories"},{"floor":18,"key":"Explosive Potion"},{"floor":22,"key":"SmokeBomb"},{"floor":24,"key":"BlessingOfTheForge"},{"floor":28,"key":"Weak Potion"},{"floor":35,"key":"Dexterity Potion"},{"floor":37,"key":"Explosive Potion"},{"floor":38,"key":"Ancient Potion"},{"floor":42,"key":"Explosive Potion"},{"floor":48,"key":"BlessingOfTheForge"}],"is_trial":false,"path_per_floor":["M","M","M","M","M","E","R","?","T","M","E","R","?","M","R","B",null,"M","$","T","?","M","R","M","M","T","R","E","$","E","M","R","B",null,"M","M","M","?","?","R","$","M","T","T","M","M","E","M","R","B",null],"character_chosen":"THE_MANIAC","items_purchased":["maniac:Collecting","Ginger","Membership Card","PowerPotion","Pen Nib","Frozen Eye"],"campfire_rested":4,"item_purchase_floors":[19,19,29,29,41,41],"current_hp_per_floor":[84,81,79,66,55,38,64,46,46,43,30,71,71,71,71,50,88,87,87,87,87,87,87,73,53,53,65,62,62,54,19,75,74,88,76,72,50,41,41,88,88,85,85,85,76,74,73,72,87,88],"gold":88,"neow_bonus":"TEN_PERCENT_HP_BONUS","is_daily":false,"chose_seed":false,"campfire_upgraded":4,"win_rate":0.0,"timestamp":1611543787,"path_taken":["M","M","M","M","M","E","R","?","T","M","E","R","?","M","R","BOSS","M","$","?","?","?","R","M","M","T","R","E","$","E","M","R","BOSS","M","M","?","?","?","R","$","M","T","?","M","?","E","M","R","BOSS"],"items_purchased_type":["Card","Relic","Relic","Potion","Relic","Relic"],"build_version":"2020-12-22","purchased_purges":1,"victory":true,"max_hp_per_floor":[88,88,88,88,88,88,88,88,88,88,88,88,88,88,88,88,88,88,88,88,88,88,88,88,88,88,88,88,88,88,88,88,88,88,88,88,88,88,88,88,88,88,88,88,88,88,88,88,88,88],"card_choices":[{"not_picked":["maniac:PerceiveDanger","maniac:Intimidate"],"picked":"maniac:ManipulatedFaith","floor":1.0},{"not_picked":["maniac:Confront","maniac:Blastwave"],"picked":"maniac:Refine","floor":2},{"not_picked":["maniac:UntravelledPath","maniac:WardAndDefend"],"picked":"maniac:HammerStrike","floor":3},{"not_picked":["maniac:Confront","maniac:PanickyParry"],"picked":"maniac:HammerStrike","floor":4},{"not_picked":["maniac:BladesInCloak","maniac:WitnessTrueSorcery"],"picked":"maniac:Deal","floor":5},{"not_picked":["maniac:TwistedEddies","maniac:Exterminator"],"picked":"maniac:ShelteringEdge","floor":6},{"not_picked":["maniac:SeekerKnife","maniac:MeleeStrike"],"picked":"maniac:WardAndDefend","floor":10},{"not_picked":["maniac:Refine+1","maniac:DashForward"],"picked":"maniac:WitnessTrueSorcery+1","floor":11},{"not_picked":["maniac:FindAShortcut+1","maniac:ColdHeart+1"],"picked":"maniac:ShelteringEdge+1","floor":14},{"not_picked":["maniac:HammerDown","maniac:RallyToMe"],"picked":"maniac:Simulacrum+1","floor":16},{"not_picked":["maniac:PanickyParry+1","maniac:MeleeStrike+1","maniac:Refine+1"],"picked":"SKIP","floor":18},{"not_picked":["maniac:FindAShortcut+1","maniac:Blastwave+1","maniac:Intimidate+1"],"picked":"SKIP","floor":22},{"not_picked":["maniac:BladeEnd+1","maniac:SecretBackups+1"],"picked":"maniac:UndyingDesire+1","floor":24},{"not_picked":["maniac:DashForward","maniac:ListenToNone+1"],"picked":"maniac:ColdHeart+1","floor":25},{"not_picked":["maniac:PanickyParry+1","maniac:ForsakenHand+1","maniac:ShelteringEdge+1"],"picked":"SKIP","floor":28},{"not_picked":["maniac:PerceiveDanger+1","maniac:Whirlscythe+1"],"picked":"maniac:Intimidate+1","floor":30},{"not_picked":["maniac:PerceiveDanger+1","maniac:Assassinate+1","maniac:DashForward+1"],"picked":"SKIP","floor":31},{"not_picked":["maniac:Collecting+1","maniac:ShadowContact"],"picked":"maniac:ReachVictory+1","floor":33},{"not_picked":["maniac:BladesInCloak+1","maniac:PerceiveDanger+1","maniac:ListenToNone+1"],"picked":"SKIP","floor":35},{"not_picked":["maniac:ShatteredShield+1","maniac:FindAShortcut+1","maniac:ShelteringEdge+1"],"picked":"SKIP","floor":36},{"not_picked":["maniac:Refine+1","maniac:Exterminator+1","maniac:WardAndDefend+1"],"picked":"SKIP","floor":37},{"not_picked":["maniac:ColdHeart+1","maniac:FindAShortcut+1"],"picked":"maniac:Simulacrum+1","floor":38},{"not_picked":["maniac:ListenToNone+1","maniac:UntravelledPath+1","maniac:Infuriate+1"],"picked":"SKIP","floor":42},{"not_picked":["maniac:SpectralKnives+1","maniac:SpectralFlash+1","maniac:Intimidate+1"],"picked":"SKIP","floor":45},{"not_picked":["maniac:Confront+1","maniac:BladeShoot+1"],"picked":"maniac:StormOfTime+1","floor":46},{"not_picked":["maniac:ShelteringEdge+1","maniac:ShatteredShield+1","maniac:UntravelledPath+1"],"picked":"SKIP","floor":47},{"not_picked":["maniac:Intimidate+1","maniac:WardAndDefend+1"],"picked":"maniac:FoilArmor+1","floor":48}],"player_experience":600643,"relics_obtained":[{"floor":6,"key":"Girya"},{"floor":9,"key":"Regal Pillow"},{"floor":11,"key":"Toxic Egg 2"},{"floor":20,"key":"HornCleat"},{"floor":26,"key":"Eternal Feather"},{"floor":28,"key":"Tiny Chest"},{"floor":28,"key":"Toy Ornithopter"},{"floor":30,"key":"Matryoshka"},{"floor":30,"key":"Blood Vial"},{"floor":38,"key":"Peace Pipe"},{"floor":43,"key":"Smiling Mask"},{"floor":44,"key":"PreservedInsect"},{"floor":44,"key":"Frozen Egg 2"},{"floor":47,"key":"Nunchaku"},{"floor":47,"key":"Thread and Needle"}],"event_choices":[{"damage_healed":0,"gold_gain":0,"player_choice":"Entered Light","damage_taken":18,"max_hp_gain":0,"max_hp_loss":0,"event_name":"Shining Light","floor":8,"gold_loss":0,"cards_upgraded":["maniac:Defend","maniac:Strike"]},{"damage_healed":0,"gold_gain":100,"player_choice":"Gold","damage_taken":0,"max_hp_gain":0,"max_hp_loss":0,"event_name":"Wheel of Change","floor":13,"gold_loss":0},{"damage_healed":0,"gold_gain":0,"cards_transformed":["maniac:Strike"],"player_choice":"Transformed","damage_taken":0,"max_hp_gain":0,"max_hp_loss":0,"event_name":"Transmorgrifier","floor":21,"gold_loss":0,"cards_obtained":["maniac:DashForward"]},{"damage_healed":0,"gold_gain":0,"player_choice":"Fight","damage_taken":0,"max_hp_gain":0,"max_hp_loss":0,"event_name":"Mysterious Sphere","floor":38,"gold_loss":0},{"damage_healed":0,"gold_gain":0,"player_choice":"Ignored","damage_taken":0,"max_hp_gain":0,"max_hp_loss":0,"event_name":"Tomb of Lord Red Mask","floor":39,"gold_loss":0}],"is_beta":false,"boss_relics":[{"not_picked":["Runic Pyramid","Empty Cage"],"picked":"Black Star"},{"not_picked":["Coffee Dripper","Sozu"],"picked":"SlaversCollar"}],"items_purged_floors":[41],"is_endless":false,"potions_floor_spawned":[1,6,14,16,18,22,24,28,35,37,38,42,48],"ascension_level":0}}