{"host":"j4g6ia6asvpyu2b0","time":1611534356,"event":{"mods":["BaseMod","Colored Map","Minty Spire (QoL Compilation)","Permanent Neow","Quick Restart","Relic Stats","StSLib","Unceasing Turn Reminder"],"gold_per_floor":[114,36,48,60,60,89,89,123,171,171,171,171,171],"floor_reached":12,"language":"ENG","playtime":304,"items_purged":[],"score":168,"play_id":"96620129-9bb3-4e88-8ad7-48afca555839","local_time":"20210124172556","is_ascension_mode":true,"campfire_choices":[{"data":"Inflame","floor":7,"key":"SMITH"},{"data":"Whirlwind","floor":11,"key":"SMITH"}],"circlet_count":0,"master_deck":["AscendersBane","Strike_R","Strike_R","Strike_R","Strike_R","Strike_R","Defend_R","Defend_R","Defend_R","Defend_R","Bash+1","Feel No Pain","Disarm","Inflame+1","Headbutt","Cleave","Whirlwind+1"],"relics":["Burning Blood","Shuriken","Boot","Vajra","Toxic Egg 2"],"acts_visited":["Exordium"],"potions_floor_usage":[],"damage_taken":[{"damage":1.0,"enemies":"Cultist","floor":1.0,"turns":3.0},{"damage":2.0,"enemies":"Jaw Worm","floor":3.0,"turns":4.0},{"damage":0.0,"enemies":"2 Louse","floor":4.0,"turns":4.0},{"damage":29,"enemies":"3 Sentries","floor":6,"turns":13},{"damage":26,"enemies":"Lagavulin","floor":8,"turns":7},{"damage":34,"enemies":"Gremlin Nob","floor":12,"turns":3}],"seed_played":"850094222683399935","potions_obtained":[{"floor":1.0,"key":"SkillPotion"}],"is_trial":false,"path_per_floor":["M","$","M","M","?","E","R","E","T","T","R","E"],"character_chosen":"IRONCLAD","items_purchased":["Disarm"],"campfire_rested":0,"item_purchase_floors":[2],"current_hp_per_floor":[73,73,75,75,75,52,52,32,32,32,32,0,0],"gold":171,"neow_bonus":"UPGRADE_CARD","is_daily":false,"chose_seed":false,"campfire_upgraded":2,"win_rate":0.0,"timestamp":1611534356,"path_taken":["M","$","M","M","?","E","R","E","T","?","R","E"],"items_purchased_type":["Card"],"build_version":"2020-12-22","purchased_purges":0,"victory":false,"max_hp_per_floor":[75,75,75,75,75,75,75,75,75,75,75,75,75],"relic_stats":{"counters":[6,34],"Shuriken":[0],"Boot":[0],"obtain_stats":[{"Shuriken":6,"Vajra":9,"Toxic Egg 2":10,"Boot":8,"Burning Blood":0},{"Shuriken":4,"Vajra":5,"Toxic Egg 2":5,"Boot":5,"Burning Blood":0},{"Shuriken":24,"Vajra":31,"Toxic Egg 2":31,"Boot":31,"Burning Blood":0}],"Burning Blood":22},"card_choices":[{"not_picked":["Warcry","Pummel"],"picked":"Feel No Pain","floor":1.0},{"not_picked":["Dual Wield","Twin Strike"],"picked":"Inflame","floor":3.0},{"not_picked":["Heavy Blade","True Grit"],"picked":"Headbutt","floor":4.0},{"not_picked":["Carnage","True Grit"],"picked":"Cleave","floor":6},{"not_picked":["Headbutt","Sword Boomerang"],"picked":"Whirlwind","floor":8}],"player_experience":997415,"relics_obtained":[{"floor":6,"key":"Shuriken"},{"floor":8,"key":"Boot"},{"floor":9,"key":"Vajra"},{"floor":10,"key":"Toxic Egg 2"}],"event_choices":[{"damage_healed":0.0,"max_hp_gain":0.0,"max_hp_loss":0.0,"gold_gain":0.0,"event_name":"The Cleric","player_choice":"Leave","floor":5.0,"gold_loss":0.0,"damage_taken":0.0}],"is_beta":false,"boss_relics":[],"items_purged_floors":[],"is_endless":false,"potions_floor_spawned":[1],"killed_by":"Gremlin Nob","ascension_level":19}}