{"host":"6hzrz31j95f2y1pa","time":1611547388,"event":{"mods":["BaseMod","Colored Map","Downfall","Minty Spire (QoL Compilation)","StSLib"],"gold_per_floor":[99,113,563,61,73,73,121,133,160,174,190,90,75,86,106,208,208,108,108,208,225,225,60,108,119,152,152,177,177,37,55,67,167,167,167,181,201,216,1215,1242,1242,1142,1160,1180,1191,673,673,686,706,706,706,706,706,706],"floor_reached":52,"language":"ENG","playtime":2764,"items_purged":["downfall:Icky","bronze:Strike","bronze:Strike","Normality"],"score":956,"play_id":"5a4766ac-423d-431d-8f6d-1cf958303996","local_time":"20210124230308","is_ascension_mode":true,"campfire_choices":[{"data":"Trip","floor":1.0,"key":"SMITH"},{"floor":6.0,"key":"RECALL"},{"data":"bronze:Boost","floor":12.0,"key":"SMITH"},{"data":"bronze:ShipIt","floor":18.0,"key":"SMITH"},{"floor":27.0,"key":"REST"},{"floor":29.0,"key":"REST"},{"data":"bronze:Mutator","floor":35.0,"key":"SMITH"},{"data":"bronze:Frontload","floor":42.0,"key":"SMITH"}],"circlet_count":0,"master_deck":["bronze:Strike+1","bronze:Strike","bronze:Defend","bronze:Defend","bronze:Defend+1","bronze:Defend","bronze:Replicate","bronze:Goto","Trip+1","bronze:CloningBeam","downfall:Icky","downfall:Icky","bronze:BugBarrage+1","bronze:BugBarrage","bronze:BuggyMess+1","bronze:Boost+1","bronze:ClassDefault","bronze:BurnOut","bronze:Backtrace","bronze:WildBeam","bronze:ShipIt+1","CurseOfTheBell","bronze:Flail","bronze:FineTuning+1","bronze:OilSpill+1","bronze:Break+1","bronze:Frontload+1","bronze:BronzeOrb+1","bronze:Repulsor+1","bronze:Allocate","bronze:Mutator+1","Normality","bronze:Repair","bronze:Overload+1","bronze:Fortify","expansioncontent:YouAreMine","bronze:Shell+1"],"relics":["bronze:BronzeCore","Meat on the Bone","champ:Barbells","Bag of Marbles","Incense Burner","downfall:HeartBlessingGreen","Calling Bell","Boot","Pantograph","StoneCalendar","downfall:HeartBlessingRed","Thread and Needle","Bottled Tornado","Mercury Hourglass","hexamod:BolsterEngine","Dream Catcher","Potion Belt","Guardian:BottledAnomaly","Velvet Choker","Vajra","downfall:HeartBlessingBlue","Torii"],"acts_visited":["Exordium","TheCity","TheBeyond","TheEnding"],"potions_floor_usage":[],"damage_taken":[{"damage":12.0,"enemies":"Small Slimes","floor":2.0,"turns":4.0},{"damage":5.0,"enemies":"downfall:FleeingMerchant","floor":4.0,"turns":4.0},{"damage":12.0,"enemies":"Jaw Worm","floor":5.0,"turns":3.0},{"damage":0.0,"enemies":"Cultist","floor":8.0,"turns":2.0},{"damage":26.0,"enemies":"Gremlin Nob","floor":9.0,"turns":4.0},{"damage":0.0,"enemies":"Large Slime","floor":10.0,"turns":2.0},{"damage":3.0,"enemies":"Blue Slaver","floor":11.0,"turns":3.0},{"damage":0.0,"enemies":"downfall:FleeingMerchant","floor":13.0,"turns":4.0},{"damage":8.0,"enemies":"Exordium Wildlife","floor":14.0,"turns":4.0},{"damage":0.0,"enemies":"Exordium Thugs","floor":15.0,"turns":3.0},{"damage":36.0,"enemies":"WA_ARCHETYPE_RETAIN","floor":16.0,"turns":7.0},{"damage":37.0,"enemies":"Colosseum Nobs","floor":20.0,"turns":4.0},{"damage":17.0,"enemies":"3 Byrds","floor":21.0,"turns":4.0},{"damage":7.0,"enemies":"downfall:FleeingMerchant","floor":23.0,"turns":4.0},{"damage":0.0,"enemies":"Chosen","floor":25.0,"turns":3.0},{"damage":59.0,"enemies":"Gremlin Leader","floor":26.0,"turns":6.0},{"damage":29.0,"enemies":"Slavers","floor":28.0,"turns":4.0},{"damage":3.0,"enemies":"downfall:FleeingMerchant","floor":30.0,"turns":3.0},{"damage":0.0,"enemies":"Sentry and Sphere","floor":31.0,"turns":2.0},{"damage":0.0,"enemies":"Chosen and Byrds","floor":32.0,"turns":4.0},{"damage":55.0,"enemies":"IC_MUSHROOM_ARCHETYPE","floor":33.0,"turns":8.0},{"damage":0.0,"enemies":"3 Darklings","floor":36.0,"turns":4.0},{"damage":6.0,"enemies":"3 Shapes","floor":37.0,"turns":5.0},{"damage":11.0,"enemies":"Sphere and 2 Shapes","floor":38.0,"turns":7.0},{"damage":10.0,"enemies":"Nemesis","floor":40.0,"turns":4.0},{"damage":5.0,"enemies":"Transient","floor":43.0,"turns":5.0},{"damage":0.0,"enemies":"4 Shapes","floor":44.0,"turns":5.0},{"damage":1.0,"enemies":"3 Darklings","floor":45.0,"turns":3.0},{"damage":0.0,"enemies":"Transient","floor":48.0,"turns":5.0},{"damage":11.0,"enemies":"Sphere and 2 Shapes","floor":49.0,"turns":4.0},{"damage":39.0,"enemies":"DF_ARCHETYPE_ORBS","floor":50.0,"turns":8.0},{"damage":81,"enemies":"downfall:CharBossMerchant","floor":52,"turns":8}],"seed_played":"4809019514049406418","potions_obtained":[{"floor":8.0,"key":"PowerPotion"},{"floor":9.0,"key":"FairyPotion"},{"floor":10.0,"key":"Swift Potion"},{"floor":11.0,"key":"hexamod:SoulburnPotion"},{"floor":14.0,"key":"Block Potion"},{"floor":16.0,"key":"Ancient Potion"},{"floor":20.0,"key":"bronze:CleanCodePotion"},{"floor":26.0,"key":"LiquidBronze"},{"floor":32.0,"key":"SteroidPotion"},{"floor":33.0,"key":"EssenceOfSteel"},{"floor":36.0,"key":"Regen Potion"},{"floor":43.0,"key":"Energy Potion"},{"floor":45.0,"key":"bronze:BuildAFunctionPotion"},{"floor":48.0,"key":"Dexterity Potion"}],"is_trial":false,"path_per_floor":["R","M","?","$","M","R","T","M","E","M","M","R","$","M","M","B",null,"R","?","?","M","T","$","T","M","E","R","E","R","$","M","M","B",null,"R","M","M","M","?","E","T","R","M","M","M","$","?","M","M","B",null,"E"],"character_chosen":"THE_AUTOMATON","items_purchased":["Meat on the Bone","champ:Barbells","bronze:BugBarrage","bronze:OilSpill","bronze:Repulsor","Block Potion","Weak Potion","bronze:Allocate","Guardian:BottledAnomaly","Torii","bronze:Fortify"],"campfire_rested":2,"item_purchase_floors":[4,4,4,23,30,30,30,30,30,46,46],"current_hp_per_floor":[63,51,51,46,46,46,46,46,32,44,41,41,41,45,45,21,58,58,58,33,28,28,33,33,45,19,40,23,44,41,41,41,23,58,58,58,52,41,41,40,40,50,52,59,58,58,58,58,47,52,73,0,0,0],"gold":706,"neow_bonus":"RANDOM_COLORLESS","is_daily":false,"chose_seed":false,"campfire_upgraded":5,"win_rate":0.0,"timestamp":1611547388,"path_taken":["R","M","?","$","M","R","T","M","E","M","M","R","$","M","M","BOSS","R","?","?","M","?","$","T","M","E","R","E","R","$","?","M","BOSS","R","M","M","M","?","E","T","R","M","M","M","$","?","M","M","BOSS","E"],"items_purchased_type":["Relic","Relic","Card","Card","Card","Potion","Potion","Card","Relic","Relic","Card"],"build_version":"2020-12-22","purchased_purges":4,"victory":false,"max_hp_per_floor":[70,70,70,70,70,70,70,70,70,70,70,70,70,70,70,70,70,70,70,70,70,70,70,70,70,70,70,70,70,70,70,70,70,70,70,70,70,70,70,70,70,80,80,80,80,80,80,80,80,80,80,80,80,80],"card_choices":[{"not_picked":["Panacea","Madness"],"picked":"Trip","floor":0.0},{"not_picked":["bronze:Optimize","bronze:Invalidate"],"picked":"bronze:CloningBeam","floor":2.0},{"not_picked":["bronze:Shield","bronze:Turbo"],"picked":"bronze:BugBarrage","floor":4.0},{"not_picked":["bronze:Branch","bronze:DarkDash"],"picked":"bronze:BuggyMess","floor":5.0},{"not_picked":["bronze:Overheat","bronze:DigitalCarnage","bronze:Assembly"],"picked":"SKIP","floor":8.0},{"not_picked":["bronze:ForceShield","bronze:ForLoop","bronze:Overload"],"picked":"SKIP","floor":9.0},{"not_picked":["bronze:BuggyMess","bronze:Invalidate"],"picked":"bronze:Boost","floor":10.0},{"not_picked":["bronze:Turbo","bronze:Shield"],"picked":"bronze:ClassDefault","floor":11.0},{"not_picked":["bronze:Branch","bronze:Invalidate"],"picked":"bronze:BurnOut","floor":13.0},{"not_picked":["bronze:Refactor","bronze:Shield"],"picked":"bronze:Backtrace","floor":14.0},{"not_picked":["bronze:ForceShield","bronze:BitShift"],"picked":"bronze:WildBeam","floor":15.0},{"not_picked":["bronze:Virus","bronze:ThunderWave"],"picked":"bronze:ShipIt","floor":16.0},{"not_picked":["bronze:OilSpill","bronze:Frontload"],"picked":"bronze:Flail","floor":20.0},{"not_picked":["bronze:Safeguard","bronze:BuggyMess","bronze:Flail+1"],"picked":"SKIP","floor":21.0},{"not_picked":["bronze:Turbo","bronze:DigitalCarnage"],"picked":"bronze:FineTuning+1","floor":23.0},{"not_picked":["bronze:Turbo+1","bronze:Branch"],"picked":"bronze:Break","floor":25.0},{"not_picked":["bronze:DarkDash+1","bronze:TinkerersToolbox"],"picked":"bronze:Frontload","floor":26.0},{"not_picked":["bronze:CutThrough","bronze:DelayedSlice+1"],"picked":"bronze:BronzeOrb+1","floor":28.0},{"not_picked":["bronze:BurnOut","bronze:Invalidate","bronze:ForceShield"],"picked":"SKIP","floor":30.0},{"not_picked":["bronze:BugBarrage","bronze:Deprecate+1","bronze:Branch"],"picked":"SKIP","floor":31.0},{"not_picked":["bronze:Branch","bronze:BuggyMess+1","bronze:Frontload"],"picked":"SKIP","floor":32.0},{"not_picked":["bronze:CleanCode","bronze:Format"],"picked":"bronze:Mutator","floor":33.0},{"not_picked":["bronze:Constructor","bronze:Refactor+1","bronze:Branch+1"],"picked":"SKIP","floor":36.0},{"not_picked":["bronze:CloningBeam+1","bronze:Frontload+1","bronze:BugBarrage"],"picked":"SKIP","floor":37.0},{"not_picked":["bronze:Iterate","bronze:Constructor","bronze:WildBeam+1"],"picked":"SKIP","floor":38.0},{"not_picked":["bronze:AlphaBuild","bronze:MaxOutput+1"],"picked":"bronze:Repair","floor":40.0},{"not_picked":["bronze:Invalidate","bronze:ForLoop","bronze:BugBarrage"],"picked":"SKIP","floor":43.0},{"not_picked":["bronze:CloningBeam+1","bronze:Overload+1","bronze:WhirlingStrike+1"],"picked":"SKIP","floor":44.0},{"not_picked":["bronze:CloningBeam+1","bronze:WhirlingStrike+1"],"picked":"bronze:Overload+1","floor":44.0},{"not_picked":["bronze:Branch","bronze:WhirlingStrike+1","bronze:Safeguard"],"picked":"SKIP","floor":45.0},{"not_picked":["expansioncontent:PolyBeam","expansioncontent:Chronoboost"],"picked":"expansioncontent:YouAreMine","floor":47.0},{"not_picked":["bronze:Separator","bronze:BuggyMess"],"picked":"bronze:Shell+1","floor":48.0},{"not_picked":["bronze:Branch+1","bronze:DelayedSlice","bronze:Constructor"],"picked":"SKIP","floor":49.0}],"player_experience":1392637,"relics_obtained":[{"floor":7.0,"key":"Bag of Marbles"},{"floor":9.0,"key":"Incense Burner"},{"floor":17.0,"key":"Boot"},{"floor":17.0,"key":"Pantograph"},{"floor":17.0,"key":"StoneCalendar"},{"floor":20.0,"key":"Thread and Needle"},{"floor":20.0,"key":"Bottled Tornado"},{"floor":22.0,"key":"Mercury Hourglass"},{"floor":24.0,"key":"hexamod:BolsterEngine"},{"floor":26.0,"key":"Dream Catcher"},{"floor":28.0,"key":"Potion Belt"},{"floor":40.0,"key":"Vajra"}],"event_choices":[{"damage_healed":0.0,"max_hp_gain":0.0,"max_hp_loss":0.0,"gold_gain":0.0,"event_name":"Vampires","player_choice":"Ignored","floor":19.0,"gold_loss":0.0,"damage_taken":0.0}],"is_beta":false,"boss_relics":[{"not_picked":["Empty Cage","Astrolabe"],"picked":"Calling Bell"},{"not_picked":["Black Star","Runic Pyramid"],"picked":"Velvet Choker"}],"items_purged_floors":[4,23,30,46],"is_endless":false,"potions_floor_spawned":[8,9,10,11,14,16,20,26,32,33,36,43,45,48],"killed_by":"downfall:CharBossMerchant","ascension_level":6}}