{"host":"g4jqqbmo30rq7cal","time":1611585036,"event":{"mods":["AchievementEnabler","Act Like it!","BaseMod","Better Altar","Better Match","Better Note","Better Sensory Stone","Better Skull","Better Third Choice","Better Vampires","BetterRewards","Conspire","DeckTracker","Downfall","Luminous","Minty Spire (QoL Compilation)","Rare Cards Sparkle","Shade Mod","Shop Mod","StSLib","The Bug Knight","The Cursed","The Marked","The Mystic","Thieving Mod","[IsaacMod]????"],"gold_per_floor":[99,549,549,559,559,559,559,590,608,308,373,373,392,420,434,434,434,434],"floor_reached":16,"language":"RUS","playtime":862,"items_purged":[],"score":133,"play_id":"886c4ca4-0e1e-472c-899f-db244f72055f","local_time":"20210125193036","is_ascension_mode":false,"campfire_choices":[{"data":"Guardian:TwinSlam","floor":1,"key":"SMITH"},{"floor":6,"key":"RECALL"},{"data":"Guardian:TemporalStrike","floor":10,"key":"SMITH"},{"data":"Guardian:DonusPower","floor":12,"key":"SMITH"}],"circlet_count":0,"master_deck":["Guardian:Strike_Guardian","Guardian:Strike_Guardian","Guardian:Strike_Guardian","Guardian:Strike_Guardian","Guardian:Defend_Guardian","Guardian:Defend_Guardian","Guardian:Defend_Guardian","Guardian:Defend_Guardian","Guardian:CurlUp","Guardian:TwinSlam+1","downfall:Icky","downfall:Icky","downfall:Icky","Guardian:DonusPower+1","Regret","Guardian:TemporalStrike+1","Guardian:CrystalBeam","Guardian:Clone","Guardian:Planning","Guardian:TemporalStrike"],"relics":["Guardian:ModeShifter","HushsDoor","GuppysPaw","YumHeart","HollowMod:LifeEnderRelic","Juzu Bracelet","downfall:HeartBlessingRed","downfall:HeartBlessingBlue","downfall:HeartBlessingGreen","conspire:TopHat","Strawberry"],"acts_visited":["Exordium"],"potions_floor_usage":[8,14,16],"damage_taken":[{"damage":21,"enemies":"Jaw Worm","floor":4,"turns":5},{"damage":9,"enemies":"Gremlin Nob","floor":8,"turns":2},{"damage":20,"enemies":"Small Slimes","floor":9,"turns":5},{"damage":13,"enemies":"3 Sentries","floor":11,"turns":8},{"damage":2,"enemies":"2 Louse","floor":13,"turns":3},{"damage":19,"enemies":"Lagavulin","floor":14,"turns":8},{"damage":17,"enemies":"Gremlin Gang","floor":15,"turns":4},{"damage":58,"enemies":"WA_ARCHETYPE_RETAIN","floor":16,"turns":8}],"seed_played":"7219131437353431935","potions_obtained":[{"floor":4,"key":"champ:CounterPotion"},{"floor":11,"key":"PowerPotion"},{"floor":14,"key":"hexamod:SoulburnPotion"}],"is_trial":false,"path_per_floor":["R","?","?","M","?","R","T","E","M","R","?","R","M","E","M","B"],"character_chosen":"GUARDIAN","items_purchased":[],"campfire_rested":0,"item_purchase_floors":[],"current_hp_per_floor":[88,88,88,67,67,67,67,58,38,48,60,60,58,46,29,0,0,0],"gold":434,"neow_bonus":"TEN_PERCENT_HP_BONUS","is_daily":false,"chose_seed":false,"campfire_upgraded":3,"win_rate":0.0,"timestamp":1611585036,"path_taken":["R","?","?","M","?","R","T","E","M","R","?","R","M","E","M","BOSS"],"items_purchased_type":[],"build_version":"2020-12-22","purchased_purges":0,"victory":false,"max_hp_per_floor":[88,88,88,88,88,88,88,88,88,98,98,98,98,105,105,105,105,105],"card_choices":[{"not_picked":[],"picked":"Bomb","floor":0},{"not_picked":["Guardian:VentSteam","Guardian:Reroute"],"picked":"Guardian:DonusPower","floor":4},{"not_picked":["Guardian:Gem_Fragmented","Guardian:Gem_Green"],"picked":"Guardian:Gem_Synthetic","floor":8},{"not_picked":["Guardian:Gem_Cyan","Guardian:ShieldSpikes"],"picked":"Guardian:TemporalStrike","floor":9},{"not_picked":["Guardian:PiercingHide","Guardian:BronzeOrb"],"picked":"Guardian:CrystalBeam","floor":11},{"not_picked":["Guardian:GuardianWhirl","Guardian:TemporalShield"],"picked":"Guardian:Clone","floor":13},{"not_picked":["Guardian:Gem_Yellow","Guardian:CrystalBeam"],"picked":"Guardian:Planning","floor":14},{"not_picked":["Guardian:ArmoredProtocol","Guardian:ShieldCharger"],"picked":"Guardian:TemporalStrike","floor":15}],"player_experience":311107,"relics_obtained":[{"floor":8,"key":"Juzu Bracelet"},{"floor":11,"key":"conspire:TopHat"},{"floor":14,"key":"Strawberry"}],"event_choices":[{"damage_healed":0,"gold_gain":0,"player_choice":"Box","damage_taken":0,"relics_obtained":["HollowMod:LifeEnderRelic"],"max_hp_gain":0,"max_hp_loss":0,"event_name":"Big Fish","floor":5,"gold_loss":0,"cards_obtained":["Regret"]}],"is_beta":false,"boss_relics":[],"items_purged_floors":[],"is_endless":false,"potions_floor_spawned":[4,11,14],"killed_by":"WA_ARCHETYPE_RETAIN","ascension_level":0}}