{"host":"w3q5ijqu8eoknil3","time":1611615171,"event":{"mods":["AchievementEnabler","BaseMod","Block Reminder","Colored Map","Colored Powertips","Curses Come First","Dark Map","Minty Spire (QoL Compilation)","Quick Restart","Relic Stats","StSLib","ojb\u0027s Better Paths Mod","ojb\u0027s Info Mod","slay the spire mod where everything is the same but ironclad has a cowboy hat"],"gold_per_floor":[16,30,30,50,61,61,61,61,61],"floor_reached":8,"language":"ENG","playtime":243,"items_purged":[],"score":91,"play_id":"c9bfa201-042b-4fc4-86ac-917e12e46476","local_time":"20210125225251","is_ascension_mode":true,"campfire_choices":[{"data":"Blade Dance","floor":6,"key":"SMITH"}],"circlet_count":0,"master_deck":["AscendersBane","Strike_G","Strike_G","Strike_G","Strike_G","Strike_G","Defend_G","Defend_G","Defend_G","Defend_G","Defend_G","Survivor","Neutralize","Bullet Time","Blade Dance+1","Poisoned Stab","PiercingWail"],"relics":["Ring of the Snake","Lantern"],"acts_visited":["Exordium"],"potions_floor_usage":[8],"damage_taken":[{"damage":5,"enemies":"2 Louse","floor":1,"turns":4},{"damage":0,"enemies":"Cultist","floor":2,"turns":4},{"damage":0,"enemies":"Jaw Worm","floor":4,"turns":4},{"damage":9,"enemies":"Red Slaver","floor":5,"turns":4},{"damage":56,"enemies":"Gremlin Nob","floor":8,"turns":4}],"seed_played":"5306727936291579834","potions_obtained":[{"floor":4,"key":"Regen Potion"}],"is_trial":false,"path_per_floor":["M","M","?","M","M","R","?","E"],"character_chosen":"THE_SILENT","items_purchased":[],"campfire_rested":0,"item_purchase_floors":[],"current_hp_per_floor":[54,54,54,54,45,45,27,0,0],"gold":61,"neow_bonus":"THREE_RARE_CARDS","is_daily":false,"chose_seed":false,"campfire_upgraded":1,"win_rate":0.0,"timestamp":1611615171,"path_taken":["M","M","?","?","M","R","?","E"],"items_purchased_type":[],"build_version":"2020-12-22","purchased_purges":0,"victory":false,"max_hp_per_floor":[66,66,66,66,66,66,66,66,66],"relic_stats":{"counters":[5,20],"obtain_stats":[{"Lantern":3,"Ring of the Snake":0},{"Lantern":2,"Ring of the Snake":0},{"Lantern":8,"Ring of the Snake":0}],"Ring of the Snake":[10]},"card_choices":[{"not_picked":["Phantasmal Killer","Malaise"],"picked":"Bullet Time","floor":0},{"not_picked":["Sucker Punch","Outmaneuver"],"picked":"Blade Dance","floor":1},{"not_picked":["Footwork","Underhanded Strike"],"picked":"Predator","floor":2},{"not_picked":["Unload","Dagger Throw"],"picked":"Poisoned Stab","floor":4},{"not_picked":["Slice","Prepared"],"picked":"PiercingWail","floor":5}],"player_experience":1015481,"relics_obtained":[],"event_choices":[{"cards_removed":["Predator"],"damage_healed":0,"gold_gain":0,"player_choice":"Gave Card","damage_taken":0,"relics_obtained":["Lantern"],"max_hp_gain":0,"max_hp_loss":0,"event_name":"WeMeetAgain","floor":3,"gold_loss":0},{"damage_healed":0,"gold_gain":0,"player_choice":"Fled","damage_taken":18,"max_hp_gain":0,"max_hp_loss":0,"event_name":"Scrap Ooze","floor":7,"gold_loss":0}],"is_beta":false,"boss_relics":[],"items_purged_floors":[],"is_endless":false,"potions_floor_spawned":[4],"killed_by":"Gremlin Nob","ascension_level":18}}