{"host":"c6u7e77myxvw4d0m","time":1611597903,"event":{"mods":["AchievementEnabler","BaseMod","Bestiary","Colored Map","Colored Powertips","Minty Spire (QoL Compilation)","Rare Cards Sparkle","Relic Stats","everything is the same but u backflip on backflip"],"gold_per_floor":[116,18,18,31,43,71,71,86,167,194,13,13,13,40,40,40,40],"floor_reached":16,"language":"ENG","playtime":462,"items_purged":[],"score":222,"play_id":"5ee77742-b8d9-4436-9d45-7b7a37503ecd","local_time":"20210125200503","is_ascension_mode":true,"campfire_choices":[{"floor":7,"key":"RECALL"},{"floor":13,"key":"REST"},{"data":"Bash","floor":15,"key":"SMITH"}],"circlet_count":0,"master_deck":["AscendersBane","Strike_R","Strike_R","Strike_R","Strike_R","Strike_R","Defend_R","Defend_R","Defend_R","Defend_R","Bash+1","Wild Strike","Carnage","True Grit","Rampage","Dark Embrace","Pummel","Shockwave","Double Tap"],"relics":["Runic Dome","Peace Pipe","Bag of Preparation","Letter Opener","Potion Belt","Membership Card","Strawberry"],"acts_visited":["Exordium"],"potions_floor_usage":[6,14,16],"damage_taken":[{"damage":7,"enemies":"Small Slimes","floor":1,"turns":4},{"damage":12,"enemies":"Jaw Worm","floor":4,"turns":3},{"damage":2,"enemies":"2 Louse","floor":5,"turns":2},{"damage":0,"enemies":"Gremlin Nob","floor":6,"turns":2},{"damage":12,"enemies":"2 Fungi Beasts","floor":8,"turns":3},{"damage":20,"enemies":"3 Sentries","floor":10,"turns":8},{"damage":13,"enemies":"Gremlin Nob","floor":14,"turns":3},{"damage":34,"enemies":"Slime Boss","floor":16,"turns":10}],"seed_played":"4228656231899401596","potions_obtained":[{"floor":4,"key":"AttackPotion"},{"floor":6,"key":"SpeedPotion"},{"floor":14,"key":"Explosive Potion"}],"is_trial":false,"path_per_floor":["M","$","?","M","M","E","R","M","T","E","$","?","R","E","R","B"],"character_chosen":"IRONCLAD","items_purchased":["Carnage","True Grit","Membership Card","Strength Potion"],"campfire_rested":1,"item_purchase_floors":[2,2,11,11],"current_hp_per_floor":[65,65,53,41,39,39,39,27,27,7,7,7,31,25,25,0,0],"gold":40,"neow_bonus":"BOSS_RELIC","is_daily":false,"chose_seed":false,"campfire_upgraded":1,"win_rate":0.0,"timestamp":1611597903,"path_taken":["M","$","?","M","M","E","R","M","T","E","$","?","R","E","R","BOSS"],"items_purchased_type":["Card","Card","Relic","Potion"],"build_version":"2020-12-22","purchased_purges":0,"victory":false,"max_hp_per_floor":[80,80,80,80,80,80,80,80,80,80,80,80,80,87,87,87,87],"relic_stats":{"Peace Pipe":0,"counters":[8,35],"Bag of Preparation":[8],"Letter Opener":[0],"obtain_stats":[{"Peace Pipe":3,"Potion Belt":10,"Runic Dome":0,"Strawberry":14,"Bag of Preparation":6,"Letter Opener":9,"Membership Card":11,"Burning Blood":0},{"Peace Pipe":1,"Potion Belt":6,"Runic Dome":0,"Strawberry":7,"Bag of Preparation":4,"Letter Opener":5,"Membership Card":6,"Burning Blood":0},{"Peace Pipe":4,"Potion Belt":22,"Runic Dome":0,"Strawberry":25,"Bag of Preparation":11,"Letter Opener":14,"Membership Card":22,"Burning Blood":0}]},"card_choices":[{"not_picked":["Headbutt","True Grit"],"picked":"Wild Strike","floor":1},{"not_picked":["Brutality","Body Slam"],"picked":"Rampage","floor":4},{"not_picked":["Headbutt","Twin Strike"],"picked":"Dark Embrace","floor":5},{"not_picked":["Shrug It Off","Iron Wave"],"picked":"Pummel","floor":6},{"not_picked":["Combust","Heavy Blade"],"picked":"Shockwave","floor":8},{"not_picked":["Twin Strike","Warcry","Second Wind"],"picked":"SKIP","floor":10},{"not_picked":["Flame Barrier","Reckless Charge"],"picked":"Double Tap","floor":14}],"player_experience":488213,"relics_obtained":[{"floor":6,"key":"Bag of Preparation"},{"floor":9,"key":"Letter Opener"},{"floor":10,"key":"Potion Belt"},{"floor":14,"key":"Strawberry"}],"event_choices":[{"damage_healed":0,"gold_gain":0,"player_choice":"Success","damage_taken":12,"relics_obtained":["Peace Pipe"],"max_hp_gain":0,"max_hp_loss":0,"event_name":"Scrap Ooze","floor":3,"gold_loss":0},{"damage_healed":0,"gold_gain":0,"player_choice":"Ignored","damage_taken":0,"max_hp_gain":0,"max_hp_loss":0,"event_name":"Shining Light","floor":12,"gold_loss":0}],"is_beta":false,"boss_relics":[],"items_purged_floors":[],"is_endless":false,"potions_floor_spawned":[4,6,14],"killed_by":"Slime Boss","ascension_level":11}}