{"host":"vyjryxuuuxkt43k4","time":1611585818,"event":{"mods":["AchievementEnabler","BaseMod","Colored Map","DeckTracker","Keyboard Shortcuts","Minty Spire (QoL Compilation)","Permanent Neow","Quick Restart","Rare Cards Sparkle","StSLib","SuperFastMode","everything is the same but u backflip on backflip"],"gold_per_floor":[117,117,136,163,19,19,38,74,101,126,139,139,158,219,219,340,340,355,130,143,157,157,201,201,234,234,234,258,258,272,291,291,422,722,735,735,415,415,111,145,145,189,189,522,522,575,594,132,132,132],"floor_reached":51,"language":"KOR","playtime":2371,"items_purged":["Strike_G","Writhe","Strike_G"],"score":1249,"play_id":"059c050d-f7f0-4ca8-aee6-8dc3a78ad12d","local_time":"20210125234338","is_ascension_mode":true,"campfire_choices":[{"data":"Predator","floor":6.0,"key":"SMITH"},{"floor":12.0,"key":"REST"},{"data":"Catalyst","floor":15.0,"key":"SMITH"},{"floor":24.0,"key":"REST"},{"floor":29.0,"key":"REST"},{"floor":32.0,"key":"REST"},{"floor":41.0,"key":"REST"},{"floor":45.0,"key":"REST"},{"floor":49.0,"key":"RECALL"}],"circlet_count":0,"master_deck":["AscendersBane","Strike_G","Strike_G","Defend_G+1","Defend_G+1","Defend_G","Defend_G","Defend_G","Survivor","Neutralize","Cloak And Dagger","Bouncing Flask","Predator+1","Heel Hook","Dash","PiercingWail","Acrobatics","Catalyst+1","After Image","PiercingWail","Doppelganger+1","Corpse Explosion+1","Footwork","Backflip+1","Slice+1","Night Terror+1","CurseOfTheBell","Trip+1","Escape Plan+1","Deflect+1","Purity+1","Panacea+1","Bandage Up+1","Dodge and Roll+1","Tactician+1","Venomology+1","Wraith Form v2+1","Bouncing Flask+1","Prepared+1","Well Laid Plans+1","Acrobatics+1","Blade Dance+1","Crippling Poison+1"],"relics":["Ring of the Snake","Toy Ornithopter","TwistedFunnel","Snake Skull","Orichalcum","Fusion Hammer","Bag of Preparation","Toxic Egg 2","Bronze Scales","Ornamental Fan","Strawberry","Calling Bell","War Paint","Meat on the Bone","Old Coin","Blue Candle","Boot","Frozen Egg 2","The Courier","Pocketwatch","ClockworkSouvenir"],"acts_visited":["Exordium","TheCity","TheBeyond"],"potions_floor_usage":[50],"damage_taken":[{"damage":0.0,"enemies":"Small Slimes","floor":1.0,"turns":5.0},{"damage":6.0,"enemies":"Jaw Worm","floor":3.0,"turns":6.0},{"damage":0.0,"enemies":"2 Louse","floor":7.0,"turns":3.0},{"damage":47.0,"enemies":"3 Sentries","floor":8.0,"turns":11.0},{"damage":0.0,"enemies":"2 Fungi Beasts","floor":10.0,"turns":3.0},{"damage":0.0,"enemies":"3 Louse","floor":11.0,"turns":3.0},{"damage":1.0,"enemies":"Exordium Thugs","floor":13.0,"turns":3.0},{"damage":5.0,"enemies":"The Guardian","floor":16.0,"turns":13.0},{"damage":0.0,"enemies":"3 Byrds","floor":18.0,"turns":4.0},{"damage":3.0,"enemies":"Chosen","floor":20.0,"turns":5.0},{"damage":15.0,"enemies":"Centurion and Healer","floor":21.0,"turns":7.0},{"damage":26.0,"enemies":"Slavers","floor":23.0,"turns":7.0},{"damage":36.0,"enemies":"Book of Stabbing","floor":25.0,"turns":5.0},{"damage":0.0,"enemies":"Snake Plant","floor":28.0,"turns":2.0},{"damage":0.0,"enemies":"Chosen and Byrds","floor":30.0,"turns":4.0},{"damage":0.0,"enemies":"Centurion and Healer","floor":31.0,"turns":4.0},{"damage":8.0,"enemies":"Collector","floor":33.0,"turns":6.0},{"damage":0.0,"enemies":"Orb Walker","floor":35.0,"turns":3.0},{"damage":80.0,"enemies":"Nemesis","floor":40.0,"turns":9.0},{"damage":34.0,"enemies":"Giant Head","floor":42.0,"turns":8.0},{"damage":18.0,"enemies":"2 Orb Walkers","floor":46.0,"turns":4.0},{"damage":1.0,"enemies":"3 Darklings","floor":47.0,"turns":2.0},{"damage":61,"enemies":"Awakened One","floor":50,"turns":9}],"seed_played":"-4380446423688563435","potions_obtained":[{"floor":3.0,"key":"Energy Potion"},{"floor":10.0,"key":"CunningPotion"},{"floor":16.0,"key":"Dexterity Potion"},{"floor":23.0,"key":"AttackPotion"},{"floor":28.0,"key":"FearPotion"},{"floor":30.0,"key":"Poison Potion"},{"floor":31.0,"key":"PowerPotion"},{"floor":35.0,"key":"ColorlessPotion"},{"floor":42.0,"key":"Explosive Potion"},{"floor":46.0,"key":"SkillPotion"}],"is_trial":false,"path_per_floor":["M","?","M","T","$","R","M","E","T","M","M","R","M","?","R","B",null,"M","$","M","M","?","E","R","E","T","?","M","R","M","M","R","B",null,"M","?","$","?","$","E","R","E","T","?","R","?","M","$","R","B",null],"character_chosen":"THE_SILENT","items_purchased":["TwistedFunnel","Bag of Preparation","Trip+1","Escape Plan+1","Deflect+1","Blue Candle","Dodge and Roll+1","ClockworkSouvenir","Prepared+1","Well Laid Plans+1","Acrobatics+1","Blade Dance+1","Crippling Poison+1"],"campfire_rested":6,"item_purchase_floors":[5,19,37,37,37,39,39,48,48,48,48,48,48],"current_hp_per_floor":[63,63,57,57,57,57,57,10,10,10,10,29,33,33,33,33,57,57,57,54,39,39,18,37,6,6,13,13,34,34,34,55,57,68,68,68,68,58,58,19,39,41,41,41,61,59,68,68,68,25],"gold":132,"neow_bonus":"TRANSFORM_CARD","is_daily":false,"chose_seed":false,"campfire_upgraded":2,"win_rate":0.0,"timestamp":1611585818,"path_taken":["M","?","M","?","$","R","M","E","T","M","M","R","M","?","R","BOSS","M","$","M","M","?","E","R","E","T","?","M","R","?","M","R","BOSS","M","?","$","?","$","E","R","E","T","?","R","?","M","$","R","BOSS"],"items_purchased_type":["Relic","Relic","Card","Card","Card","Relic","Card","Relic","Card","Card","Card","Card","Card"],"build_version":"2020-12-22","purchased_purges":3,"victory":true,"max_hp_per_floor":[70,65,65,65,65,65,65,65,65,65,65,65,65,65,65,65,65,65,65,65,65,65,65,65,65,65,72,72,72,72,72,72,72,72,72,68,68,68,68,68,68,68,68,68,68,68,68,68,68,68],"card_choices":[{"not_picked":["Quick Slash","Choke"],"picked":"Bouncing Flask","floor":1.0},{"not_picked":["Poisoned Stab","Bane"],"picked":"Predator","floor":3.0},{"not_picked":["Outmaneuver","Underhanded Strike"],"picked":"Heel Hook","floor":7.0},{"not_picked":["Dagger Spray","All Out Attack"],"picked":"Dash","floor":8.0},{"not_picked":["Caltrops","Finisher"],"picked":"PiercingWail","floor":10.0},{"not_picked":["Deflect","Underhanded Strike"],"picked":"Acrobatics","floor":11.0},{"not_picked":["Acrobatics","Noxious Fumes"],"picked":"Catalyst","floor":13.0},{"not_picked":["Tools of the Trade","Corpse Explosion"],"picked":"After Image","floor":16.0},{"not_picked":["Infinite Blades","Prepared","Dagger Throw"],"picked":"SKIP","floor":18.0},{"not_picked":["Flying Knee","Acrobatics","Underhanded Strike"],"picked":"SKIP","floor":20.0},{"not_picked":["Blade Dance","Dash"],"picked":"PiercingWail","floor":21.0},{"not_picked":["Underhanded Strike","Sucker Punch"],"picked":"Doppelganger+1","floor":23.0},{"not_picked":["Quick Slash","Endless Agony"],"picked":"Corpse Explosion+1","floor":25.0},{"not_picked":["Accuracy","Expertise+1"],"picked":"Footwork","floor":28.0},{"not_picked":["Infinite Blades","Blade Dance+1"],"picked":"Backflip+1","floor":30.0},{"not_picked":["Deadly Poison+1","Underhanded Strike"],"picked":"Slice+1","floor":31.0},{"not_picked":["Unload","Glass Knife"],"picked":"Night Terror+1","floor":33.0},{"not_picked":["Underhanded Strike","Unload","Riddle With Holes"],"picked":"SKIP","floor":35.0},{"not_picked":["Impatience+1","Forethought+1"],"picked":"Purity+1","floor":38.0},{"not_picked":["Enlightenment+1","Discovery+1"],"picked":"Panacea+1","floor":38.0},{"not_picked":["The Bomb+1","HandOfGreed"],"picked":"Bandage Up+1","floor":38.0},{"not_picked":["Dagger Throw","Poisoned Stab"],"picked":"Tactician+1","floor":40.0},{"not_picked":["Poisoned Stab","Quick Slash"],"picked":"Venomology+1","floor":42.0},{"not_picked":["Cloak And Dagger+1","Poisoned Stab+1"],"picked":"Wraith Form v2+1","floor":46.0},{"not_picked":["Quick Slash","Dash+1"],"picked":"Bouncing Flask+1","floor":47.0}],"player_experience":339505,"relics_obtained":[{"floor":4.0,"key":"Toy Ornithopter"},{"floor":8.0,"key":"Snake Skull"},{"floor":9.0,"key":"Orichalcum"},{"floor":23.0,"key":"Toxic Egg 2"},{"floor":25.0,"key":"Bronze Scales"},{"floor":26.0,"key":"Ornamental Fan"},{"floor":34.0,"key":"War Paint"},{"floor":34.0,"key":"Meat on the Bone"},{"floor":34.0,"key":"Old Coin"},{"floor":40.0,"key":"Boot"},{"floor":42.0,"key":"Frozen Egg 2"},{"floor":43.0,"key":"The Courier"},{"floor":46.0,"key":"Pocketwatch"}],"event_choices":[{"damage_healed":0.0,"max_hp_gain":0.0,"max_hp_loss":5.0,"gold_gain":0.0,"event_name":"Golden Idol","player_choice":"Lose Max HP","floor":2.0,"gold_loss":0.0,"damage_taken":0.0,"relics_obtained":["Golden Idol"]},{"damage_healed":0.0,"max_hp_gain":0.0,"max_hp_loss":0.0,"gold_gain":61.0,"event_name":"Golden Wing","player_choice":"Gained Gold","floor":14.0,"gold_loss":0.0,"damage_taken":0.0},{"damage_healed":0.0,"max_hp_gain":0.0,"max_hp_loss":0.0,"gold_gain":0.0,"event_name":"Vampires","player_choice":"Ignored","floor":22.0,"gold_loss":0.0,"damage_taken":0.0},{"damage_healed":0.0,"max_hp_gain":0.0,"max_hp_loss":0.0,"gold_gain":0.0,"event_name":"The Mausoleum","player_choice":"Opened","floor":27.0,"gold_loss":0.0,"damage_taken":0.0,"relics_obtained":["Strawberry"],"cards_obtained":["Writhe"]},{"damage_healed":0.0,"max_hp_gain":0.0,"max_hp_loss":4.0,"gold_gain":0.0,"event_name":"Winding Halls","player_choice":"Max HP","floor":36.0,"gold_loss":0.0,"damage_taken":0.0},{"damage_healed":0.0,"max_hp_gain":0.0,"max_hp_loss":0.0,"gold_gain":0.0,"event_name":"SensoryStone","player_choice":"Memory 3","floor":38.0,"gold_loss":0.0,"damage_taken":10.0},{"damage_healed":0.0,"max_hp_gain":0.0,"max_hp_loss":0.0,"gold_gain":333.0,"event_name":"The Moai Head","player_choice":"Gave Idol","floor":44.0,"relics_lost":["Golden Idol"],"gold_loss":0.0,"damage_taken":0.0},{"damage_healed":0.0,"max_hp_gain":0.0,"max_hp_loss":0.0,"gold_gain":0.0,"event_name":"Mysterious Sphere","player_choice":"Fight","floor":46.0,"gold_loss":0.0,"damage_taken":0.0}],"is_beta":false,"boss_relics":[{"not_picked":["Ectoplasm","Ring of the Serpent"],"picked":"Fusion Hammer"},{"not_picked":["Empty Cage","WristBlade"],"picked":"Calling Bell"}],"items_purged_floors":[19,37,48],"is_endless":false,"potions_floor_spawned":[3,10,16,23,28,30,31,35,42,46],"ascension_level":12}}