{"host":"6i1e8tv3jhx3lrt3","time":1611584084,"event":{"mods":["AchievementEnabler","Act Like it!","BaseMod","Better Vampires","Block Reminder","Colored Map","Colored Powertips","Custom Start","Downfall","Energized Spire","Gensokyo","Hubris","Minty Spire (QoL Compilation)","Red Circlet Mod","Relic Stats","Replay The Spire","RumiaBox-Â¶Ã×æ«µÄÉñÃØºÐ×Ó","Small Relic Pack","StSLib","SuperFastMode","[IsaacMod]ÒÔÈö¼âËþ","noobMod","¡¾¹¦ÄÜMod¡¿»ìãçÖ®»·ÐÞ¸´²¹¶¡","¡¾ÒÅÎï¿¨ÅÆ¡¿REMEMod"],"gold_per_floor":[109,109,125,190,290,290,315,330,330,396,446,9,24,38,38,137,137,147,147,147,157,256,284,209,209,261,276,276,287,287,319,319,422,372,391,155,155,165,178,203,203,238,238,238,283,310,310,327,327,327,327,327,68,98,238],"floor_reached":56,"language":"ZHS","playtime":3142,"items_purged":["Defend_P","LikeWater","Strike_P"],"score":1870,"play_id":"349ddf27-1a37-48dd-99bc-215832b57582","local_time":"20210125221444","is_ascension_mode":true,"campfire_choices":[{"data":"Eruption","floor":6,"key":"SMITH"},{"data":"Defend_P","floor":15,"key":"PURGE"},{"data":"Study","floor":25,"key":"SMITH"},{"data":"WindmillStrike","floor":32,"key":"SMITH"},{"floor":41,"key":"RECALL"},{"data":"1","floor":47,"key":"LIFT"},{"data":"2","floor":49,"key":"LIFT"},{"data":"3","floor":52,"key":"LIFT"}],"circlet_count":0,"master_deck":["Defend_P+1","Eruption+1","Vigilance","REME_ACTH+1","EmptyFist+1","Evaluate","Halt+1","Ragnarok+1","Prostrate","WindmillStrike+1","CarveReality+1","JustLucky+1","SandsOfTime","LessonLearned","SashWhip+1","Bite","Bite","Bite","Bite","Study+1","CutThroughFate+1","CutThroughFate","REME_EmptyShield+1","Nirvana+1","Devotion","Gensokyo:RisingWorld","Weave+1","FlyingSleeves","Establishment"],"relics":["PureWater","HushsDoor","ice","REME_ComplimentaryCards","D6","Gensokyo:Mercy","BookofShadows","DeathBook","PreservedInsect","ReplayTheSpireMod:Ninjato","Pen Nib","hubris:Metronome","relicPack:WeightedSword","Coffee Dripper","Unceasing Top","GodSword4","Blue Doll","Vajra","Smiling Mask","hubris:PeanutButter","hubris:BottledRain","Tiny Chest","energizedSpire:HugeHouse","Guide Book","ReplayTheSpireMod:TigerMarble","Strawberry","SalivaCoin","hubris:SlimyHat","Girya","Ancient Tea Set","BookOfRevelations","BranchBurnRelic","REME_LimitBreaker"],"acts_visited":["Exordium","TheCity","TheCity","TheEnding"],"potions_floor_usage":[21],"damage_taken":[{"damage":0,"enemies":"Gensokyo:2_Kodama","floor":1,"turns":2},{"damage":10,"enemies":"Gensokyo:3_Fairies","floor":3,"turns":3},{"damage":32,"enemies":"Gensokyo:Cirno","floor":7,"turns":10},{"damage":0,"enemies":"Gensokyo:Python","floor":8,"turns":2},{"damage":0,"enemies":"Gensokyo:Aya","floor":10,"turns":2},{"damage":15,"enemies":"Hiden Room Battle","floor":11,"turns":5},{"damage":0,"enemies":"Gensokyo:3_Kodama","floor":13,"turns":1},{"damage":0,"enemies":"Gensokyo:LivingMonolith","floor":14,"turns":1},{"damage":0,"enemies":"Gensokyo:Yukari","floor":16,"turns":5},{"damage":7,"enemies":"2 Thieves","floor":18,"turns":2},{"damage":0,"enemies":"Spheric Guardian","floor":21,"turns":1},{"damage":0,"enemies":"Slavers","floor":23,"turns":3},{"damage":3,"enemies":"Cultist and Chosen","floor":27,"turns":2},{"damage":0,"enemies":"Shelled Parasite and Fungi","floor":29,"turns":2},{"damage":0,"enemies":"Book of Stabbing","floor":31,"turns":1},{"damage":0,"enemies":"Collector","floor":33,"turns":3},{"damage":0,"enemies":"Gensokyo:3_Boulders","floor":35,"turns":3},{"damage":27,"enemies":"Gensokyo:3_Boulders","floor":37,"turns":3},{"damage":0,"enemies":"Gensokyo:AncientGuardian","floor":38,"turns":2},{"damage":0,"enemies":"Gensokyo:Rafflesia","floor":39,"turns":2},{"damage":0,"enemies":"Gensokyo:Marisa","floor":40,"turns":1},{"damage":0,"enemies":"Gensokyo:Kasen","floor":42,"turns":1},{"damage":0,"enemies":"Gensokyo:Marisa","floor":46,"turns":1},{"damage":0,"enemies":"Gensokyo:4_Bats","floor":48,"turns":1},{"damage":0,"enemies":"Gensokyo:Yuyuko","floor":50,"turns":1},{"damage":0,"enemies":"Shield and Spear","floor":54,"turns":1},{"damage":20,"enemies":"The Heart","floor":55,"turns":3}],"seed_played":"-8857052413618699573","potions_obtained":[{"floor":8,"key":"LiquidBronze"},{"floor":11,"key":"SkillPotion"},{"floor":14,"key":"Weak Potion"},{"floor":21,"key":"REME_GoldPotion"},{"floor":27,"key":"BottledMiracle"},{"floor":38,"key":"LiquidMemories"},{"floor":54,"key":"StancePotion"}],"is_trial":false,"path_per_floor":["M","?","M","?","?","R","E","M","T","E","?","$","M","M","R_BF","B",null,"M","?","?","M","?","E","$","R","T","M","T","M","$","E","R","B",null,"M","COS","?","M","M","E","R","E","T","T","T","E","R","M","R","B",null,"R","$","E","B",null],"character_chosen":"WATCHER","items_purchased":["hubris:Metronome","relicPack:WeightedSword","CarveReality","Blue Doll","Vajra","Smiling Mask","hubris:PeanutButter","hubris:BottledRain","Devotion","REME_LimitBreaker"],"campfire_rested":0,"item_purchase_floors":[12,12,12,30,30,30,30,30,34,53],"current_hp_per_floor":[72,72,62,47,47,47,15,15,15,15,57,57,57,57,57,57,77,70,59,59,59,59,59,59,59,59,60,60,64,2,4,4,16,51,51,51,51,52,52,59,59,59,59,59,59,59,59,59,59,59,59,59,59,59,93],"gold":238,"neow_bonus":"RANDOM_EVENT","is_daily":false,"chose_seed":false,"campfire_upgraded":3,"win_rate":0.0,"timestamp":1611584084,"path_taken":["M","?","?","?","?","R","E","?","T","E","?","?","M","M","R_BF","BOSS","M","?","?","M","?","E","$","R","T","M","?","?","?","E","R","BOSS","M","COS","?","?","M","E","R","E","T","?","?","E","R","M","R","BOSS","R","$","E","BOSS"],"items_purchased_type":["Relic","Relic","Card","Relic","Relic","Relic","Relic","Relic","Card","Relic"],"build_version":"2020-12-22","purchased_purges":3,"victory":true,"max_hp_per_floor":[72,72,72,72,72,72,72,72,72,72,78,78,78,78,78,82,77,78,59,59,59,59,61,61,61,61,63,63,66,66,66,66,67,51,52,52,52,52,52,59,59,59,59,59,59,59,59,59,59,59,59,59,59,59,96],"relic_stats":{"counters":[27,64],"Tiny Chest":1,"PreservedInsect":504,"Pen Nib":[15],"Smiling Mask":0,"obtain_stats":[{"hubris:Metronome":12,"Vajra":30,"Blue Doll":30,"ice":0,"hubris:SlimyHat":42,"Smiling Mask":30,"Ancient Tea Set":44,"DeathBook":9,"BranchBurnRelic":47,"Strawberry":40,"Tiny Chest":31,"energizedSpire:HugeHouse":34,"KeepersGift":0,"Girya":43,"BookofShadows":7,"ReplayTheSpireMod:Ninjato":11,"Guide Book":36,"Dead Branch":46,"BookOfRevelations":45,"PreservedInsect":10,"Pen Nib":11,"REME_LimitBreaker":53,"D6":0,"Gensokyo:Mercy":2,"hubris:PeanutButter":30,"Coffee Dripper":17,"ReplayTheSpireMod:TigerMarble":39,"SalivaCoin":40,"PureWater":0,"GodSword4":28,"HushsDoor":0,"relicPack:WeightedSword":12,"Unceasing Top":23,"REME_ComplimentaryCards":0,"hubris:BottledRain":30},{"hubris:Metronome":6,"Vajra":14,"Blue Doll":14,"ice":0,"hubris:SlimyHat":22,"Smiling Mask":14,"Ancient Tea Set":22,"DeathBook":4,"BranchBurnRelic":23,"Strawberry":21,"Tiny Chest":15,"energizedSpire:HugeHouse":16,"KeepersGift":0,"Girya":22,"BookofShadows":3,"ReplayTheSpireMod:Ninjato":6,"Guide Book":17,"Dead Branch":23,"BookOfRevelations":22,"PreservedInsect":5,"Pen Nib":6,"REME_LimitBreaker":25,"D6":0,"Gensokyo:Mercy":1,"hubris:PeanutButter":14,"Coffee Dripper":9,"ReplayTheSpireMod:TigerMarble":20,"SalivaCoin":21,"PureWater":0,"GodSword4":13,"HushsDoor":0,"relicPack:WeightedSword":6,"Unceasing Top":12,"REME_ComplimentaryCards":0,"hubris:BottledRain":14},{"hubris:Metronome":24,"Vajra":41,"Blue Doll":41,"ice":0,"hubris:SlimyHat":57,"Smiling Mask":41,"Ancient Tea Set":57,"DeathBook":17,"BranchBurnRelic":58,"Strawberry":56,"Tiny Chest":42,"energizedSpire:HugeHouse":45,"KeepersGift":0,"Girya":57,"BookofShadows":15,"ReplayTheSpireMod:Ninjato":24,"Guide Book":48,"Dead Branch":58,"BookOfRevelations":57,"PreservedInsect":19,"Pen Nib":24,"REME_LimitBreaker":60,"D6":0,"Gensokyo:Mercy":2,"hubris:PeanutButter":41,"Coffee Dripper":31,"ReplayTheSpireMod:TigerMarble":55,"SalivaCoin":56,"PureWater":0,"GodSword4":39,"HushsDoor":0,"relicPack:WeightedSword":24,"Unceasing Top":37,"REME_ComplimentaryCards":0,"hubris:BottledRain":41}],"Unceasing Top":[0]},"card_choices":[{"not_picked":[],"picked":"BloodyBrimstone","floor":0},{"not_picked":["ThirdEye","PathToVictory"],"picked":"EmptyFist","floor":1},{"not_picked":["Indignation","Replay:Cycle"],"picked":"Evaluate","floor":3},{"not_picked":["Consecrate","Replay:Cycle"],"picked":"Halt","floor":7},{"not_picked":["Halt","Replay:Vibes"],"picked":"Ragnarok","floor":8},{"not_picked":["CrushJoints","WreathOfFlame"],"picked":"Prostrate","floor":10},{"not_picked":["WreathOfFlame","ReachHeaven"],"picked":"WindmillStrike","floor":11},{"not_picked":["EmptyFist","Pray"],"picked":"JustLucky","floor":13},{"not_picked":["Prostrate","LikeWater"],"picked":"SandsOfTime","floor":14},{"not_picked":["Omniscience","DevaForm"],"picked":"LessonLearned","floor":16},{"not_picked":["FlyingSleeves","Nirvana"],"picked":"SashWhip+1","floor":18},{"not_picked":["Indignation","ClearTheMind"],"picked":"Study","floor":21},{"not_picked":["ClearTheMind","WheelKick+1"],"picked":"CutThroughFate+1","floor":23},{"not_picked":["SandsOfTime","Evaluate","ReachHeaven"],"picked":"SKIP","floor":27},{"not_picked":["Halt","Indignation"],"picked":"CutThroughFate","floor":29},{"not_picked":["Judgement","Replay:ManipulateFuture+1"],"picked":"Wallop+1","floor":31},{"not_picked":["REME_WorshipGod","Vault"],"picked":"REME_EmptyShield","floor":33},{"not_picked":["EmptyBody+1","CutThroughFate+1","ClearTheMind+1"],"picked":"SKIP","floor":35},{"not_picked":["Gensokyo:DreamlikeParadise","Gensokyo:MorningStar"],"picked":"Gensokyo:RisingWorld","floor":37},{"not_picked":["Replay:ManipulateFuture","Halt+1"],"picked":"Weave+1","floor":38},{"not_picked":["Meditate","Replay:Anticipation"],"picked":"FlyingSleeves","floor":39},{"not_picked":["EmptyFist","PathToVictory"],"picked":"Establishment","floor":40},{"not_picked":["Judgement","BowlingBash","FearNoEvil"],"picked":"SKIP","floor":42},{"not_picked":["CrushJoints","ReachHeaven+1","Replay:ManipulateFuture+1"],"picked":"SKIP","floor":46},{"not_picked":["Protect","PathToVictory","ClearTheMind+1"],"picked":"SKIP","floor":48},{"not_picked":["PathToVictory","REME_EmptyShield","Replay:ManipulateFuture"],"picked":"SKIP","floor":54}],"player_experience":154714,"relics_obtained":[{"floor":7,"key":"BookofShadows"},{"floor":9,"key":"DeathBook"},{"floor":10,"key":"PreservedInsect"},{"floor":11,"key":"ReplayTheSpireMod:Ninjato"},{"floor":11,"key":"Pen Nib"},{"floor":23,"key":"Unceasing Top"},{"floor":28,"key":"GodSword4"},{"floor":31,"key":"Tiny Chest"},{"floor":40,"key":"SalivaCoin"},{"floor":42,"key":"hubris:SlimyHat"},{"floor":43,"key":"Girya"},{"floor":44,"key":"Ancient Tea Set"},{"floor":45,"key":"BookOfRevelations"},{"floor":46,"key":"Dead Branch"}],"event_choices":[{"damage_healed":0,"gold_gain":0,"player_choice":"Fight","damage_taken":0,"max_hp_gain":0,"max_hp_loss":0,"event_name":"HidenRoomEvent","floor":11,"gold_loss":0},{"damage_healed":0,"gold_gain":0,"player_choice":"Became a vampire","damage_taken":0,"max_hp_gain":0,"max_hp_loss":19,"event_name":"Vampires","floor":19,"gold_loss":0,"cards_obtained":["Bite","Bite","Bite","Bite"]},{"damage_healed":0,"gold_gain":0,"cards_transformed":["Defend_P"],"player_choice":"Transformed","damage_taken":0,"max_hp_gain":0,"max_hp_loss":0,"event_name":"Transmorgrifier","floor":20,"gold_loss":0,"cards_obtained":["LikeWater"]},{"damage_healed":0,"gold_gain":99,"player_choice":"Stole From Cult","damage_taken":0,"max_hp_gain":0,"max_hp_loss":0,"event_name":"Nest","floor":22,"gold_loss":0}],"is_beta":false,"boss_relics":[{"not_picked":["hubris:CrackedHourglass","Empty Cage"],"picked":"Coffee Dripper"},{"not_picked":[]},{"not_picked":["energizedSpire:MagnifyingGlass","REME_DemonsWealth"],"picked":"energizedSpire:HugeHouse"},{"not_picked":[]}],"items_purged_floors":[17,24,34],"is_endless":false,"potions_floor_spawned":[8,11,14,16,18,21,27,38,42,48,54],"ascension_level":1}}