{"host":"tknto047uabgu3zm","time":1611550230,"event":{"mods":["AchievementEnabler","BaseMod","Bestiary","Block Reminder","Colored Map","Colored Powertips","Highlight Path","Minty Spire (QoL Compilation)","MonsterHotkey","Permanent Neow","Random Character Button","Rare Cards Sparkle","Relic Sorter","Relic Stats","StSLib"],"gold_per_floor":[111,111,76,351,366,366,394,47,74,21,21,21],"floor_reached":11,"language":"ENG","playtime":343,"items_purged":[],"score":179,"play_id":"b03230b5-14ac-4cab-a953-a58253948a43","local_time":"20210124205030","is_ascension_mode":true,"campfire_choices":[{"floor":6,"key":"REST"}],"circlet_count":0,"master_deck":["AscendersBane","Strike_P","Strike_P","Strike_P","Strike_P","Defend_P","Defend_P","Defend_P","Defend_P","Eruption","Vigilance","ReachHeaven","Regret","ThirdEye","Crescendo","CutThroughFate"],"relics":["SacredBark","Turnip","Damaru","Ice Cream","Toy Ornithopter"],"acts_visited":["Exordium"],"potions_floor_usage":[7,11],"damage_taken":[{"damage":9,"enemies":"2 Louse","floor":1,"turns":4},{"damage":9,"enemies":"Jaw Worm","floor":5,"turns":5},{"damage":7,"enemies":"Gremlin Nob","floor":7,"turns":2},{"damage":60,"enemies":"Lagavulin","floor":11,"turns":5}],"seed_played":"-4605576850533363989","potions_obtained":[{"floor":1,"key":"Swift Potion"},{"floor":5,"key":"SneckoOil"}],"is_trial":false,"path_per_floor":["M","?","?","?","M","R","E","$","T","$","E"],"character_chosen":"WATCHER","items_purchased":["Ice Cream","CutThroughFate","Explosive Potion"],"campfire_rested":1,"item_purchase_floors":[8,8,10],"current_hp_per_floor":[52,26,43,43,34,54,47,47,47,47,0,0],"gold":21,"neow_bonus":"BOSS_RELIC","is_daily":false,"chose_seed":false,"campfire_upgraded":0,"win_rate":0.0,"timestamp":1611550230,"path_taken":["M","?","?","?","?","R","E","?","T","$","E"],"items_purchased_type":["Relic","Card","Potion"],"build_version":"2020-12-22","purchased_purges":0,"victory":false,"max_hp_per_floor":[68,68,68,68,68,68,68,68,68,68,68,68],"relic_stats":{"counters":[4,16],"Turnip":[0],"obtain_stats":[{"Ice Cream":8,"SacredBark":0,"Damaru":7,"Turnip":2,"PureWater":0,"Toy Ornithopter":9},{"Ice Cream":3,"SacredBark":0,"Damaru":3,"Turnip":1,"PureWater":0,"Toy Ornithopter":3},{"Ice Cream":11,"SacredBark":0,"Damaru":11,"Turnip":4,"PureWater":0,"Toy Ornithopter":11}],"Toy Ornithopter":5},"card_choices":[{"not_picked":["ForeignInfluence","Pray"],"picked":"ReachHeaven","floor":1},{"not_picked":["JustLucky","EmptyBody"],"picked":"ThirdEye","floor":5},{"not_picked":["SignatureMove","Conclude"],"picked":"Crescendo","floor":7}],"player_experience":504845,"relics_obtained":[{"floor":7,"key":"Damaru"},{"floor":9,"key":"Toy Ornithopter"}],"event_choices":[{"damage_healed":0,"gold_gain":0,"player_choice":"Success","damage_taken":26,"relics_obtained":["Turnip"],"max_hp_gain":0,"max_hp_loss":0,"event_name":"Scrap Ooze","floor":2,"gold_loss":0},{"damage_healed":17,"gold_gain":0,"player_choice":"Healed","damage_taken":0,"max_hp_gain":0,"max_hp_loss":0,"event_name":"The Cleric","floor":3,"gold_loss":35},{"damage_healed":0,"gold_gain":275,"player_choice":"Desecrate","damage_taken":0,"max_hp_gain":0,"max_hp_loss":0,"event_name":"Golden Shrine","floor":4,"gold_loss":0,"cards_obtained":["Regret"]}],"is_beta":false,"boss_relics":[],"items_purged_floors":[],"is_endless":false,"potions_floor_spawned":[1,5],"killed_by":"Lagavulin","ascension_level":18}}