{"host":"¿à÷økuyou","time":1611574375,"event":{"mods":["ATMod(°¢èªMod)","Act Like it!","BaseMod","BetterRewards","Minty Spire (QoL Compilation)","Quick Restart","StSLib"],"gold_per_floor":[114,114,64,64,64,94,94,109,134,134,149,149,164,179,179,279,279,294,69,84,84,99,129,144,144,144,159,189,204,154,169,169,269,269,284,284,284,299,314,344,359,389,389,389,89,104,140,170,170,220],"floor_reached":51,"language":"ZHS","playtime":1665,"items_purged":["Strike_B","Zap+1","Demon Form"],"score":1029,"play_id":"a37997a0-769d-4658-9c14-458892b55b0d","local_time":"20210125193255","daily_mods":["Chimera","Time Dilation","Lethality"],"is_ascension_mode":false,"campfire_choices":[{"data":"Battle Trance","floor":7.0,"key":"SMITH"},{"data":"Dual Wield","floor":10.0,"key":"SMITH"},{"data":"Inflame","floor":12.0,"key":"SMITH"},{"data":"Eruption","floor":15.0,"key":"SMITH"},{"data":"Berserk","floor":25.0,"key":"SMITH"},{"data":"Finesse","floor":32.0,"key":"SMITH"},{"floor":49,"key":"REST"}],"circlet_count":0,"master_deck":["Survivor","Eruption+1","Strike_R+1","Strike_G","Defend_R","Defend_G","Defend_P+1","AT_KingSlayer+1","Battle Trance+1","Dual Wield+1","Inflame+1","Limit Break+1","Shrug It Off","Berserk+1","Battle Trance+1","Finesse+1","Disarm+1","Offering+1","Shrug It Off+1","Purity+1","True Grit+1","Shrug It Off+1"],"relics":["Burning Blood","AT_ATBox","AT_SilvercatRing","CaptainsWheel","AT_ChloranthyRing","Sozu","Medical Kit","Smiling Mask","Kunai","Orichalcum","Philosopher\u0027s Stone","AT_BladeRuinedKing","Lantern","Ornamental Fan","AT_TimeSand","Pocketwatch","AT_MibuBalloonWealth"],"acts_visited":["Exordium","TheCity","TheBeyond"],"potions_floor_usage":[],"damage_taken":[{"damage":1.0,"enemies":"Cultist","floor":1.0,"turns":3.0},{"damage":17.0,"enemies":"Gremlin Nob","floor":6.0,"turns":3.0},{"damage":2.0,"enemies":"2 Louse","floor":8.0,"turns":2.0},{"damage":0.0,"enemies":"Small Slimes","floor":11.0,"turns":2.0},{"damage":0.0,"enemies":"Exordium Thugs","floor":13.0,"turns":1.0},{"damage":0.0,"enemies":"Exordium Wildlife","floor":14.0,"turns":1.0},{"damage":0.0,"enemies":"Slime Boss","floor":16.0,"turns":2.0},{"damage":13.0,"enemies":"2 Thieves","floor":18.0,"turns":2.0},{"damage":0.0,"enemies":"Chosen","floor":20.0,"turns":1.0},{"damage":16.0,"enemies":"3 Cultists","floor":22.0,"turns":3.0},{"damage":0.0,"enemies":"Gremlin Leader","floor":23.0,"turns":2.0},{"damage":0.0,"enemies":"Snake Plant","floor":24.0,"turns":1.0},{"damage":12.0,"enemies":"Sentry and Sphere","floor":27.0,"turns":3.0},{"damage":0.0,"enemies":"Book of Stabbing","floor":28.0,"turns":2.0},{"damage":4.0,"enemies":"Cultist and Chosen","floor":29.0,"turns":2.0},{"damage":0.0,"enemies":"Snake Plant","floor":31.0,"turns":2.0},{"damage":0.0,"enemies":"Champ","floor":33.0,"turns":1.0},{"damage":0.0,"enemies":"3 Darklings","floor":35.0,"turns":1.0},{"damage":0.0,"enemies":"Orb Walker","floor":38.0,"turns":2.0},{"damage":0.0,"enemies":"Jaw Worm Horde","floor":39.0,"turns":1.0},{"damage":6.0,"enemies":"Reptomancer","floor":40.0,"turns":1.0},{"damage":13.0,"enemies":"Spire Growth","floor":41.0,"turns":2.0},{"damage":0.0,"enemies":"Giant Head","floor":42.0,"turns":2.0},{"damage":6,"enemies":"Sphere and 2 Shapes","floor":46,"turns":4},{"damage":32,"enemies":"2 Orb Walkers","floor":47,"turns":3},{"damage":0,"enemies":"Reptomancer","floor":48,"turns":1},{"damage":1,"enemies":"Donu and Deca","floor":50,"turns":4}],"seed_played":"7295166269203286773","potions_obtained":[{"floor":1.0,"key":"FearPotion"},{"floor":6.0,"key":"DistilledChaos"},{"floor":8.0,"key":"Strength Potion"}],"is_trial":false,"path_per_floor":["M","?","?","?","?","E","R","M","T","R","M","R","M","M","R","B",null,"M","$","M","?","M","E","M","R","T","M","E","M","$","M","R","B",null,"M","?","?","M","M","E","M","E","T","?","$","M","?","E","R","B",null],"character_chosen":"IRONCLAD","items_purchased":["Medical Kit","AT_TimeSand"],"campfire_rested":1,"item_purchase_floors":[19,45],"current_hp_per_floor":[80,80,80,64,64,53,53,57,57,57,63,63,69,75,75,80,80,73,73,79,79,69,75,80,80,80,74,80,80,80,80,80,80,80,80,80,80,80,80,80,73,79,79,79,79,79,53,59,80,80],"gold":220,"neow_bonus":"","is_daily":true,"chose_seed":false,"campfire_upgraded":6,"win_rate":0.0,"timestamp":1611574375,"path_taken":["M","?","?","?","?","E","R","M","T","R","M","R","M","M","R","BOSS","M","$","?","?","M","E","M","R","T","M","E","M","?","M","R","BOSS","M","?","?","M","M","E","M","E","T","?","$","M","?","E","R","BOSS"],"items_purchased_type":["Relic","Relic"],"build_version":"2020-12-18","purchased_purges":3,"victory":true,"max_hp_per_floor":[80,80,80,80,80,80,80,80,80,80,80,80,80,80,80,80,80,80,80,80,80,80,80,80,80,80,80,80,80,80,80,80,80,80,80,80,80,80,80,80,80,80,80,80,80,80,80,80,80,80],"card_choices":[{"not_picked":["Seeing Red","Anger","Sever Soul"],"picked":"SKIP","floor":1.0},{"not_picked":["Combust","Rupture"],"picked":"Battle Trance","floor":6.0},{"not_picked":["Battle Trance","Body Slam"],"picked":"Dual Wield","floor":8.0},{"not_picked":["Heavy Blade","AT_IchimonjiDouble"],"picked":"Inflame","floor":11.0},{"not_picked":["Iron Wave","Armaments","Body Slam"],"picked":"SKIP","floor":13.0},{"not_picked":["Uppercut","Flame Barrier","Shrug It Off"],"picked":"SKIP","floor":14.0},{"not_picked":["Berserk","Corruption"],"picked":"Limit Break","floor":16.0},{"not_picked":["AT_DiedThrough+1","Heavy Blade+1"],"picked":"Shrug It Off","floor":18.0},{"not_picked":["Clothesline","Pommel Strike","AT_DrawKnifeCut"],"picked":"SKIP","floor":20.0},{"not_picked":["Anger","Bloodletting","Wild Strike"],"picked":"SKIP","floor":22.0},{"not_picked":["Dropkick+1","Warcry"],"picked":"Disarm+1","floor":23.0},{"not_picked":["Flame Barrier","Perfected Strike","Flex"],"picked":"SKIP","floor":24.0},{"not_picked":["Cleave","Anger","Warcry"],"picked":"SKIP","floor":27.0},{"not_picked":["Fire Breathing+1","Combust","Hemokinesis"],"picked":"SKIP","floor":28.0},{"not_picked":["AT_BodySlamDance+1","True Grit+1","Fiend Fire"],"picked":"SKIP","floor":29.0},{"not_picked":["Cleave+1","Armaments","Thunderclap+1"],"picked":"SKIP","floor":31.0},{"not_picked":["AT_Dispersion","Corruption"],"picked":"Offering","floor":33.0},{"not_picked":["AT_IchimonjiDouble+1","Blood for Blood","Perfected Strike"],"picked":"SKIP","floor":35.0},{"not_picked":["Flame Barrier","Thunderclap"],"picked":"Shrug It Off+1","floor":38.0},{"not_picked":["Flex+1","AT_IchimonjiDouble+1","Cleave"],"picked":"SKIP","floor":39.0},{"not_picked":["Headbutt","Disarm"],"picked":"Demon Form","floor":40.0},{"not_picked":["Anger+1","Clash+1","Rampage"],"picked":"SKIP","floor":41.0},{"not_picked":["Entrench+1","Warcry","Sentinel"],"picked":"SKIP","floor":42.0},{"not_picked":["PanicButton","Sadistic Nature"],"picked":"Purity","floor":44},{"not_picked":["AT_GerminateFire","Body Slam","Intimidate"],"picked":"SKIP","floor":46},{"not_picked":["Warcry+1","AT_IchimonjiDouble+1"],"picked":"True Grit+1","floor":47},{"not_picked":["Entrench+1","Sentinel"],"picked":"Shrug It Off+1","floor":48}],"player_experience":186616,"relics_obtained":[{"floor":6.0,"key":"CaptainsWheel"},{"floor":9.0,"key":"AT_ChloranthyRing"},{"floor":23.0,"key":"Smiling Mask"},{"floor":26.0,"key":"Kunai"},{"floor":28.0,"key":"Orichalcum"},{"floor":40.0,"key":"AT_BladeRuinedKing"},{"floor":42.0,"key":"Lantern"},{"floor":43.0,"key":"Ornamental Fan"},{"floor":47,"key":"Pocketwatch"},{"floor":48,"key":"AT_MibuBalloonWealth"}],"event_choices":[{"damage_healed":0.0,"max_hp_gain":0.0,"max_hp_loss":0.0,"gold_gain":0.0,"event_name":"Big Fish","player_choice":"Box","floor":2.0,"gold_loss":0.0,"damage_taken":0.0,"relics_obtained":["AT_SilvercatRing"],"cards_obtained":["Regret"]},{"cards_removed":["Regret"],"damage_healed":0.0,"max_hp_gain":0.0,"max_hp_loss":0.0,"gold_gain":0.0,"event_name":"The Cleric","player_choice":"Card Removal","floor":3.0,"gold_loss":50.0,"damage_taken":0.0},{"damage_healed":0.0,"max_hp_gain":0.0,"max_hp_loss":0.0,"gold_gain":0.0,"event_name":"Shining Light","player_choice":"Entered Light","floor":4.0,"gold_loss":0.0,"damage_taken":16.0,"cards_upgraded":["Strike_R","Defend_P"]},{"damage_healed":0.0,"max_hp_gain":0.0,"max_hp_loss":0.0,"gold_gain":0.0,"event_name":"Upgrade Shrine","player_choice":"Upgraded","floor":5.0,"gold_loss":0.0,"damage_taken":0.0,"cards_upgraded":["Zap"]},{"damage_healed":0.0,"max_hp_gain":0.0,"max_hp_loss":0.0,"gold_gain":0.0,"event_name":"Match and Keep!","player_choice":"3 cards matched","floor":21.0,"gold_loss":0.0,"damage_taken":0.0,"cards_obtained":["Berserk","Battle Trance","Finesse"]},{"damage_healed":0.0,"max_hp_gain":0.0,"max_hp_loss":0.0,"gold_gain":0.0,"event_name":"Tomb of Lord Red Mask","player_choice":"Ignored","floor":36.0,"gold_loss":0.0,"damage_taken":0.0},{"cards_removed":["Bash"],"damage_healed":0.0,"max_hp_gain":0.0,"max_hp_loss":0.0,"gold_gain":0.0,"event_name":"Falling","player_choice":"Removed Attack","floor":37.0,"gold_loss":0.0,"damage_taken":0.0},{"damage_healed":0,"gold_gain":0,"player_choice":"Memory 1","damage_taken":0,"max_hp_gain":0,"max_hp_loss":0,"event_name":"SensoryStone","floor":44,"gold_loss":0},{"damage_healed":0,"gold_gain":0,"player_choice":"Fight","damage_taken":0,"max_hp_gain":0,"max_hp_loss":0,"event_name":"Mysterious Sphere","floor":47,"gold_loss":0}],"is_beta":true,"boss_relics":[{"not_picked":["Cursed Key","Tiny House"],"picked":"Sozu"},{"not_picked":["Fusion Hammer","Mark of Pain"],"picked":"Philosopher\u0027s Stone"}],"items_purged_floors":[19,30,45],"is_endless":false,"potions_floor_spawned":[1,6,8,11,22,27,29,31,39,40,41,42,48],"ascension_level":0}}