{"host":"ooa7gbxz3ilj1hm6","time":1611562802,"event":{"mods":["BaseMod","Colored Map","Downfall","Highlight Path","Minty Spire (QoL Compilation)","StSLib"],"gold_per_floor":[199,211,230,140,140,152,164,84,97,97,97,97],"floor_reached":10,"language":"ENG","playtime":430,"items_purged":["Slimebound:Strike_Slimebound"],"score":56,"play_id":"dc86c25e-4ae7-4e2c-b107-a0d7f3b705f4","local_time":"20210125012002","is_ascension_mode":false,"campfire_choices":[{"data":"Slimebound:Split","floor":1,"key":"SMITH"}],"circlet_count":0,"master_deck":["Slimebound:Strike_Slimebound","Slimebound:Strike_Slimebound","Slimebound:Tackle","Slimebound:Defend_Slimebound","Slimebound:Defend_Slimebound","Slimebound:Defend_Slimebound","Slimebound:Defend_Slimebound","Slimebound:Split+1","Slimebound:CorrosiveSpit","Slimebound:ItLooksTasty","Slimebound:SamplingLick","Slimebound:SlimeSpikes","CurseOfTheBell","CurseOfTheBell","Slimebound:AcidTongue","Slimebound:MegaLick"],"relics":["Slimebound:AbsorbEndCombat","downfall:ExtraCursedBell","MawBank","Eternal Feather","Calipers"],"acts_visited":["Exordium"],"potions_floor_usage":[],"damage_taken":[{"damage":6,"enemies":"2 Louse","floor":2,"turns":3},{"damage":6,"enemies":"Jaw Worm","floor":3,"turns":3},{"damage":0,"enemies":"downfall:FleeingMerchant","floor":4,"turns":4},{"damage":10,"enemies":"downfall:FleeingMerchant","floor":8,"turns":4},{"damage":3,"enemies":"Cultist","floor":9,"turns":4},{"damage":69,"enemies":"Gremlin Nob","floor":10,"turns":5}],"seed_played":"-5732284406854441704","potions_obtained":[{"floor":2,"key":"SteroidPotion"}],"is_trial":false,"path_per_floor":["R","M","M","$","?","?","T","$","M","E"],"character_chosen":"SLIMEBOUND","items_purchased":["Slimebound:MegaLick"],"campfire_rested":0,"item_purchase_floors":[8],"current_hp_per_floor":[65,63,63,65,65,65,65,59,64,0,0,0],"gold":97,"neow_bonus":"HUNDRED_GOLD","is_daily":false,"chose_seed":false,"campfire_upgraded":1,"win_rate":0.0,"timestamp":1611562802,"path_taken":["R","M","M","$","?","?","T","$","M","E"],"items_purchased_type":["Card"],"build_version":"2020-12-22","purchased_purges":1,"victory":false,"max_hp_per_floor":[65,65,65,65,65,65,65,65,65,65,65,65],"card_choices":[{"not_picked":["Slimebound:ForwardTackle","Slimebound:SlimeTap"],"picked":"Slimebound:ItLooksTasty","floor":2},{"not_picked":["Slimebound:SlimeTap","Slimebound:FinishingTackle"],"picked":"Slimebound:SamplingLick","floor":3},{"not_picked":["Slimebound:LeechEnergy","Slimebound:SlimeBarrage"],"picked":"Slimebound:SlimeSpikes","floor":4},{"not_picked":["Slimebound:SplitAcid","Slimebound:SplitSpecialist"],"picked":"Slimebound:AcidTongue","floor":8},{"not_picked":["Slimebound:FinishingTackle","Slimebound:GoopTackle","Slimebound:RollThrough"],"picked":"SKIP","floor":9}],"player_experience":31812,"relics_obtained":[{"floor":5,"key":"MawBank"},{"floor":5,"key":"Eternal Feather"},{"floor":5,"key":"Calipers"}],"event_choices":[{"damage_healed":0,"gold_gain":0,"player_choice":"Ignored","damage_taken":0,"max_hp_gain":0,"max_hp_loss":0,"event_name":"NoteForYourself","floor":6,"gold_loss":0}],"is_beta":false,"boss_relics":[],"items_purged_floors":[4],"is_endless":false,"potions_floor_spawned":[2],"killed_by":"Gremlin Nob","ascension_level":0}}