{"host":"srk2drlvga69hbot","time":1611546127,"event":{"mods":["BaseMod","Bestiary","Block Reminder","Colored Map","Colored Powertips","Dark Map","DeckTracker","Highlight Path","Minty Spire (QoL Compilation)","Quick Restart","Rare Cards Sparkle","Relic Stats","SuperFastMode","Unceasing Turn Reminder"],"gold_per_floor":[113,113,125,35,35,60,60,80,80,93,103,121,132,132,132,253,253,266,266,281,281,281],"floor_reached":21,"language":"ZHS","playtime":735,"items_purged":[],"score":281,"play_id":"9e63b177-3757-48c7-8a6d-9d06a7c685e8","local_time":"20210125114207","is_ascension_mode":true,"campfire_choices":[{"data":"Enlightenment","floor":7,"key":"SMITH"},{"floor":15,"key":"REST"}],"circlet_count":0,"master_deck":["Strike_G","Strike_G","Strike_G","Strike_G","Strike_G","Defend_G","Defend_G","Defend_G","Defend_G","Defend_G","Survivor","Neutralize","Catalyst","Enlightenment+1","Deadly Poison","Neutralize","Backstab","Backstab","Escape Plan","Footwork","Envenom","Catalyst+1"],"relics":["Ring of the Snake","NeowsBlessing","Letter Opener","White Beast Statue","Bloody Idol","HoveringKite"],"acts_visited":["Exordium","TheCity"],"potions_floor_usage":[16,16,16],"damage_taken":[{"damage":0,"enemies":"2 Louse","floor":1,"turns":1},{"damage":0,"enemies":"Cultist","floor":3,"turns":1},{"damage":0,"enemies":"Lagavulin","floor":6,"turns":1},{"damage":0,"enemies":"Small Slimes","floor":8,"turns":2},{"damage":4,"enemies":"Blue Slaver","floor":10,"turns":3},{"damage":6,"enemies":"2 Fungi Beasts","floor":11,"turns":4},{"damage":5,"enemies":"Large Slime","floor":12,"turns":8},{"damage":7,"enemies":"Blue Slaver","floor":13,"turns":3},{"damage":58,"enemies":"The Guardian","floor":16,"turns":15},{"damage":14,"enemies":"Chosen","floor":18,"turns":6},{"damage":29,"enemies":"3 Byrds","floor":20,"turns":7},{"damage":16,"enemies":"Snake Plant","floor":21,"turns":1}],"seed_played":"2825444898498523401","potions_obtained":[{"floor":1,"key":"LiquidBronze"},{"floor":3,"key":"GhostInAJar"},{"floor":6,"key":"Fire Potion"},{"floor":10,"key":"Fire Potion"},{"floor":13,"key":"AttackPotion"},{"floor":16,"key":"Regen Potion"},{"floor":18,"key":"Block Potion"},{"floor":20,"key":"Fire Potion"}],"is_trial":false,"path_per_floor":["M","$","M","$","?","E","R","M","T","M","M","M","M","?","R","B",null,"M","?","M","M"],"character_chosen":"THE_SILENT","items_purchased":["Enlightenment"],"campfire_rested":1,"item_purchase_floors":[4],"current_hp_per_floor":[63,63,63,63,63,63,63,63,63,59,53,48,41,41,60,2,49,35,35,11,0,0],"gold":281,"neow_bonus":"THREE_ENEMY_KILL","is_daily":false,"chose_seed":false,"campfire_upgraded":1,"win_rate":0.0,"timestamp":1611546127,"path_taken":["M","$","M","$","?","E","R","M","T","?","?","?","M","?","R","BOSS","M","?","M","M"],"items_purchased_type":["Card"],"build_version":"2020-12-22","purchased_purges":0,"victory":false,"max_hp_per_floor":[70,70,70,70,70,70,70,70,70,70,70,70,70,65,65,65,65,65,65,65,65,65],"relic_stats":{"counters":[12,52],"Bloody Idol":5,"HoveringKite":[3],"Letter Opener":[90],"obtain_stats":[{"NeowsBlessing":0,"Golden Idol":14,"Bloody Idol":19,"HoveringKite":17,"Letter Opener":6,"White Beast Statue":9,"Ring of the Snake":0},{"NeowsBlessing":0,"Golden Idol":8,"Bloody Idol":10,"HoveringKite":9,"Letter Opener":3,"White Beast Statue":4,"Ring of the Snake":0},{"NeowsBlessing":0,"Golden Idol":23,"Bloody Idol":44,"HoveringKite":38,"Letter Opener":3,"White Beast Statue":5,"Ring of the Snake":0}],"Ring of the Snake":[24]},"card_choices":[{"not_picked":["Eviscerate","PiercingWail"],"picked":"Catalyst","floor":1},{"not_picked":["Dagger Spray","Underhanded Strike","Dodge and Roll"],"picked":"SKIP","floor":3},{"not_picked":["Masterful Stab","Blur"],"picked":"Backstab","floor":6},{"not_picked":["Expertise","Calculated Gamble"],"picked":"Backstab","floor":8},{"not_picked":["Acrobatics","Infinite Blades"],"picked":"Escape Plan","floor":10},{"not_picked":["Masterful Stab","Flying Knee"],"picked":"Footwork","floor":11},{"not_picked":["Slice","Blur","Blade Dance"],"picked":"SKIP","floor":12},{"not_picked":["Flying Knee","Bane","Sucker Punch"],"picked":"SKIP","floor":13},{"not_picked":["Tools of the Trade","Phantasmal Killer"],"picked":"Envenom","floor":16},{"not_picked":["Poisoned Stab","Backflip"],"picked":"Catalyst+1","floor":18},{"not_picked":["Dagger Throw","Poisoned Stab+1","Backflip"],"picked":"SKIP","floor":20}],"player_experience":236463,"relics_obtained":[{"floor":6,"key":"Letter Opener"},{"floor":9,"key":"White Beast Statue"}],"event_choices":[{"damage_healed":0,"gold_gain":0,"player_choice":"2 cards matched","damage_taken":0,"max_hp_gain":0,"max_hp_loss":0,"event_name":"Match and Keep!","floor":5,"gold_loss":0,"cards_obtained":["Deadly Poison","Neutralize"]},{"damage_healed":0,"gold_gain":0,"player_choice":"Lose Max HP","damage_taken":0,"relics_obtained":["Golden Idol"],"max_hp_gain":0,"max_hp_loss":5,"event_name":"Golden Idol","floor":14,"gold_loss":0},{"damage_healed":0,"gold_gain":0,"player_choice":"Gave Idol","damage_taken":0,"relics_obtained":["Bloody Idol"],"max_hp_gain":0,"max_hp_loss":0,"event_name":"Forgotten Altar","floor":19,"relics_lost":["Golden Idol"],"gold_loss":0}],"is_beta":false,"boss_relics":[{"not_picked":["WristBlade","Empty Cage"],"picked":"HoveringKite"}],"items_purged_floors":[],"is_endless":false,"potions_floor_spawned":[1,3,6,10,11,12,13,16,18,20],"killed_by":"Snake Plant","ascension_level":7}}