{"host":"z16h96csw6gsetxl","time":1611574877,"event":{"mods":["BaseMod","Minty Spire (QoL Compilation)"],"gold_per_floor":[114,114,39,59,59,93,110,10,34,34,62,79,79,97,97,198,198,215,63,63,77,77,77,77,97,169,179,204,221,240,259,259,355,355,374,394,126,126,145,180,199,199,199,218,68,68,102,117,117,117],"floor_reached":51,"language":"ZHS","playtime":2932,"items_purged":["Defend_G","Defend_G","Defend_G","Bouncing Flask"],"score":891,"play_id":"9d644585-d272-479a-bcdb-ed404495257b","local_time":"20210125194117","is_ascension_mode":false,"campfire_choices":[{"data":"Finisher","floor":10.0,"key":"SMITH"},{"data":"After Image","floor":13.0,"key":"SMITH"},{"floor":15.0,"key":"REST"},{"floor":23.0,"key":"REST"},{"data":"Burst","floor":32.0,"key":"SMITH"},{"data":"A Thousand Cuts","floor":42,"key":"SMITH"},{"data":"Acrobatics","floor":46,"key":"SMITH"},{"data":"Finisher","floor":49,"key":"SMITH"}],"circlet_count":0,"master_deck":["Strike_G","Strike_G","Strike_G","Strike_G","Strike_G","Defend_G","Survivor","Neutralize","Terror+1","Backflip","Eviscerate","Finisher+1","After Image+1","Outmaneuver","Expertise","Adrenaline+1","CurseOfTheBell","Burst+1","After Image+1","Masterful Stab+1","Caltrops+1","Blade Dance+1","Acrobatics+1","Slice+1","A Thousand Cuts+1","Finisher+1","Outmaneuver+1","Infinite Blades+1"],"relics":["Ring of the Snake","NeowsBlessing","Bag of Marbles","Oddly Smooth Stone","Orichalcum","Mummified Hand","Calling Bell","PreservedInsect","White Beast Statue","Unceasing Top","DollysMirror","Ninja Scroll","War Paint","Busted Crown","Omamori","Nunchaku","Boot","Regal Pillow"],"acts_visited":["Exordium","TheCity","TheBeyond"],"potions_floor_usage":[41,44,47,48,50,50,50],"damage_taken":[{"damage":0.0,"enemies":"Small Slimes","floor":1.0,"turns":1.0},{"damage":0.0,"enemies":"Cultist","floor":4.0,"turns":1.0},{"damage":0.0,"enemies":"Gremlin Nob","floor":6.0,"turns":1.0},{"damage":5.0,"enemies":"2 Louse","floor":7.0,"turns":3.0},{"damage":12.0,"enemies":"3 Sentries","floor":11.0,"turns":6.0},{"damage":4.0,"enemies":"Exordium Thugs","floor":12.0,"turns":6.0},{"damage":0.0,"enemies":"3 Louse","floor":14.0,"turns":2.0},{"damage":29.0,"enemies":"Hexaghost","floor":16.0,"turns":8.0},{"damage":19.0,"enemies":"Spheric Guardian","floor":18.0,"turns":5.0},{"damage":14.0,"enemies":"Shell Parasite","floor":21.0,"turns":5.0},{"damage":0.0,"enemies":"Centurion and Healer","floor":25.0,"turns":5.0},{"damage":0.0,"enemies":"3 Cultists","floor":27.0,"turns":3.0},{"damage":0.0,"enemies":"Slavers","floor":28.0,"turns":2.0},{"damage":0.0,"enemies":"Snake Plant","floor":29.0,"turns":3.0},{"damage":0.0,"enemies":"Snecko","floor":30.0,"turns":2.0},{"damage":0.0,"enemies":"Centurion and Healer","floor":31.0,"turns":3.0},{"damage":8.0,"enemies":"Automaton","floor":33.0,"turns":4.0},{"damage":0.0,"enemies":"3 Darklings","floor":35.0,"turns":3.0},{"damage":9.0,"enemies":"Orb Walker","floor":36.0,"turns":3.0},{"damage":0.0,"enemies":"Transient","floor":39.0,"turns":5.0},{"damage":0.0,"enemies":"Giant Head","floor":40.0,"turns":2.0},{"damage":0,"enemies":"Writhing Mass","floor":41,"turns":3},{"damage":0,"enemies":"4 Shapes","floor":44,"turns":3},{"damage":0,"enemies":"Nemesis","floor":47,"turns":2},{"damage":0,"enemies":"Maw","floor":48,"turns":4},{"damage":0,"enemies":"Donu and Deca","floor":50,"turns":4}],"seed_played":"8892558728853700744","potions_obtained":[{"floor":4.0,"key":"BlessingOfTheForge"},{"floor":12.0,"key":"Strength Potion"},{"floor":18.0,"key":"Strength Potion"},{"floor":21.0,"key":"CultistPotion"},{"floor":25.0,"key":"Strength Potion"},{"floor":27.0,"key":"Explosive Potion"},{"floor":28.0,"key":"SkillPotion"},{"floor":29.0,"key":"Weak Potion"},{"floor":31.0,"key":"DistilledChaos"},{"floor":33.0,"key":"LiquidBronze"},{"floor":35.0,"key":"Fire Potion"},{"floor":36.0,"key":"LiquidBronze"},{"floor":39.0,"key":"FearPotion"},{"floor":40.0,"key":"Swift Potion"},{"floor":41,"key":"LiquidBronze"},{"floor":44,"key":"DistilledChaos"},{"floor":47,"key":"AttackPotion"},{"floor":48,"key":"Weak Potion"}],"is_trial":false,"path_per_floor":["M","?","$","M","?","E","M","$","T","R","E","M","R","M","R","B",null,"M","$","?","M","$","R","?","M","T","M","E","M","M","M","R","B",null,"M","M","$","?","M","E","M","R","T","M","$","R","E","M","R","B",null],"character_chosen":"THE_SILENT","items_purchased":["DollysMirror","Omamori"],"campfire_rested":2,"item_purchase_floors":[19,37],"current_hp_per_floor":[70,70,70,70,52,52,47,47,47,47,35,31,31,31,52,23,70,51,51,51,37,37,58,45,45,45,45,45,45,45,45,45,37,75,75,66,66,66,66,66,66,66,66,66,66,66,66,66,66,66],"gold":117,"neow_bonus":"THREE_ENEMY_KILL","is_daily":false,"chose_seed":false,"campfire_upgraded":6,"win_rate":0.0,"timestamp":1611574877,"path_taken":["M","?","?","M","?","E","M","$","T","R","E","M","R","M","R","BOSS","M","$","?","M","?","R","?","M","T","M","E","M","?","M","R","BOSS","M","M","$","?","M","E","M","R","T","M","$","R","E","?","R","BOSS"],"items_purchased_type":["Relic","Relic"],"build_version":"2020-12-22","purchased_purges":4,"victory":true,"max_hp_per_floor":[70,70,70,70,70,70,70,70,70,70,70,70,70,70,70,70,70,70,70,70,70,70,70,75,75,75,75,75,75,75,75,75,75,75,75,75,75,75,75,75,75,75,75,75,75,75,75,75,75,75],"card_choices":[{"not_picked":["Blade Dance","Caltrops"],"picked":"Terror","floor":1.0},{"not_picked":["Dagger Throw","Acrobatics"],"picked":"Backflip","floor":4.0},{"not_picked":["Dodge and Roll","Caltrops"],"picked":"Eviscerate","floor":6.0},{"not_picked":["Leg Sweep","Dagger Spray"],"picked":"Finisher","floor":7.0},{"not_picked":["Sucker Punch","Eviscerate"],"picked":"After Image","floor":11.0},{"not_picked":["Sucker Punch","Backflip"],"picked":"Outmaneuver","floor":12.0},{"not_picked":["Dodge and Roll","PiercingWail"],"picked":"Expertise","floor":14.0},{"not_picked":["Venomology","Wraith Form v2"],"picked":"Adrenaline","floor":16.0},{"not_picked":["Caltrops","Outmaneuver"],"picked":"Burst","floor":18.0},{"not_picked":["Blade Dance+1","Outmaneuver"],"picked":"Masterful Stab+1","floor":21.0},{"not_picked":["Flechettes","Poisoned Stab+1"],"picked":"Caltrops+1","floor":25.0},{"not_picked":["Escape Plan","Sucker Punch"],"picked":"Blade Dance","floor":27.0},{"not_picked":["Bouncing Flask","Noxious Fumes"],"picked":"Deadly Poison","floor":28.0},{"not_picked":["Leg Sweep+1","All Out Attack"],"picked":"Bouncing Flask","floor":29.0},{"not_picked":["PiercingWail","Sucker Punch+1"],"picked":"Acrobatics","floor":30.0},{"not_picked":["Terror+1","Dodge and Roll+1"],"picked":"Slice+1","floor":31.0},{"not_picked":["Corpse Explosion","Bullet Time"],"picked":"A Thousand Cuts","floor":33.0},{"not_picked":["Heel Hook+1"],"picked":"SKIP","floor":35.0},{"not_picked":[],"picked":"Finisher","floor":36.0},{"not_picked":["Finisher"],"picked":"SKIP","floor":39.0},{"not_picked":[],"picked":"Outmaneuver+1","floor":40.0},{"not_picked":[],"picked":"Infinite Blades+1","floor":41},{"not_picked":["Underhanded Strike+1"],"picked":"SKIP","floor":44},{"not_picked":["Deflect+1"],"picked":"SKIP","floor":47},{"not_picked":["Deflect+1"],"picked":"SKIP","floor":48}],"player_experience":43509,"relics_obtained":[{"floor":6.0,"key":"Oddly Smooth Stone"},{"floor":9.0,"key":"Orichalcum"},{"floor":11.0,"key":"Mummified Hand"},{"floor":17.0,"key":"PreservedInsect"},{"floor":17.0,"key":"White Beast Statue"},{"floor":17.0,"key":"Unceasing Top"},{"floor":26.0,"key":"Ninja Scroll"},{"floor":28.0,"key":"War Paint"},{"floor":40.0,"key":"Nunchaku"},{"floor":43,"key":"Boot"},{"floor":47,"key":"Regal Pillow"}],"event_choices":[{"cards_removed":["Defend_G"],"damage_healed":0.0,"max_hp_gain":0.0,"max_hp_loss":0.0,"gold_gain":0.0,"event_name":"Purifier","player_choice":"Purged","floor":2.0,"gold_loss":0.0,"damage_taken":0.0},{"damage_healed":0.0,"max_hp_gain":0.0,"max_hp_loss":0.0,"gold_gain":0.0,"event_name":"Scrap Ooze","player_choice":"Success","floor":5.0,"gold_loss":0.0,"damage_taken":18.0,"relics_obtained":["Bag of Marbles"]},{"damage_healed":0.0,"max_hp_gain":0.0,"max_hp_loss":0.0,"gold_gain":0.0,"event_name":"Accursed Blacksmith","player_choice":"Forge","floor":20.0,"gold_loss":0.0,"damage_taken":0.0,"cards_upgraded":["Adrenaline"]},{"damage_healed":0.0,"max_hp_gain":5.0,"max_hp_loss":0.0,"gold_gain":0.0,"event_name":"Forgotten Altar","player_choice":"Shed Blood","floor":24.0,"gold_loss":0.0,"damage_taken":18.0},{"cards_removed":["Deadly Poison"],"damage_healed":0.0,"max_hp_gain":0.0,"max_hp_loss":0.0,"gold_gain":0.0,"event_name":"Purifier","player_choice":"Purged","floor":38.0,"gold_loss":0.0,"damage_taken":0.0}],"is_beta":false,"boss_relics":[{"not_picked":["Velvet Choker","SacredBark"],"picked":"Calling Bell"},{"not_picked":["Fusion Hammer","Snecko Eye"],"picked":"Busted Crown"}],"items_purged_floors":[3,8,37,45],"is_endless":false,"potions_floor_spawned":[4,12,18,21,25,27,28,29,30,31,33,35,36,39,40,41,44,47,48],"ascension_level":0}}