{"host":"0bfi5m9qgchoxkt9","time":1611559608,"event":{"mods":["Act Like it!","BaseMod","Minty Spire (QoL Compilation)","Permanent Neow","Quick Restart","StSLib"],"gold_per_floor":[114,114,166,181,195,225,245,276,276,351,376,32,58,58,58,58,58],"floor_reached":16,"language":"ZHS","playtime":293,"items_purged":[],"score":306,"play_id":"1f63711e-ea05-4eb0-ad1e-fd992b998997","local_time":"20210125152648","is_ascension_mode":true,"campfire_choices":[{"data":"Cloak And Dagger","floor":15,"key":"SMITH"}],"circlet_count":0,"master_deck":["AscendersBane","Strike_G","Strike_G","Strike_G","Strike_G","Defend_G","Defend_G","Defend_G+1","Defend_G","Defend_G","Survivor","Neutralize","CurseOfTheBell","Cloak And Dagger+1","Dagger Spray","Terror+1","Escape Plan","Backflip","Accuracy"],"relics":["Calling Bell","PreservedInsect","Pear","Du-Vu Doll","Happy Flower","Vajra","Orichalcum","Nunchaku","War Paint","Toxic Egg 2","Incense Burner"],"acts_visited":["Exordium"],"potions_floor_usage":[],"damage_taken":[{"damage":0.0,"enemies":"Jaw Worm","floor":1.0,"turns":3.0},{"damage":10.0,"enemies":"Small Slimes","floor":4.0,"turns":4.0},{"damage":0.0,"enemies":"2 Louse","floor":5.0,"turns":2.0},{"damage":2.0,"enemies":"Gremlin Nob","floor":6.0,"turns":3.0},{"damage":5.0,"enemies":"Exordium Wildlife","floor":7.0,"turns":3.0},{"damage":10.0,"enemies":"3 Sentries","floor":8.0,"turns":4.0},{"damage":5.0,"enemies":"Gremlin Nob","floor":11.0,"turns":3.0},{"damage":0,"enemies":"3 Sentries","floor":13,"turns":7},{"damage":0,"enemies":"The Guardian","floor":16,"turns":2}],"seed_played":"1615479965547257404","potions_obtained":[{"floor":1.0,"key":"LiquidMemories"},{"floor":4.0,"key":"Explosive Potion"},{"floor":8.0,"key":"Dexterity Potion"}],"is_trial":false,"path_per_floor":["M","?","T","M","M","E","M","E","T","?","E","$","E","$","R","B"],"character_chosen":"THE_SILENT","items_purchased":["Toxic Egg 2","Accuracy"],"campfire_rested":0,"item_purchase_floors":[12,12],"current_hp_per_floor":[69,62,62,52,52,50,45,35,35,24,19,19,19,19,19,19,19],"gold":58,"neow_bonus":"BOSS_RELIC","is_daily":false,"chose_seed":false,"campfire_upgraded":1,"win_rate":0.0,"timestamp":1611559608,"path_taken":["M","?","?","M","M","E","M","E","T","?","E","$","E","$","R","BOSS"],"items_purchased_type":["Relic","Card"],"build_version":"2020-12-22","purchased_purges":0,"victory":false,"max_hp_per_floor":[76,76,76,76,76,76,76,76,76,76,76,76,76,76,76,76,76],"card_choices":[{"not_picked":["Dodge and Roll","PiercingWail"],"picked":"Cloak And Dagger","floor":1.0},{"not_picked":["Outmaneuver","PiercingWail"],"picked":"Dagger Spray","floor":4.0},{"not_picked":["PiercingWail","Sucker Punch","Cloak And Dagger"],"picked":"SKIP","floor":5.0},{"not_picked":["Deflect","Sucker Punch","A Thousand Cuts"],"picked":"SKIP","floor":6.0},{"not_picked":["Prepared","Reflex"],"picked":"Terror","floor":7.0},{"not_picked":["Outmaneuver","Crippling Poison"],"picked":"Escape Plan","floor":8.0},{"not_picked":["Cloak And Dagger","Outmaneuver"],"picked":"Backflip","floor":11},{"not_picked":["Dagger Throw","Heel Hook","Terror+1"],"picked":"SKIP","floor":13}],"player_experience":968814,"relics_obtained":[{"floor":0.0,"key":"PreservedInsect"},{"floor":0.0,"key":"Pear"},{"floor":0.0,"key":"Du-Vu Doll"},{"floor":3.0,"key":"Happy Flower"},{"floor":6.0,"key":"Vajra"},{"floor":8.0,"key":"Orichalcum"},{"floor":9.0,"key":"Nunchaku"},{"floor":11,"key":"War Paint"},{"floor":13,"key":"Incense Burner"}],"event_choices":[{"cards_removed":["Strike_G"],"damage_healed":0.0,"max_hp_gain":0.0,"max_hp_loss":0.0,"gold_gain":0.0,"event_name":"Golden Wing","player_choice":"Card Removal","floor":2.0,"gold_loss":0.0,"damage_taken":7.0},{"damage_healed":0.0,"max_hp_gain":0.0,"max_hp_loss":0.0,"gold_gain":75.0,"event_name":"World of Goop","player_choice":"Gather Gold","floor":10.0,"gold_loss":0.0,"damage_taken":11.0}],"is_beta":false,"boss_relics":[],"items_purged_floors":[],"is_endless":false,"potions_floor_spawned":[1,4,8],"killed_by":"The Guardian","ascension_level":20}}