{"host":"0ricjaa7rfq9v76t","time":1611580319,"event":{"mods":["AchievementEnabler","Aspiration","BaseMod","Better Vampires","BetterRewards","Colored Powertips","Downfall","Highlight Path","Hubris","Infinite Spire","Minty Spire (QoL Compilation)","Quick Restart","Rare Cards Sparkle","Relic Sorter","Replay The Spire","StSLib","SuperFastMode","Synergy Search","The Cursed","The Disciple","The Jungle","The Marked","The Runesmith","Uncapped"],"gold_per_floor":[113,113,113,131,148,158,158,172,172,205,205,345,345,365,365,365,365],"floor_reached":16,"language":"ENG","playtime":791,"items_purged":[],"score":112,"play_id":"cd0f4aa2-ce3d-4876-8f6a-fc0151b39650","local_time":"20210125211159","is_ascension_mode":false,"campfire_choices":[{"floor":7,"key":"REST"},{"floor":13,"key":"REST"},{"floor":15,"key":"REST"}],"circlet_count":0,"master_deck":["Strike_B","Strike_B","Strike_B","Strike_B","Defend_B","Defend_B","Defend_B","Defend_B","Zap","Dualcast","Gash","Conserve Battery","Zap","Streamline","Sweeping Beam","Scrape","Turbo"],"relics":["Cracked Core","hubris:Icosahedron","MealTicket","Bronze Scales","Golden Idol","Durian","Prayer Wheel"],"acts_visited":["Exordium"],"potions_floor_usage":[6,10,10,12,16],"damage_taken":[{"damage":5,"enemies":"Small Slimes","floor":1,"turns":3},{"damage":6,"enemies":"Cultist","floor":4,"turns":4},{"damage":6,"enemies":"Jaw Worm","floor":5,"turns":2},{"damage":22,"enemies":"Exordium Thugs","floor":6,"turns":3},{"damage":0,"enemies":"Large Slime","floor":8,"turns":4},{"damage":6,"enemies":"3 Sentries","floor":10,"turns":4},{"damage":20,"enemies":"Replay:BlueRogue","floor":12,"turns":5},{"damage":6,"enemies":"2 Fungi Beasts","floor":14,"turns":3},{"damage":54,"enemies":"The Guardian","floor":16,"turns":6}],"seed_played":"5860562254822425133","potions_obtained":[{"floor":4,"key":"SneckoOil"},{"floor":5,"key":"ColorlessPotion"},{"floor":6,"key":"LiquidMemories"},{"floor":8,"key":"FearPotion"},{"floor":14,"key":"ColorlessPotion"}],"is_trial":false,"path_per_floor":["M","?","?","M","M","M","R","M","T","E","?","E","R","M","R","B"],"character_chosen":"DEFECT","items_purchased":["Gash"],"campfire_rested":3,"item_purchase_floors":[0],"current_hp_per_floor":[62,62,62,56,50,28,50,50,50,44,26,11,35,29,53,0,0],"gold":365,"neow_bonus":"","is_daily":false,"chose_seed":false,"campfire_upgraded":0,"win_rate":0.0,"timestamp":1611580319,"path_taken":["M","?","?","?","M","M","R","M","T","E","?","E","R","M","R","BOSS"],"items_purchased_type":["Card"],"build_version":"2020-12-22","purchased_purges":0,"victory":false,"max_hp_per_floor":[75,75,75,75,75,75,75,75,75,75,75,80,80,80,80,80,80],"card_choices":[{"not_picked":["Panic Button","Steam"],"picked":"Conserve Battery","floor":1},{"not_picked":["Rip and Tear","BootSequence"],"picked":"Sweeping Beam","floor":4},{"not_picked":["ReplaySolidLightProjector","Steam","Rebound"],"picked":"SKIP","floor":5},{"not_picked":["Beam Cell","ReplayTheSpireMod:Calculation Training","Chaos"],"picked":"SKIP","floor":6},{"not_picked":["Chaos","Crystallizer"],"picked":"Scrape","floor":8},{"not_picked":["Go for the Eyes","Storm"],"picked":"ReplayTheSpireMod:Fabricate Wheel","floor":10},{"not_picked":["Streamline","Panic Button","Chill"],"picked":"SKIP","floor":12},{"not_picked":["Sweeping Beam","Beam Cell"],"picked":"Turbo","floor":14}],"player_experience":211049,"relics_obtained":[{"floor":9,"key":"MealTicket"},{"floor":10,"key":"Bronze Scales"},{"floor":12,"key":"Durian"}],"event_choices":[{"damage_healed":0,"gold_gain":0,"player_choice":"2 cards matched","damage_taken":0,"max_hp_gain":0,"max_hp_loss":0,"event_name":"Match and Keep!","floor":3,"gold_loss":0,"cards_obtained":["Zap","Streamline"]},{"damage_healed":0,"gold_gain":0,"player_choice":"Take Damage","damage_taken":18,"relics_obtained":["Golden Idol"],"max_hp_gain":0,"max_hp_loss":0,"event_name":"Golden Idol","floor":11,"gold_loss":0}],"is_beta":false,"boss_relics":[],"items_purged_floors":[],"is_endless":false,"potions_floor_spawned":[4,5,6,8,14],"killed_by":"The Guardian","ascension_level":0}}