{"host":"51f0ad793vly1w6u","time":1611544496,"event":{"mods":["BaseMod","Colored Map","DeckTracker","Minty Spire (QoL Compilation)","Replay The Spire","StSLib","SuperFastMode"],"gold_per_floor":[119,130,144,161,176,176,189,207,207,207,235,246,246,246,246,350,350,360,380,380,380,398,398,409,442,442,442,453,453,453,453,453,553,553,567,1566,1146,1163,1163,1195,1195,508,508,522,522,298,298,318,318,318,318,318,18,47,47],"floor_reached":56,"language":"KOR","playtime":1230,"items_purged":["Normality","Normality","Strike_R"],"score":1249,"play_id":"b00d8a68-8a5f-4548-997d-baad7a57e0e5","local_time":"20210125121456","is_ascension_mode":false,"campfire_choices":[{"data":"Flex","floor":6.0,"key":"SMITH"},{"data":"Whirlwind","floor":10.0,"key":"SMITH"},{"data":"Shockwave","floor":13.0,"key":"SMITH"},{"data":"Bash","floor":15.0,"key":"SMITH"},{"data":"Exhume","floor":23.0,"key":"SMITH"},{"data":"Run Through","floor":27.0,"key":"SMITH"},{"data":"J.A.X.","floor":30.0,"key":"SMITH"},{"data":"Cleave","floor":32.0,"key":"SMITH"},{"data":"Pot Of Greed","floor":41.0,"key":"SMITH"},{"data":"Barricade","floor":45.0,"key":"SMITH"},{"data":"Rupture","floor":49.0,"key":"SMITH"},{"data":"ReplayTheSpireMod:Muscle Training","floor":52.0,"key":"SMITH"}],"circlet_count":0,"master_deck":["Strike_R+1","Defend_R","Defend_R","Defend_R","Defend_R","Bash+1","Reaper+1","Flex+1","Run Through+1","ReplayTheSpireMod:Stacked+1","Cleave+1","Fiend Fire+1","Shockwave+1","Whirlwind+1","Exhume+1","Fiend Fire+1","Replay:Many Hands+1","Flex+1","Reaper","J.A.X.+1","Replay:Many Hands","Evolve+1","Pot Of Greed+1","Pot Of Greed","Pot Of Greed","Feel No Pain","Feel No Pain","Barricade+1","Shrug It Off+1","ReplayTheSpireMod:Muscle Training+1","Rupture+1","Disarm+1","Rupture"],"relics":["Burning Blood","Centennial Puzzle","Letter Opener","Astrolabe","Blue Doll","Toy Ornithopter","Replay:Bottled Eggs","Cursed Key","Grinning Jar","Ancient Tea Set","Whetstone","ReplayTheSpireMod:TigerMarble","CaptainsWheel","Medical Kit","Replay:Accelerometer"],"acts_visited":["Exordium","TheCity","TheBeyond","TheEnding"],"potions_floor_usage":[54,55,55],"damage_taken":[{"damage":5.0,"enemies":"Cultist","floor":1.0,"turns":4.0},{"damage":0.0,"enemies":"2 Louse","floor":2.0,"turns":5.0},{"damage":1.0,"enemies":"Jaw Worm","floor":3.0,"turns":3.0},{"damage":5.0,"enemies":"Looter","floor":4.0,"turns":3.0},{"damage":8.0,"enemies":"3 Louse","floor":5.0,"turns":4.0},{"damage":16.0,"enemies":"Lots of Slimes","floor":7.0,"turns":3.0},{"damage":5.0,"enemies":"Gremlin Gang","floor":8.0,"turns":4.0},{"damage":22.0,"enemies":"3 Sentries","floor":11.0,"turns":3.0},{"damage":0.0,"enemies":"2 Fungi Beasts","floor":12.0,"turns":1.0},{"damage":0.0,"enemies":"Slime Boss","floor":16.0,"turns":4.0},{"damage":10.0,"enemies":"2 Thieves","floor":18.0,"turns":2.0},{"damage":10.0,"enemies":"Spheric Guardian","floor":19.0,"turns":3.0},{"damage":21.0,"enemies":"Snake Plant","floor":22.0,"turns":2.0},{"damage":22.0,"enemies":"Cultist and Chosen","floor":24.0,"turns":6.0},{"damage":41.0,"enemies":"Book of Stabbing","floor":25.0,"turns":4.0},{"damage":18.0,"enemies":"3 Cultists","floor":28.0,"turns":3.0},{"damage":73.0,"enemies":"Collector","floor":33.0,"turns":7.0},{"damage":29.0,"enemies":"3 Shapes","floor":35.0,"turns":4.0},{"damage":9.0,"enemies":"3 Darklings","floor":38.0,"turns":4.0},{"damage":17.0,"enemies":"Nemesis","floor":40.0,"turns":5.0},{"damage":18.0,"enemies":"Maw","floor":44.0,"turns":6.0},{"damage":4.0,"enemies":"Transient","floor":48.0,"turns":5.0},{"damage":47.0,"enemies":"Awakened One","floor":50.0,"turns":11.0},{"damage":59,"enemies":"Shield and Spear","floor":54,"turns":6},{"damage":35,"enemies":"The Heart","floor":55,"turns":9}],"seed_played":"-2187939080923729023","potions_obtained":[{"floor":1.0,"key":"Strength Potion"},{"floor":2.0,"key":"Block Potion"},{"floor":5.0,"key":"Flashbang"},{"floor":12.0,"key":"Swift Potion"},{"floor":16.0,"key":"PowerPotion"},{"floor":18.0,"key":"ElixirPotion"},{"floor":19.0,"key":"BloodPotion"},{"floor":28.0,"key":"GamblersBrew"},{"floor":33.0,"key":"Explosive Potion"},{"floor":35.0,"key":"Adrenaline Potion"},{"floor":54,"key":"BlessingOfTheForge"}],"is_trial":false,"path_per_floor":["M","M","M","M","M","R","M","M","T","R","E","M","R","?","R","B",null,"M","M","?","?","M","R","M","E","T","R","M","?","R","?","R","B",null,"M","?","$","M","?","E","R","$","T","M","R","$","?","M","R","B",null,"R","$","E","B",null],"character_chosen":"IRONCLAD","items_purchased":["Grinning Jar","Ancient Tea Set","Feel No Pain","ReplayTheSpireMod:TigerMarble","CaptainsWheel","Barricade","ReplayTheSpireMod:Muscle Training","Rupture","Medical Kit","Rupture","Ancient Potion"],"campfire_rested":0,"item_purchase_floors":[37,37,37,42,42,42,46,46,53,53,53],"current_hp_per_floor":[61,71,79,80,80,80,73,80,80,80,73,79,79,79,79,80,80,76,72,72,72,57,57,57,22,22,22,10,10,10,80,80,32,80,80,80,80,77,76,76,76,76,76,76,76,76,76,76,76,72,76,76,76,71,65],"gold":47,"neow_bonus":"THREE_RARE_CARDS","is_daily":false,"chose_seed":false,"campfire_upgraded":12,"win_rate":0.0,"timestamp":1611544496,"path_taken":["M","?","M","M","M","R","M","M","T","R","E","M","R","?","R","BOSS","M","M","?","?","M","R","?","E","T","R","?","?","R","?","R","BOSS","M","?","$","M","?","E","R","$","T","M","R","?","?","M","R","BOSS","R","$","E","BOSS"],"items_purchased_type":["Relic","Relic","Card","Relic","Relic","Card","Card","Card","Relic","Card","Potion"],"build_version":"2020-12-22","purchased_purges":3,"victory":true,"max_hp_per_floor":[80,80,80,80,80,80,80,80,80,80,80,80,80,80,80,80,80,80,80,80,80,80,80,80,80,80,80,80,80,80,80,80,80,80,80,80,80,80,76,76,76,76,76,76,76,76,76,76,76,76,76,76,76,76,76],"card_choices":[{"not_picked":["Fiend Fire","Brutality"],"picked":"Reaper","floor":0.0},{"not_picked":["Dual Wield","Evolve"],"picked":"Flex","floor":1.0},{"not_picked":["Combust","Headbutt"],"picked":"Run Through","floor":2.0},{"not_picked":["Clothesline","Headbutt"],"picked":"ReplayTheSpireMod:Stacked","floor":3.0},{"not_picked":["Dark Embrace","Sentinel"],"picked":"Cleave","floor":4.0},{"not_picked":["Perfected Strike","Sword Boomerang"],"picked":"Fiend Fire","floor":5.0},{"not_picked":["Dual Wield","Flex"],"picked":"Shockwave","floor":7.0},{"not_picked":["Sword Boomerang","Metallicize"],"picked":"Whirlwind","floor":8.0},{"not_picked":["Run Through","Armaments","Iron Wave"],"picked":"SKIP","floor":11.0},{"not_picked":["Demonic Infusion","Replay:Undeath\u0027s Touch","Armaments"],"picked":"SKIP","floor":12.0},{"not_picked":["Corruption","Fiend Fire"],"picked":"Exhume","floor":16.0},{"not_picked":["Entrench","Havoc","Heavy Blade+1"],"picked":"SKIP","floor":18.0},{"not_picked":["Armaments","Anger","Cleave"],"picked":"SKIP","floor":19.0},{"not_picked":["Sword Boomerang","Thunderclap+1"],"picked":"Flex+1","floor":22.0},{"not_picked":["Dual Wield","Pummel","Armaments"],"picked":"SKIP","floor":24.0},{"not_picked":["Infernal Blade","Uppercut","Wild Strike+1"],"picked":"SKIP","floor":25.0},{"not_picked":["ReplayTheSpireMod:LeadingStrike","ReplayTheSpireMod:Strike From Hell+1"],"picked":"Reaper","floor":28.0},{"not_picked":["Barricade","Immolate"],"picked":"Replay:Many Hands","floor":33.0},{"not_picked":["Shockwave","Uppercut+1"],"picked":"Evolve+1","floor":35.0},{"not_picked":["Perfected Strike","Havoc","Clash"],"picked":"SKIP","floor":38.0},{"not_picked":["Havoc","Twin Strike+1","Whirlwind+1"],"picked":"SKIP","floor":40.0},{"not_picked":["Carnage","Infernal Blade"],"picked":"Shrug It Off+1","floor":44.0},{"not_picked":["Power Through+1","Hemogenesis"],"picked":"Disarm+1","floor":48.0},{"not_picked":["Metallicize","Flame Barrier","ReplayTheSpireMod:LeadingStrike+1"],"picked":"SKIP","floor":54}],"player_experience":1416616,"relics_obtained":[{"floor":9.0,"key":"Centennial Puzzle"},{"floor":11.0,"key":"Letter Opener"},{"floor":25.0,"key":"Toy Ornithopter"},{"floor":26.0,"key":"Replay:Bottled Eggs"},{"floor":40.0,"key":"Whetstone"},{"floor":54,"key":"Replay:Accelerometer"}],"event_choices":[{"damage_healed":0.0,"max_hp_gain":0.0,"max_hp_loss":0.0,"gold_gain":0.0,"event_name":"Living Wall","player_choice":"Grow","floor":14.0,"gold_loss":0.0,"damage_taken":0.0,"cards_upgraded":["Fiend Fire"]},{"damage_healed":0.0,"max_hp_gain":0.0,"max_hp_loss":0.0,"gold_gain":0.0,"event_name":"Ghosts","player_choice":"Ignored","floor":20.0,"gold_loss":0.0,"damage_taken":0.0},{"damage_healed":0.0,"max_hp_gain":0.0,"max_hp_loss":0.0,"gold_gain":0.0,"event_name":"The Mausoleum","player_choice":"Opened","floor":21.0,"gold_loss":0.0,"damage_taken":0.0,"relics_obtained":["Blue Doll"]},{"damage_healed":0.0,"max_hp_gain":0.0,"max_hp_loss":0.0,"gold_gain":0.0,"event_name":"Drug Dealer","player_choice":"Obtain J.A.X.","floor":29.0,"gold_loss":0.0,"damage_taken":0.0,"cards_obtained":["J.A.X."]},{"cards_removed":["Combust"],"damage_healed":70.0,"max_hp_gain":0.0,"max_hp_loss":0.0,"gold_gain":0.0,"event_name":"Bonfire Elementals","player_choice":"Offered Uncommon","floor":31.0,"gold_loss":0.0,"damage_taken":0.0},{"damage_healed":0.0,"max_hp_gain":0.0,"max_hp_loss":0.0,"gold_gain":999.0,"event_name":"MindBloom","player_choice":"Gold","floor":36.0,"gold_loss":0.0,"damage_taken":0.0,"cards_obtained":["Normality","Normality"]},{"damage_healed":0.0,"max_hp_gain":0.0,"max_hp_loss":4.0,"gold_gain":0.0,"event_name":"Winding Halls","player_choice":"Max HP","floor":39.0,"gold_loss":0.0,"damage_taken":0.0},{"damage_healed":0.0,"max_hp_gain":0.0,"max_hp_loss":0.0,"gold_gain":0.0,"event_name":"NoteForYourself","player_choice":"Ignored","floor":47.0,"gold_loss":0.0,"damage_taken":0.0}],"is_beta":false,"boss_relics":[{"not_picked":["Black Blood","Ectoplasm"],"picked":"Astrolabe"},{"not_picked":["Honey Jar","SlaversCollar"],"picked":"Cursed Key"}],"items_purged_floors":[37,42,46],"is_endless":false,"potions_floor_spawned":[1,2,5,12,16,18,19,28,33,35,54],"ascension_level":0}}