{"host":"1qxljlv0g0hslid3","time":1611551106,"event":{"mods":["2.2 Compatiblity","AchievementEnabler","Act Like it!","Astrologer","BaseMod","Beaked The Cultist","BetterRewards","Clawfect","Conspire","Custom Start","Dio Mod","Elementarium","Energized Spire","GungeonMod","Hallownest","Hermit","Hero for Fun","Hubris","Infinite Spire","Lobotomy","LobotomyExtend","Magitek Elite","Marisa????????","Minty Spire (QoL Compilation)","Prisma Mod","Remilia??????","Replay The Spire","Shop Mod","StSLib","The Administrix","The Alterego","The Animator","The Bug Knight","The Cursed","The Death Knight","The Elementalist","The Hierophant","The Jungle","The Necromancer","The Runesmith","The Senshi","The Servant 0.9.4","Wandering Minibosses","everything is the same but u backflip on backflip","slay the spire mod where everything is the same but ironclad has a cowboy hat"],"gold_per_floor":[115,182,196,212,228,228,244,244,244,246,246,58,58,58,83,83,8,27,27,27,27],"floor_reached":16,"language":"ENG","playtime":815,"items_purged":["Chesed"],"score":112,"play_id":"15b0150a-d2f1-4702-8ee9-cabad5cfe302","local_time":"20210124230506","is_ascension_mode":false,"campfire_choices":[],"circlet_count":0,"master_deck":["SpecialBullet","SpecialBullet","SpecialBullet","SpecialBullet","SpecialBullet","SpecialBullet","SpecialBullet","SpecialBullet","InformationCode","ControlCode","WelfareCode","Harvest","Hornet","OSAHOGD","BloodyDesire+1","MeatLantern","WristCuter","Freischutz","Ecstasy","GoldRush","Regret_ego","GreedKing","Wellcheers"],"relics":["CogitoBucket","MagicBullet_r","LetterFromLob","Ginger","ReplayTheSpireMod:Shallot","Mummified Hand","Singing Bowl","infinitespire:CursedDice","DemoMod:GlassGuonStoneRelic","HellTrain"],"acts_visited":["Exordium"],"potions_floor_usage":[14],"damage_taken":[{"damage":11,"enemies":"Jaw Worm","floor":1,"turns":2},{"damage":8,"enemies":"Small Slimes","floor":3,"turns":2},{"damage":6,"enemies":"2 Louse","floor":4,"turns":2},{"damage":0,"enemies":"Jaw Worm","floor":1,"turns":1},{"damage":6,"enemies":"Cultist","floor":3,"turns":2},{"damage":25,"enemies":"3 Sentries","floor":6,"turns":3},{"damage":17,"enemies":"Lagavulin","floor":11,"turns":4},{"damage":17,"enemies":"Small Slimes","floor":14,"turns":5},{"damage":20,"enemies":"Fading Forest","floor":16,"turns":2}],"seed_played":"6538182079915264238","potions_obtained":[{"floor":4,"key":"ColorlessPotion"},{"floor":3,"key":"FearPotion"},{"floor":14,"key":"Fire Potion"}],"is_trial":false,"path_per_floor":["M","?","M","M","M","M","?","M","?","?","E","T","$","T","R","E","?","$","M","R","B"],"character_chosen":"Angela","items_purchased":["GoldRush","Regret_ego"],"campfire_rested":0,"item_purchase_floors":[8,8],"current_hp_per_floor":[59,59,51,45,70,67,61,61,61,36,36,36,36,36,21,25,25,10,10,1,1],"gold":27,"neow_bonus":"THREE_CARDS","is_daily":false,"chose_seed":false,"campfire_upgraded":0,"win_rate":0.0,"timestamp":1611551106,"path_taken":["M","?","M","M","M","M","?","M","?","?","E","?","$","T","R","E","?","?","M","R","BOSS"],"items_purchased_type":["Card","Card"],"build_version":"2020-12-22","purchased_purges":1,"victory":false,"max_hp_per_floor":[70,70,70,70,70,70,70,70,70,70,70,70,70,70,72,72,72,74,74,74,74],"card_choices":[{"not_picked":["Horn","FourthMatchFlame"],"picked":"Harvest","floor":0},{"not_picked":["Noise"],"picked":"Hornet","floor":1},{"not_picked":["Beak","Horn"],"picked":"SKIP","floor":3},{"not_picked":["CherryBlossoms","UniverseFragment"],"picked":"OSAHOGD","floor":4},{"not_picked":["Lantern"],"picked":"BloodyDesire","floor":4},{"not_picked":["PunishingBird","MHz"],"picked":"MeatLantern","floor":1},{"not_picked":["Amita"],"picked":"WristCuter","floor":1},{"not_picked":["Woodsman","WhitesApple"],"picked":"Freischutz","floor":3},{"not_picked":["CUTE"],"picked":"Ecstasy","floor":3},{"not_picked":["Lantern","CUTE"],"picked":"SKIP","floor":6},{"not_picked":["Scorched","Variant"],"picked":"GreedKing","floor":11},{"not_picked":["Laetitia_ego","FourthMatchFlame"],"picked":"Singing Bowl","floor":11},{"not_picked":["VoidDream","OldLady"],"picked":"Wellcheers","floor":14},{"not_picked":["Gaze","Tough"],"picked":"Singing Bowl","floor":14}],"player_experience":593455,"relics_obtained":[{"floor":1,"key":"LetterFromLob"},{"floor":1,"key":"LetterFromLob"},{"floor":6,"key":"ReplayTheSpireMod:Shallot"},{"floor":7,"key":"Mummified Hand"},{"floor":9,"key":"Singing Bowl"},{"floor":11,"key":"infinitespire:CursedDice"}],"event_choices":[{"damage_healed":0,"gold_gain":67,"player_choice":"Gained Gold","damage_taken":0,"max_hp_gain":0,"max_hp_loss":0,"event_name":"Golden Wing","floor":2,"gold_loss":0},{"damage_healed":0,"gold_gain":0,"player_choice":"Success","damage_taken":3,"relics_obtained":["Ginger"],"max_hp_gain":0,"max_hp_loss":0,"event_name":"Scrap Ooze","floor":2,"gold_loss":0}],"is_beta":false,"boss_relics":[],"items_purged_floors":[13],"is_endless":false,"potions_floor_spawned":[4,3,14],"killed_by":"Fading Forest","ascension_level":0}}