{"host":"y5qp6htmbma6fehg","time":1611561034,"event":{"mods":["Arknights The Spire","BaseMod","Minty Spire (QoL Compilation)","StSLib"],"gold_per_floor":[114,114,64,64,64,94,94,109,134,134,149,149,164,179,179,279,279,294,24,39,39,54,54,69,69,69,84,114,129,1,16,16,116,116,131,131,0,15,15,15,30,30,30,30,45,60,60,60,60,60,60],"floor_reached":50,"language":"ZHS","playtime":1424,"items_purged":["ats:Phantom"],"score":539,"play_id":"c9b7782e-14c5-42ec-95cb-4b8099d305c5","local_time":"20210125155034","daily_mods":["Chimera","Colorless Cards","Lethality"],"is_ascension_mode":false,"campfire_choices":[{"floor":7,"key":"REST"},{"floor":10,"key":"REST"},{"data":"ats:Composite Medical Shells","floor":12,"key":"SMITH"},{"floor":15,"key":"REST"},{"floor":23,"key":"REST"},{"floor":25,"key":"REST"},{"floor":32,"key":"REST"},{"data":"Metamorphosis","floor":40,"key":"SMITH"},{"floor":42,"key":"REST"},{"floor":47,"key":"REST"},{"floor":49,"key":"REST"}],"circlet_count":0,"master_deck":["Bash+1","Survivor","Zap","Eruption+1","ats:Very Hot Blade+1","ats:Composite Medical Shells+1","ats:Guard Mode","ats:Leaping Hammer","ats:Consecutive Shot Auto","Deep Breath","Apotheosis","ats:Steam Pump","ats:Thermite Blade","ats:Phantom","Secret Weapon","Dark Shackles","ats:Consecutive Shot Auto+1","ats:Serious Mode","ats:Consecutive Shot Auto","ats:Healing Drone","ats:Part Time Job","ats:Guard Mode+1","ats:Explosion Area Strengthen","ats:Revitalization+1","ats:Magnetic Hammer","Dark Shackles","Metamorphosis+1","ats:Guard Mode","ats:Shell Defense","Secret Technique","ats:Soul Absorption","ats:Closed Bolt Burst Fire","ats:Consecutive Shot Auto","Shame","Writhe","ats:Closed Bolt Burst Fire+1","ats:Flexible Camouflage+1","Master of Strategy","Bandage Up","Trip+1"],"relics":["ats:Sanity","Sundial","ats:Originium","Akabeko","Pandora\u0027s Box","Dream Catcher","Nloth\u0027s Gift","Matryoshka","Vajra","Cursed Key","Red Mask","Anchor","StrikeDummy"],"acts_visited":["Exordium","TheCity","TheBeyond"],"potions_floor_usage":[20,27,28,28,28,50],"damage_taken":[{"damage":0,"enemies":"Cultist","floor":1,"turns":2},{"damage":34,"enemies":"Gremlin Nob","floor":6,"turns":3},{"damage":10,"enemies":"2 Louse","floor":8,"turns":2},{"damage":0,"enemies":"Small Slimes","floor":11,"turns":2},{"damage":25,"enemies":"Exordium Thugs","floor":13,"turns":5},{"damage":0,"enemies":"Exordium Wildlife","floor":14,"turns":2},{"damage":9,"enemies":"Slime Boss","floor":16,"turns":5},{"damage":35,"enemies":"2 Thieves","floor":18,"turns":3},{"damage":16,"enemies":"Chosen","floor":20,"turns":3},{"damage":18,"enemies":"3 Cultists","floor":22,"turns":3},{"damage":16,"enemies":"Snake Plant","floor":24,"turns":3},{"damage":5,"enemies":"Sentry and Sphere","floor":27,"turns":3},{"damage":0,"enemies":"Gremlin Leader","floor":28,"turns":5},{"damage":30,"enemies":"Cultist and Chosen","floor":29,"turns":5},{"damage":3,"enemies":"Snake Plant","floor":31,"turns":3},{"damage":80,"enemies":"Champ","floor":33,"turns":9},{"damage":44,"enemies":"3 Darklings","floor":35,"turns":5},{"damage":1,"enemies":"Orb Walker","floor":38,"turns":2},{"damage":41,"enemies":"Jaw Worm Horde","floor":41,"turns":3},{"damage":35,"enemies":"Spire Growth","floor":45,"turns":5},{"damage":18,"enemies":"Sphere and 2 Shapes","floor":46,"turns":4},{"damage":76,"enemies":"Donu and Deca","floor":50,"turns":5}],"seed_played":"7295166269203286773","potions_obtained":[{"floor":1,"key":"Dexterity Potion"},{"floor":8,"key":"LiquidMemories"},{"floor":11,"key":"Fire Potion"},{"floor":18,"key":"ColorlessPotion"},{"floor":24,"key":"CultistPotion"},{"floor":27,"key":"LiquidBronze"},{"floor":45,"key":"Explosive Potion"}],"is_trial":false,"path_per_floor":["M","?","?","?","?","E","R","M","T","R","M","R","M","M","R","B",null,"M","$","M","?","M","R","M","R","T","M","E","M","$","M","R","B",null,"M","?","?","M","$","R","M","R","T","?","M","M","R","?","R","B"],"character_chosen":"DOCTOR_CLASS","items_purchased":["ats:Serious Mode","Dream Catcher","ats:Consecutive Shot Auto","ats:Guard Mode"],"campfire_rested":9,"item_purchase_floors":[19,19,19,30],"current_hp_per_floor":[72,72,72,58,58,24,45,35,35,56,56,56,31,31,52,43,72,37,37,21,21,3,24,14,35,35,30,42,21,21,24,45,27,72,34,63,63,62,62,62,27,45,45,61,33,22,40,40,58,0,0],"gold":60,"neow_bonus":"","is_daily":true,"chose_seed":false,"campfire_upgraded":2,"win_rate":0.0,"timestamp":1611561034,"path_taken":["M","?","?","?","?","E","R","M","T","R","M","R","M","M","R","BOSS","M","$","?","?","M","R","M","R","T","M","E","M","?","M","R","BOSS","M","?","?","M","$","R","M","R","T","?","M","M","R","?","R","BOSS"],"items_purchased_type":["Card","Relic","Card","Card"],"build_version":"2020-12-22","purchased_purges":1,"victory":false,"max_hp_per_floor":[72,72,72,72,72,72,72,72,72,72,72,72,72,72,72,72,72,72,72,72,72,72,72,72,72,72,72,72,72,72,72,72,72,72,72,63,63,63,63,63,63,63,63,63,63,63,63,63,63,63,63],"card_choices":[{"not_picked":["Forethought","ats:Counter Healing Mode"],"picked":"ats:Very Hot Blade","floor":1},{"not_picked":["ats:Charging Defense","ats:Song Of Battle"],"picked":"ats:Composite Medical Shells","floor":6},{"not_picked":["Good Instincts","Flash of Steel"],"picked":"ats:Guard Mode","floor":8},{"not_picked":["ats:Composite Medical Shells","ats:Poison Spread"],"picked":"ats:Leaping Hammer","floor":11},{"not_picked":["ats:Shell Defense","ats:Assault Order"],"picked":"ats:Consecutive Shot Auto","floor":13},{"not_picked":["Mind Blast","ats:Assault Order"],"picked":"Deep Breath","floor":14},{"not_picked":["ats:Dogmatic Field","ats:Soul Rend"],"picked":"Apotheosis","floor":16},{"not_picked":["ats:Literary Storm","ats:Leaping Hammer"],"picked":"ats:Consecutive Shot Auto+1","floor":18},{"not_picked":["ats:Assault Order","ats:Poison Spread"],"picked":"ats:Healing Drone","floor":20},{"not_picked":["ats:Poison Spread+1","Purity"],"picked":"ats:Part Time Job","floor":22},{"not_picked":["Trip+1","Bandage Up"],"picked":"ats:Guard Mode+1","floor":23},{"not_picked":["Mind Blast","ats:Directed Diagnosis"],"picked":"ats:Explosion Area Strengthen","floor":24},{"not_picked":["ats:Healing Strengthening","ats:Ignite"],"picked":"ats:Revitalization+1","floor":25},{"not_picked":["ats:Poison Spread","ats:Sunburst+1"],"picked":"ats:Magnetic Hammer","floor":27},{"not_picked":["ats:Part Time Job","ats:Directed Diagnosis+1"],"picked":"Dark Shackles","floor":28},{"not_picked":["ats:Very Hot Blade+1","ats:Flame Of Heaven"],"picked":"Metamorphosis","floor":29},{"not_picked":["ats:Assault Order","ats:Sunburst","ats:Thermite Blade"],"picked":"SKIP","floor":31},{"not_picked":["ats:Explosion Area Strengthen+1","ats:Ignite"],"picked":"ats:Shell Defense","floor":32},{"not_picked":["Mayhem","ats:Fractured Body"],"picked":"Secret Technique","floor":33},{"not_picked":["ats:Healing Strengthening+1","ats:Guard Mode"],"picked":"ats:Soul Absorption","floor":35},{"not_picked":["ats:Roar Of Ursus","ats:Chain Hook","ats:Curse Doll"],"picked":"SKIP","floor":38},{"not_picked":["Discovery","The Bomb"],"picked":"ats:Closed Bolt Burst Fire","floor":41},{"not_picked":["Impatience+1","ats:Ignite"],"picked":"ats:Consecutive Shot Auto","floor":42},{"not_picked":["ats:Absolute Focus+1","ats:Revitalization"],"picked":"ats:Closed Bolt Burst Fire+1","floor":45},{"not_picked":["ats:Encircling Forest+1","ats:Directed Diagnosis"],"picked":"ats:Flexible Camouflage+1","floor":46},{"not_picked":["ats:Guard Mode","ats:Mental Burst"],"picked":"Master of Strategy","floor":47},{"not_picked":["Apotheosis","PanicButton"],"picked":"Bandage Up","floor":48},{"not_picked":["ats:Assault Order","ats:Revitalization+1"],"picked":"Trip+1","floor":49}],"player_experience":223592,"relics_obtained":[{"floor":6,"key":"ats:Originium"},{"floor":6,"key":"StoneCalendar"},{"floor":9,"key":"Akabeko"},{"floor":26,"key":"Matryoshka"},{"floor":28,"key":"ats:Originium"},{"floor":28,"key":"Vajra"},{"floor":43,"key":"Anchor"},{"floor":43,"key":"StrikeDummy"}],"event_choices":[{"damage_healed":0,"gold_gain":0,"player_choice":"Box","damage_taken":0,"relics_obtained":["Sundial"],"max_hp_gain":0,"max_hp_loss":0,"event_name":"Big Fish","floor":2,"gold_loss":0,"cards_obtained":["Regret"]},{"cards_removed":["Regret"],"damage_healed":0,"gold_gain":0,"player_choice":"Card Removal","damage_taken":0,"max_hp_gain":0,"max_hp_loss":0,"event_name":"The Cleric","floor":3,"gold_loss":50},{"damage_healed":0,"gold_gain":0,"player_choice":"Entered Light","damage_taken":14,"max_hp_gain":0,"max_hp_loss":0,"event_name":"Shining Light","floor":4,"gold_loss":0,"cards_upgraded":["Eruption","Bash"]},{"damage_healed":0,"gold_gain":0,"player_choice":"Upgraded","damage_taken":0,"max_hp_gain":0,"max_hp_loss":0,"event_name":"Upgrade Shrine","floor":5,"gold_loss":0,"cards_upgraded":["ats:Very Hot Blade"]},{"damage_healed":0,"gold_gain":0,"player_choice":"Traded Relic","damage_taken":0,"relics_obtained":["Nloth\u0027s Gift"],"max_hp_gain":0,"max_hp_loss":0,"event_name":"N\u0027loth","floor":21,"relics_lost":["StoneCalendar"],"gold_loss":0},{"damage_healed":63,"gold_gain":0,"player_choice":"Heal","damage_taken":0,"max_hp_gain":0,"max_hp_loss":9,"event_name":"The Moai Head","floor":36,"gold_loss":0},{"damage_healed":0,"gold_gain":0,"player_choice":"Paid","damage_taken":0,"relics_obtained":["Red Mask"],"max_hp_gain":0,"max_hp_loss":0,"event_name":"Tomb of Lord Red Mask","floor":37,"gold_loss":131},{"damage_healed":16,"gold_gain":0,"player_choice":"Writhe","damage_taken":0,"max_hp_gain":0,"max_hp_loss":0,"event_name":"Winding Halls","floor":44,"gold_loss":0,"cards_obtained":["Writhe"]},{"damage_healed":0,"gold_gain":0,"player_choice":"Memory 1","damage_taken":0,"max_hp_gain":0,"max_hp_loss":0,"event_name":"SensoryStone","floor":48,"gold_loss":0}],"is_beta":false,"boss_relics":[{"not_picked":["Fusion Hammer","Sozu"],"picked":"Pandora\u0027s Box"},{"not_picked":["Busted Crown","Velvet Choker"],"picked":"Cursed Key"}],"items_purged_floors":[30],"is_endless":false,"potions_floor_spawned":[1,8,11,13,18,24,27,45],"killed_by":"Donu and Deca","ascension_level":0}}