{"host":"i98650m3tufgrrto","time":1611608851,"event":{"mods":["100% Spire Juice","Act Like it!","BaseMod","CapriCore","KomeijiMod","Marisa£®ÏF”Í°°ƒß¿Ì…≥£©","Minty Spire (QoL Compilation)","Reimu£®≤©¿ˆ¡È√Œ£©","Remilia£®¿Ÿ√◊¿Ú—«£©","StSLib","The Immortal","The Servant 0.9.4","Yakumo Yukari mod","Youmu£®ªÍ∆«—˝√Œ£©"],"gold_per_floor":[172,172,193,193,118,149,149,189,214,230,299,322,322,347,347,467,467,482,69,89,110,128,168,168,168,194,234,234,267,267,302,314,456,468,505,537,574,171,235,235,235,235,235,235,269,283,324,324,324,324,324,324,101,142,142],"floor_reached":56,"language":"ZHS","playtime":3116,"items_purged":["Defend_Remirira","Strike_Remiria","Strike_Remiria"],"score":1704,"play_id":"41dce609-0acd-4a2e-973b-61dab3f23ea7","local_time":"20210126050731","is_ascension_mode":true,"campfire_choices":[{"floor":7.0,"key":"REST"},{"floor":13.0,"key":"REST"},{"data":"PartStrengthen","floor":15.0,"key":"SMITH"},{"data":"DemonLordWalk","floor":24.0,"key":"SMITH"},{"data":"ChainGang","floor":28.0,"key":"SMITH"},{"floor":32.0,"key":"RECALL"},{"data":"QueenOfMidnight","floor":40.0,"key":"SMITH"},{"data":"DamonLordCradle_Remiria","floor":42.0,"key":"SMITH"},{"data":"RemiliaStalker","floor":44.0,"key":"SMITH"},{"data":"1","floor":49.0,"key":"LIFT"},{"data":"2","floor":52.0,"key":"LIFT"}],"circlet_count":0,"master_deck":["Defend_Remirira+1","Defend_Remirira+1","Absorbed+1","Scratch","ThePrice+1","Septette+1","DemonLordWalk+1","PartStrengthen+1","ChainGang+1","FateConcerto+1","RemiliaStalker+1","QueenOfMidnight+1","DamonLordCradle_Remiria+1","Mayhem","SeparateFleshBlood"],"relics":["Astrolabe","Golden Idol","Orichalcum","Gremlin Horn","Vajra","Boot","Coffee Dripper","KyoryuNoHagoromo","HornCleat","War Paint","PreservedInsect","Gambling Chip","FaceOfCleric","MawBank","Busted Crown","Bottled Lightning","Mango","Girya","StoneCalendar","StrikeDummy"],"acts_visited":["Exordium","TheCity","TheBeyond","TheEnding"],"potions_floor_usage":[55,55],"damage_taken":[{"damage":0.0,"enemies":"2 Louse","floor":1.0,"turns":3.0},{"damage":6.0,"enemies":"Jaw Worm","floor":3.0,"turns":7.0},{"damage":24.0,"enemies":"Lagavulin","floor":6.0,"turns":10.0},{"damage":27.0,"enemies":"Gremlin Nob","floor":8.0,"turns":6.0},{"damage":0.0,"enemies":"Cultist","floor":10.0,"turns":4.0},{"damage":20.0,"enemies":"Lagavulin Event","floor":11.0,"turns":5.0},{"damage":1.0,"enemies":"Blue Slaver","floor":12.0,"turns":3.0},{"damage":4.0,"enemies":"Large Slime","floor":14.0,"turns":5.0},{"damage":1.0,"enemies":"The Guardian","floor":16.0,"turns":9.0},{"damage":0.0,"enemies":"Spheric Guardian","floor":18.0,"turns":6.0},{"damage":2.0,"enemies":"Chosen","floor":20.0,"turns":6.0},{"damage":0.0,"enemies":"Centurion and Healer","floor":21.0,"turns":9.0},{"damage":5.0,"enemies":"Snake Plant","floor":22.0,"turns":5.0},{"damage":0.0,"enemies":"Book of Stabbing","floor":23.0,"turns":6.0},{"damage":15.0,"enemies":"Gremlin Leader","floor":27.0,"turns":6.0},{"damage":11.0,"enemies":"Slavers","floor":29.0,"turns":2.0},{"damage":0.0,"enemies":"Book of Stabbing","floor":31.0,"turns":4.0},{"damage":0.0,"enemies":"Collector","floor":33.0,"turns":6.0},{"damage":0.0,"enemies":"3 Darklings","floor":35.0,"turns":4.0},{"damage":0.0,"enemies":"Orb Walker","floor":36.0,"turns":4.0},{"damage":0.0,"enemies":"Spire Growth","floor":37.0,"turns":5.0},{"damage":11.0,"enemies":"2 Orb Walkers","floor":39.0,"turns":6.0},{"damage":4.0,"enemies":"4 Shapes","floor":41.0,"turns":3.0},{"damage":0.0,"enemies":"Giant Head","floor":45.0,"turns":6.0},{"damage":0.0,"enemies":"Maw","floor":46.0,"turns":6.0},{"damage":0.0,"enemies":"Nemesis","floor":47.0,"turns":7.0},{"damage":1.0,"enemies":"Awakened One","floor":50.0,"turns":12.0},{"damage":0,"enemies":"Shield and Spear","floor":54,"turns":6},{"damage":0,"enemies":"The Heart","floor":55,"turns":7}],"seed_played":"-5294754045535248401","potions_obtained":[{"floor":8.0,"key":"AttackPotion"},{"floor":10.0,"key":"ColorlessPotion"},{"floor":12.0,"key":"EssenceOfSteel"},{"floor":16.0,"key":"MagicPotion:ReiMu"},{"floor":22.0,"key":"Strength Potion"},{"floor":27.0,"key":"AttackPotion"},{"floor":36.0,"key":"GamblersBrew"},{"floor":37.0,"key":"FearPotion"},{"floor":39.0,"key":"SmokeBomb"},{"floor":47.0,"key":"LiquidMemories"}],"is_trial":false,"path_per_floor":["M","?","M","?","$","E","R","E","T","M","?","M","R","M","R","B",null,"M","$","M","M","M","E","R","?","T","E","R","E","?","E","R","B",null,"M","M","M","$","?","R","M","R","T","R","E","M","E","?","R","B",null,"R","$","E","B",null],"character_chosen":"RemiriaScarlet","items_purchased":["KyoryuNoHagoromo","DamonLordCradle_Remiria","Bottled Lightning","Mayhem","Swift Potion"],"campfire_rested":2,"item_purchase_floors":[19,38,38,53,53],"current_hp_per_floor":[100,75,69,49,49,25,55,28,28,28,8,7,37,33,33,32,100,100,100,98,98,93,93,93,93,93,78,78,67,67,68,68,69,102,103,104,105,105,109,109,106,106,106,106,107,108,109,109,109,109,125,125,125,126,127],"gold":142,"neow_bonus":"BOSS_RELIC","is_daily":false,"chose_seed":false,"campfire_upgraded":6,"win_rate":0.0,"timestamp":1611608851,"path_taken":["M","?","M","?","?","E","R","E","T","M","?","?","R","M","R","BOSS","M","$","M","M","?","E","R","?","T","E","R","E","?","E","R","BOSS","M","M","M","$","?","R","M","R","T","R","E","M","E","?","R","BOSS","R","$","E","BOSS"],"items_purchased_type":["Relic","Card","Relic","Card","Potion"],"build_version":"2020-12-22","purchased_purges":3,"victory":true,"max_hp_per_floor":[100,100,100,100,100,100,100,100,100,100,100,100,100,100,100,100,100,100,100,100,100,100,100,100,100,100,100,100,100,100,101,101,102,102,103,104,105,105,120,120,121,121,121,121,122,123,124,124,124,125,125,125,125,126,127],"card_choices":[{"not_picked":["FateMeister","StigmaNizer","BloodCleaner"],"picked":"SKIP","floor":1.0},{"not_picked":["VampireClaw","ServantFlier","DoubleEdge"],"picked":"SKIP","floor":3.0},{"not_picked":["ChainGang","StigmaNizer"],"picked":"DemonLordWalk","floor":6.0},{"not_picked":["ServantFlier","FateEnsemble","BloodySuit"],"picked":"SKIP","floor":8.0},{"not_picked":["Rewrite","FastHealing"],"picked":"PartStrengthen","floor":10.0},{"not_picked":["FateMeister","Impregnable"],"picked":"ChainGang","floor":11.0},{"not_picked":["PainBurst","SealingFear","RocketKickup"],"picked":"SKIP","floor":12.0},{"not_picked":["BloodySuit","ScarletNetherworld"],"picked":"FateConcerto","floor":14.0},{"not_picked":["Coercion","AllTheWorldInNightmare"],"picked":"RemiliaStalker","floor":16.0},{"not_picked":["NightDance+1","SealingFear","TrickFate"],"picked":"SKIP","floor":18.0},{"not_picked":["BathedInBlood","FateEnsemble","StigmaNizer"],"picked":"SKIP","floor":20.0},{"not_picked":["ServantFlier","DoubleEdge","BloodPact"],"picked":"SKIP","floor":21.0},{"not_picked":["CurseofVladTepes","BloodySuit","ServantFlier"],"picked":"SKIP","floor":22.0},{"not_picked":["MillenniumVampire","RocketKickup","FateCollect"],"picked":"SKIP","floor":23.0},{"not_picked":["BloodCollect","CurseofVladTepes","CombatMeter"],"picked":"SKIP","floor":27.0},{"not_picked":["DemonsDinnerFork_Remiria","FierceSweep","Warpath"],"picked":"SKIP","floor":29.0},{"not_picked":["BloodCollect","ThePrice","FastHealing"],"picked":"SKIP","floor":31.0},{"not_picked":["RemiliaStalker","Septette"],"picked":"QueenOfMidnight","floor":33.0},{"not_picked":["ServantFlier+1"],"picked":"SKIP","floor":35.0},{"not_picked":["Warpath"],"picked":"SKIP","floor":36.0},{"not_picked":["TricksterDevil"],"picked":"SKIP","floor":37.0},{"not_picked":["Feint+1"],"picked":"SKIP","floor":45.0},{"not_picked":["Warpath"],"picked":"SKIP","floor":46.0},{"not_picked":["RocketKickup+1"],"picked":"SKIP","floor":47.0},{"not_picked":[],"picked":"SeparateFleshBlood","floor":54}],"player_experience":1211740,"relics_obtained":[{"floor":6.0,"key":"Orichalcum"},{"floor":8.0,"key":"Gremlin Horn"},{"floor":9.0,"key":"Vajra"},{"floor":11.0,"key":"Boot"},{"floor":23.0,"key":"HornCleat"},{"floor":26.0,"key":"War Paint"},{"floor":27.0,"key":"PreservedInsect"},{"floor":29.0,"key":"Gambling Chip"},{"floor":31.0,"key":"MawBank"},{"floor":39.0,"key":"Mango"},{"floor":45.0,"key":"Girya"},{"floor":47.0,"key":"StoneCalendar"},{"floor":54,"key":"StrikeDummy"}],"event_choices":[{"damage_healed":0.0,"max_hp_gain":0.0,"max_hp_loss":0.0,"gold_gain":0.0,"event_name":"Golden Idol","player_choice":"Take Damage","floor":2.0,"gold_loss":0.0,"damage_taken":25.0,"relics_obtained":["Golden Idol"]},{"damage_healed":0.0,"max_hp_gain":0.0,"max_hp_loss":0.0,"gold_gain":0.0,"event_name":"Shining Light","player_choice":"Entered Light","floor":4.0,"gold_loss":0.0,"damage_taken":20.0,"cards_upgraded":["Absorbed","Defend_Remirira"]},{"damage_healed":0.0,"max_hp_gain":0.0,"max_hp_loss":0.0,"gold_gain":30.0,"event_name":"Dead Adventurer","player_choice":"Searched \u00273\u0027 times","floor":11.0,"gold_loss":0.0,"damage_taken":0.0},{"damage_healed":0.0,"max_hp_gain":0.0,"max_hp_loss":0.0,"gold_gain":0.0,"event_name":"FaceTrader","player_choice":"Trade","floor":30.0,"gold_loss":0.0,"damage_taken":0.0,"relics_obtained":["FaceOfCleric"]},{"damage_healed":0.0,"max_hp_gain":0.0,"max_hp_loss":0.0,"gold_gain":0.0,"event_name":"Mysterious Sphere","player_choice":"Fight","floor":39.0,"gold_loss":0.0,"damage_taken":0.0},{"cards_removed":["BloodySuit"],"damage_healed":0.0,"max_hp_gain":0.0,"max_hp_loss":0.0,"gold_gain":0.0,"event_name":"Purifier","player_choice":"Purged","floor":48.0,"gold_loss":0.0,"damage_taken":0.0}],"is_beta":false,"boss_relics":[{"not_picked":["Runic Pyramid","Cursed Key"],"picked":"Coffee Dripper"},{"not_picked":["Fusion Hammer","Velvet Choker"],"picked":"Busted Crown"}],"items_purged_floors":[5,19,38],"is_endless":false,"potions_floor_spawned":[8,10,12,16,22,23,27,36,37,39,41,47,54],"ascension_level":1}}