{"host":"xkmvu47k9fdstweo","time":1611603350,"event":{"mods":["BaseMod","Colored Map","Conspire","Hubris","Minty Spire (QoL Compilation)","Quick Restart","Railgun Mod","Shop Mod","StSLib","The Alterego","The Animator","The Servant 0.9.4","The Wild Card","TheBandit","WarShipGirlsR/??è≠èóR mod"],"gold_per_floor":[114,128,128,46,46,46,81,6,33,65,80,80,80,102,102,205,205,222,245,145,145,165,165,190,190,190,227,227,102,135,135,135,243,243,272,272,284,294,264,264,20,35,62,79,101,101,101],"floor_reached":46,"language":"ENG","playtime":2235,"items_purged":["animator:Strike","Decay","conspire:Blindness"],"score":638,"play_id":"50f88813-edc8-442e-9a36-bfe16815a805","local_time":"20210125143550","is_ascension_mode":true,"campfire_choices":[{"data":"animator:Shuna","floor":6.0,"key":"SMITH"},{"data":"animator:Albedo","floor":12.0,"key":"SMITH"},{"data":"animator:Laby","floor":15.0,"key":"SMITH"},{"data":"animator:Verdia","floor":23.0,"key":"SMITH"},{"floor":25.0,"key":"REST"},{"data":"animator:RinTohsaka","floor":28.0,"key":"SMITH"},{"floor":32.0,"key":"REST"},{"floor":40,"key":"REST"}],"circlet_count":0,"master_deck":["animator:Strike_TenSura","animator:Defend_TenSura","animator:Defend","animator:Defend","animator:Benimaru","animator:Shuna+1","animator:Emonzaemon+1","animator:Ara","animator:RinTohsaka","animator:Albedo+1","animator:Millim+1","animator:Laby+1","animator:GuildGirl","animator:Saber","animator:Verdia+1","animator:RinTohsaka+1","animator:Rimuru","animator:Hans","animator:DolaCouronne+1","animator:Archer","hubris:Greed","animator:Shuna","Parasite","animator:Mitsuba+1"],"relics":["animator:LivingPicture","animator:TheMissingPiece","animator:PurgingStone","NeowsBlessing","hubris:PeanutButter","Strawberry","hubris:OldNail","Cursed Key","animator:OldCoffin","Potion Belt","hubris:MysteriousPyramids","Empty Cage","Shuriken","Blood Vial"],"acts_visited":["Exordium","TheCity","TheBeyond"],"potions_floor_usage":[38,42,44,44,44,46,46],"damage_taken":[{"damage":0.0,"enemies":"2 Louse","floor":1.0,"turns":1.0},{"damage":0.0,"enemies":"Jaw Worm","floor":2.0,"turns":1.0},{"damage":0.0,"enemies":"Lagavulin","floor":7.0,"turns":1.0},{"damage":0.0,"enemies":"conspire:RoseBush","floor":10.0,"turns":4.0},{"damage":0.0,"enemies":"Large Slime","floor":11.0,"turns":6.0},{"damage":0.0,"enemies":"Red Slaver","floor":14.0,"turns":6.0},{"damage":8.0,"enemies":"Hexaghost","floor":16.0,"turns":9.0},{"damage":0.0,"enemies":"conspire:FuzzyDice","floor":18.0,"turns":6.0},{"damage":0.0,"enemies":"Chosen","floor":19.0,"turns":6.0},{"damage":18.0,"enemies":"conspire:HollyBat","floor":22.0,"turns":7.0},{"damage":7.0,"enemies":"Cultist and Chosen","floor":24.0,"turns":5.0},{"damage":7.0,"enemies":"animator:HornedBat","floor":27.0,"turns":7.0},{"damage":10.0,"enemies":"Gremlin Leader","floor":30.0,"turns":8.0},{"damage":5.0,"enemies":"Champ","floor":33.0,"turns":9.0},{"damage":21.0,"enemies":"3 Darklings","floor":35.0,"turns":7.0},{"damage":11.0,"enemies":"Orb Walker","floor":37.0,"turns":6.0},{"damage":29,"enemies":"Jaw Worm Horde","floor":38,"turns":6},{"damage":10,"enemies":"Spire Growth","floor":42,"turns":7},{"damage":0,"enemies":"Transient","floor":44,"turns":5},{"damage":0,"enemies":"Writhing Mass","floor":45,"turns":8},{"damage":29,"enemies":"Reptomancer","floor":46,"turns":6}],"seed_played":"1570143208415256848","potions_obtained":[{"floor":2.0,"key":"DistilledChaos"},{"floor":14.0,"key":"Explosive Potion"},{"floor":16.0,"key":"FearPotion"},{"floor":18.0,"key":"AttackPotion"},{"floor":22.0,"key":"DuplicationPotion"},{"floor":30.0,"key":"BlessingOfTheForge"},{"floor":35.0,"key":"Dexterity Potion"},{"floor":38,"key":"DuplicationPotion"},{"floor":39,"key":"Energy Potion"},{"floor":39,"key":"LiquidMemories"},{"floor":44,"key":"Weak Potion"}],"is_trial":false,"path_per_floor":["M","M","?","$","?","R","E","$","T","M","M","R","?","M","R","B",null,"M","M","$","?","M","R","M","R","T","E","R","$","E","$","R","B",null,"M","?","M","M","?","R","$","M","T","M","M","E"],"character_chosen":"THE_ANIMATOR","items_purchased":["animator:RinTohsaka","Shuriken"],"campfire_rested":3,"item_purchase_floors":[4,41],"current_hp_per_floor":[66,66,63,63,63,63,70,70,70,70,70,70,70,70,70,62,70,70,70,70,63,45,45,38,59,59,53,53,53,43,43,65,60,71,50,50,39,10,10,32,32,22,22,24,26,0,0],"gold":101,"neow_bonus":"THREE_ENEMY_KILL","is_daily":false,"chose_seed":false,"campfire_upgraded":5,"win_rate":0.0,"timestamp":1611603350,"path_taken":["M","M","?","?","?","R","E","$","T","M","?","R","?","?","R","BOSS","M","M","$","?","M","R","?","R","T","E","R","$","E","$","R","BOSS","M","?","M","M","?","R","$","M","T","?","M","E"],"items_purchased_type":["Card","Relic"],"build_version":"2020-12-22","purchased_purges":3,"victory":false,"max_hp_per_floor":[66,66,66,66,66,66,73,73,73,73,73,73,73,73,73,73,73,73,73,73,73,73,73,73,73,73,74,74,74,74,74,74,74,74,74,74,74,74,74,74,74,74,74,74,74,74,74],"card_choices":[{"not_picked":["animator:Viivi","animator:Raven"],"picked":"animator:Emonzaemon","floor":1.0},{"not_picked":["animator:Kaijin","animator:DolaSchwi"],"picked":"animator:Ara","floor":2.0},{"not_picked":["animator:FielNirvalen","animator:SilverFang"],"picked":"animator:Albedo","floor":7.0},{"not_picked":["animator:Vesta","animator:GazelDwargon"],"picked":"animator:Millim","floor":10.0},{"not_picked":["animator:SilverFang","animator:Bozes"],"picked":"animator:Laby","floor":11.0},{"not_picked":["animator:Shinoa","animator:Archer"],"picked":"animator:GuildGirl","floor":14.0},{"not_picked":["animator:Guren","animator:ChaikaTrabant"],"picked":"animator:Saber","floor":16.0},{"not_picked":["animator:Cocytus","animator:HighElfArcher"],"picked":"animator:Verdia","floor":18.0},{"not_picked":["animator:Shion","animator:Hakurou"],"picked":"animator:Millim","floor":19.0},{"not_picked":["animator:Shion","animator:Melzalgald+1"],"picked":"animator:RinTohsaka","floor":22.0},{"not_picked":["animator:MumenRider","animator:Archer","animator:YaoHaDucy"],"picked":"SKIP","floor":24.0},{"not_picked":["animator:Viivi","animator:Togame"],"picked":"animator:Rimuru","floor":27.0},{"not_picked":["animator:Boros","animator:HomuraAkemi"],"picked":"animator:Hans","floor":33.0},{"not_picked":["animator:Chris","animator:YaoHaDucy","animator:LizardPriest"],"picked":"SKIP","floor":35.0},{"not_picked":["animator:ElricAlphonse","animator:KrulTepes"],"picked":"animator:DolaCouronne+1","floor":37.0},{"not_picked":["animator:LizardPriest","animator:Rider","animator:Genos+1"],"picked":"SKIP","floor":38},{"not_picked":["animator:ShinjiMatou","animator:SakuraMatou"],"picked":"animator:Archer","floor":42},{"not_picked":["animator:ElricAlphonse","animator:WinryRockbell"],"picked":"animator:Shuna","floor":44},{"not_picked":["animator:Tatsumaki","animator:Shuna"],"picked":"animator:Mitsuba+1","floor":45}],"player_experience":368229,"relics_obtained":[{"floor":7.0,"key":"Strawberry"},{"floor":9.0,"key":"hubris:OldNail"},{"floor":26.0,"key":"animator:OldCoffin"},{"floor":27.0,"key":"Potion Belt"},{"floor":30.0,"key":"hubris:MysteriousPyramids"},{"floor":43,"key":"Blood Vial"}],"event_choices":[{"damage_healed":0.0,"max_hp_gain":0.0,"max_hp_loss":0.0,"gold_gain":0.0,"event_name":"Scrap Ooze","player_choice":"Success","floor":3.0,"gold_loss":0.0,"damage_taken":3.0,"relics_obtained":["hubris:PeanutButter"]},{"damage_healed":0.0,"max_hp_gain":0.0,"max_hp_loss":0.0,"gold_gain":0.0,"event_name":"Accursed Blacksmith","player_choice":"Forge","floor":5.0,"gold_loss":0.0,"damage_taken":0.0,"cards_upgraded":["animator:Emonzaemon"]},{"damage_healed":0.0,"max_hp_gain":0.0,"max_hp_loss":0.0,"gold_gain":0.0,"event_name":"Wheel of Change","player_choice":"Cursed","floor":13.0,"gold_loss":0.0,"damage_taken":0.0,"cards_obtained":["Decay"]},{"damage_healed":0.0,"max_hp_gain":0.0,"max_hp_loss":0.0,"gold_gain":0.0,"event_name":"Wheel of Change","player_choice":"Damaged","floor":21.0,"gold_loss":0.0,"damage_taken":7.0},{"cards_removed":["animator:Defend"],"damage_healed":0.0,"max_hp_gain":0.0,"max_hp_loss":0.0,"gold_gain":0.0,"event_name":"Falling","player_choice":"Removed Skill","floor":36.0,"gold_loss":0.0,"damage_taken":0.0},{"damage_healed":0,"gold_gain":0,"player_choice":"Bought 2 Potions","damage_taken":0,"max_hp_gain":0,"max_hp_loss":0,"event_name":"The Woman in Blue","floor":39,"gold_loss":0}],"is_beta":false,"boss_relics":[{"not_picked":["hubris:HollowSoul","conspire:RunicOctahedron"],"picked":"Cursed Key"},{"not_picked":["SacredBark","Velvet Choker"],"picked":"Empty Cage"}],"items_purged_floors":[8,20,29],"is_endless":false,"potions_floor_spawned":[2,14,16,18,22,30,35,38,44],"killed_by":"Reptomancer","ascension_level":5}}