{"host":"3c27c697js19kaoo","time":1611575676,"event":{"mods":["ATMod(°¢èªMod)","Aspiration","BaseMod","CapriCore","Dota2Spire","Hermit","Minty Spire (QoL Compilation)","Quick Restart","Replay The Spire","Spicy Shops","StSLib","The Alterego","The Cursed","The Marked","The Runesmith","The Servant 0.9.4","¡¾¹¦ÄÜMod¡¿»ìãçÖ®»·ÐÞ¸´²¹¶¡","¡¾ÒÅÎï¿¨ÅÆ¡¿REMEMod"],"gold_per_floor":[109,47,222,297,313,340,355,384,384,11,11,42,67,83,83,178,178,192,192,192,204,223,223,223],"floor_reached":23,"language":"ZHS","playtime":676,"items_purged":["Pride"],"score":367,"play_id":"b094c7c6-9725-4d3e-a08f-119f24337de6","local_time":"20210125195436","is_ascension_mode":true,"campfire_choices":[{"floor":11,"key":"REST"},{"data":"Blasphemy","floor":15,"key":"SMITH"}],"circlet_count":0,"master_deck":["Strike_P","Strike_P","Strike_P","Strike_P","Defend_P","Defend_P","Defend_P","Defend_P","Eruption","Vigilance","AT_KingSlayer","Scrawl","Doubt","Crescendo","Blasphemy+1","Scrawl"],"relics":["PureWater","REME_ComplimentaryCards","AT_ATBox","NeowsBlessing","AT_BladeRuinedKing","Onion Ring","Bottled Lightning","Mummified Hand","Regal Pillow","aspiration:Nostalgia","Uniform","aspiration:SeaSaltIceCream","Nloth\u0027s Gift","Odd Mushroom","Philosopher\u0027s Stone","aspiration:Stabinomicon"],"acts_visited":["Exordium","TheCity"],"potions_floor_usage":[7,8,21,21],"damage_taken":[{"damage":0,"enemies":"Jaw Worm","floor":1,"turns":1},{"damage":14,"enemies":"2 Louse","floor":5,"turns":2},{"damage":0,"enemies":"Lagavulin","floor":6,"turns":2},{"damage":24,"enemies":"Small Slimes","floor":7,"turns":3},{"damage":6,"enemies":"3 Sentries","floor":8,"turns":8},{"damage":0,"enemies":"Gremlin Nob","floor":12,"turns":1},{"damage":23,"enemies":"The Mushroom Lair","floor":13,"turns":3},{"damage":0,"enemies":"Looter","floor":14,"turns":1},{"damage":0,"enemies":"Fading Forest","floor":16,"turns":1},{"damage":0,"enemies":"Spheric Guardian","floor":18,"turns":1},{"damage":16,"enemies":"3 Byrds","floor":21,"turns":5},{"damage":0,"enemies":"Shelled Parasite and Fungi","floor":22,"turns":1},{"damage":43,"enemies":"Slavers","floor":23,"turns":2}],"seed_played":"2410575847366772286","potions_obtained":[{"floor":6,"key":"PowerPotion"},{"floor":7,"key":"GamblersBrew"},{"floor":8,"key":"Elixir"},{"floor":16,"key":"GamblersBrew"},{"floor":22,"key":"Ancient Potion"}],"is_trial":false,"path_per_floor":["M","$","?","?","M","E","M","E","T","$","R","E","?","M","R","B",null,"M","?","?","M","M","E"],"character_chosen":"WATCHER","items_purchased":["AT_BladeRuinedKing","Regal Pillow","aspiration:Nostalgia"],"campfire_rested":1,"item_purchase_floors":[2,10,10],"current_hp_per_floor":[72,72,72,61,47,47,23,17,17,17,53,53,30,30,30,30,72,72,72,56,40,40,0,0],"gold":223,"neow_bonus":"THREE_ENEMY_KILL","is_daily":false,"chose_seed":false,"campfire_upgraded":1,"win_rate":0.0,"timestamp":1611575676,"path_taken":["M","$","?","?","M","E","M","E","T","$","R","E","?","M","R","BOSS","M","?","?","M","M","E"],"items_purchased_type":["Relic","Relic","Relic"],"build_version":"2020-12-22","purchased_purges":1,"victory":false,"max_hp_per_floor":[72,72,72,72,72,72,72,72,72,72,72,72,72,72,72,72,72,72,72,72,72,72,72,72],"card_choices":[{"not_picked":["Replay:Vibes","Replay:ManipulateFuture","Consecrate"],"picked":"SKIP","floor":1},{"not_picked":["AT_ChampionStep","Halt"],"picked":"Crescendo","floor":5},{"not_picked":["SandsOfTime","Replay:DivineShield","JustLucky"],"picked":"SKIP","floor":6},{"not_picked":["SignatureMove","AT_SoftenMuscles","FlyingSleeves"],"picked":"SKIP","floor":7},{"not_picked":["InnerPeace","EmptyFist","DevaForm"],"picked":"SKIP","floor":8},{"not_picked":["SashWhip","ForeignInfluence","FollowUp"],"picked":"SKIP","floor":12},{"not_picked":["Replay:BluntJabs","Vengeance"],"picked":"Blasphemy","floor":13},{"not_picked":["AT_DivineConfetti","PathToVictory","Perseverance"],"picked":"SKIP","floor":14},{"not_picked":["AT_MachinaRedman","Ragnarok"],"picked":"Scrawl","floor":16},{"not_picked":["Replay:DivineShield+1","TalkToTheHand","SashWhip"],"picked":"SKIP","floor":18},{"not_picked":["EmptyBody","Protect","EmptyFist"],"picked":"SKIP","floor":21},{"not_picked":["EmptyFist","Halt","Sanctity"],"picked":"SKIP","floor":22}],"player_experience":219329,"relics_obtained":[{"floor":6,"key":"Onion Ring"},{"floor":8,"key":"Bottled Lightning"},{"floor":9,"key":"Mummified Hand"},{"floor":12,"key":"aspiration:SeaSaltIceCream"},{"floor":13,"key":"Odd Mushroom"},{"floor":20,"key":"aspiration:Stabinomicon"}],"event_choices":[{"damage_healed":0,"gold_gain":175,"player_choice":"AGREE","damage_taken":0,"max_hp_gain":0,"max_hp_loss":0,"event_name":"Liars Game","floor":3,"gold_loss":0,"cards_obtained":["Doubt"]},{"damage_healed":0,"gold_gain":75,"player_choice":"Gather Gold","damage_taken":11,"max_hp_gain":0,"max_hp_loss":0,"event_name":"World of Goop","floor":4,"gold_loss":0},{"damage_healed":0,"gold_gain":0,"player_choice":"Fought Mushrooms","damage_taken":0,"max_hp_gain":0,"max_hp_loss":0,"event_name":"Mushrooms","floor":13,"gold_loss":0},{"damage_healed":0,"gold_gain":0,"player_choice":"Obtained Book","damage_taken":16,"max_hp_gain":0,"max_hp_loss":0,"event_name":"Cursed Tome","floor":20,"gold_loss":0}],"is_beta":false,"boss_relics":[{"not_picked":["SacredBark","REME_DuelDisc"],"picked":"Philosopher\u0027s Stone"}],"items_purged_floors":[10],"is_endless":false,"potions_floor_spawned":[6,7,8,16,22],"killed_by":"Slavers","ascension_level":2}}