{"host":"4izqype2b9ama7cy","time":1611533180,"event":{"mods":["AchievementEnabler","BaseMod","Better Altar","Better Match","Better Note","Better Sensory Stone","Better Skull","Better Third Choice","Better Vampires","Block Reminder","Challenge The Spire","Conspire","Gremlin Skip","Highlight Path","Infinite Spire","Marked Mod","Minty Spire (QoL Compilation)","Replay The Spire","Spicy Shops","StSLib","Wandering Minibosses","everything is the same but u backflip on backflip"],"gold_per_floor":[114,128,144,179,179,179,179,209,234,234,87,87,87,47,47,145,195,195,120,120,120,130,130,146,146,146,146,178,178,178,189,189,189,189,209,226,242,242,242],"floor_reached":38,"language":"ENG","playtime":2249,"items_purged":[],"score":390,"play_id":"89bfc224-a38f-430c-9721-453adaf07e2e","local_time":"20210124160620","is_ascension_mode":false,"campfire_choices":[{"data":"EmptyBody","floor":6,"key":"SMITH"},{"floor":12,"key":"REST"},{"data":"Prostrate","floor":15,"key":"SMITH"},{"floor":23,"key":"REST"},{"floor":25,"key":"REST"},{"floor":32,"key":"REST"}],"circlet_count":0,"master_deck":["Strike_P","Strike_P","Strike_P","Strike_P","Defend_P","Defend_P","Defend_P","Defend_P","Eruption","Vigilance+1","FlurryOfBlows","EmptyBody+1","Tantrum","Prostrate+1","Demon Form+1","Swivel","DeusExMachina","EmptyFist","Worship+1","EmptyBody","SashWhip","FollowUp","Indignation","DevaForm","Halt","SashWhip+1","SignatureMove+1"],"relics":["PureWater","NeowsBlessing","ReplayTheSpireMod:CursedCoin","Strawberry","Ancient Tea Set","Simple Rune","Ginger","Blood Vial","Tiny House","infinitespire:WardingShard","Kunai","ReplayTheSpireMod:Shallot"],"acts_visited":["Exordium","TheCity","TheBeyond"],"potions_floor_usage":[18,18,18,18,18,33,33,33],"damage_taken":[{"damage":0,"enemies":"Jaw Worm","floor":1,"turns":1},{"damage":0,"enemies":"Small Slimes","floor":2,"turns":1},{"damage":0,"enemies":"2 Louse","floor":3,"turns":1},{"damage":1,"enemies":"3 Sentries","floor":8,"turns":4},{"damage":7,"enemies":"The Guardian","floor":16,"turns":7},{"damage":8,"enemies":"3 Byrds","floor":18,"turns":3},{"damage":31,"enemies":"2 Thieves","floor":22,"turns":4},{"damage":25,"enemies":"Centurion and Healer","floor":24,"turns":6},{"damage":26,"enemies":"conspire:SneckoGhost","floor":28,"turns":5},{"damage":15,"enemies":"Snake Plant","floor":31,"turns":3},{"damage":73,"enemies":"Automaton","floor":33,"turns":14},{"damage":2,"enemies":"Orb Walker","floor":35,"turns":3},{"damage":12,"enemies":"3 Shapes","floor":36,"turns":4},{"damage":15,"enemies":"Spire Growth","floor":37,"turns":4},{"damage":68,"enemies":"4 Shapes","floor":38,"turns":7}],"seed_played":"2703725871200512346","potions_obtained":[{"floor":1,"key":"SpeedPotion"},{"floor":2,"key":"BlessingOfTheForge"},{"floor":17,"key":"EntropicBrew"},{"floor":21,"key":"Explosive Potion"},{"floor":21,"key":"Reflective Coating"},{"floor":21,"key":"DistilledChaos"},{"floor":24,"key":"DistilledChaos"}],"is_trial":false,"path_per_floor":["M","M","M","$","?","R","?","E","T","?","$","R","?","$","R","B",null,"M","?","?","?","M","R","M","R","T","?","E","?","?","M","R","B",null,"M","M","M","M"],"character_chosen":"WATCHER","items_purchased":["ReplayTheSpireMod:CursedCoin","Weave","Tantrum","Blood Vial","Swivel"],"campfire_rested":4,"item_purchase_floors":[4,4,4,11,14],"current_hp_per_floor":[72,72,72,72,65,65,65,71,71,45,45,68,68,68,68,63,84,76,76,76,76,47,72,49,74,74,74,50,55,84,69,84,11,84,82,72,59,0,0],"gold":242,"neow_bonus":"THREE_ENEMY_KILL","is_daily":false,"chose_seed":false,"campfire_upgraded":2,"win_rate":0.0,"timestamp":1611533180,"path_taken":["M","M","M","$","?","R","?","E","T","?","?","R","?","$","R","BOSS","M","?","?","?","M","R","M","R","T","?","E","?","?","M","R","BOSS","M","M","M","M"],"items_purchased_type":["Relic","Card","Card","Relic","Card"],"build_version":"2020-12-22","purchased_purges":0,"victory":false,"max_hp_per_floor":[72,72,72,72,72,72,72,79,79,79,79,79,79,79,79,79,84,84,84,84,84,84,84,84,84,84,84,84,84,84,84,84,84,84,84,84,84,84,84],"card_choices":[{"not_picked":["ThirdEye","Replay:BluntJabs"],"picked":"FlurryOfBlows","floor":1},{"not_picked":["EmptyMind","ClearTheMind"],"picked":"EmptyBody","floor":2},{"not_picked":["Replay:LoomingThreat","BowlingBash"],"picked":"PathToVictory","floor":3},{"not_picked":["Conclude","ReachHeaven"],"picked":"Prostrate","floor":8},{"not_picked":["Alpha","Wish"],"picked":"DeusExMachina","floor":16},{"not_picked":["Wireheading","CrushJoints"],"picked":"EmptyFist","floor":17},{"not_picked":["MentalFortress+1","EmptyMind+1"],"picked":"Worship+1","floor":19},{"not_picked":["Crescendo","Vengeance"],"picked":"EmptyBody","floor":22},{"not_picked":["Wireheading","Tantrum"],"picked":"SashWhip","floor":24},{"not_picked":["MarkedMod:NorthStar","Replay:Anticipation"],"picked":"FollowUp","floor":28},{"not_picked":["WaveOfTheHand","Replay:BluntJabs+1"],"picked":"Indignation","floor":31},{"not_picked":["Scrawl","MarkedMod:ChiBlock"],"picked":"DevaForm","floor":33},{"not_picked":["MarkedMod:Acupuncture+1","BattleHymn+1"],"picked":"Halt","floor":35},{"not_picked":["Indignation","EmptyBody+1"],"picked":"SashWhip+1","floor":36},{"not_picked":["MarkedMod:Acupuncture","Replay:ManipulateFuture+1"],"picked":"SignatureMove+1","floor":37}],"player_experience":303381,"relics_obtained":[{"floor":8,"key":"Strawberry"},{"floor":9,"key":"Ancient Tea Set"},{"floor":26,"key":"Kunai"},{"floor":28,"key":"ReplayTheSpireMod:Shallot"}],"event_choices":[{"cards_removed":["PathToVictory"],"damage_healed":0,"gold_gain":0,"player_choice":"Card Removal","damage_taken":7,"max_hp_gain":0,"max_hp_loss":0,"event_name":"Golden Wing","floor":5,"gold_loss":0},{"damage_healed":0,"gold_gain":1,"player_choice":"Relic Card Relic ","damage_taken":26,"max_hp_gain":0,"max_hp_loss":0,"event_name":"betterThird:BetterScrap","floor":10,"gold_loss":0,"cards_obtained":["Demon Form","ReplayTheSpireMod:Fabricate Wheel"]},{"damage_healed":0,"gold_gain":0,"player_choice":"Leave","damage_taken":0,"max_hp_gain":0,"max_hp_loss":0,"event_name":"conspire:Investor","floor":13,"gold_loss":0},{"damage_healed":0,"gold_gain":0,"player_choice":"2","damage_taken":0,"max_hp_gain":0,"max_hp_loss":0,"event_name":"betterMatch:BetterMatch","floor":19,"gold_loss":0,"cards_obtained":["betterMatch:UncommonCard"]},{"damage_healed":0,"gold_gain":0,"player_choice":"Gave Potion","damage_taken":0,"relics_obtained":["infinitespire:WardingShard"],"max_hp_gain":0,"max_hp_loss":0,"event_name":"WeMeetAgain","floor":20,"gold_loss":0},{"damage_healed":0,"gold_gain":0,"player_choice":"Got Potions","damage_taken":0,"max_hp_gain":0,"max_hp_loss":0,"event_name":"Lab","floor":21,"gold_loss":0},{"damage_healed":0,"gold_gain":0,"player_choice":"Simplicity","damage_taken":0,"max_hp_gain":0,"max_hp_loss":8,"event_name":"betterThird:BetterWriting","floor":27,"gold_loss":0},{"damage_healed":5,"gold_gain":0,"player_choice":"LEAVE ","damage_taken":0,"relics_obtained":[],"max_hp_gain":0,"max_hp_loss":0,"event_name":"betterSkull:BetterSkull","floor":29,"gold_loss":0,"cards_upgraded":[]},{"cards_removed":["Weave"],"damage_healed":29,"gold_gain":0,"player_choice":"Offered Uncommon","damage_taken":0,"max_hp_gain":0,"max_hp_loss":0,"event_name":"Bonfire Elementals","floor":30,"gold_loss":0}],"is_beta":false,"boss_relics":[{"not_picked":["Pandora\u0027s Box","Replay:Wanted Poster"],"picked":"Tiny House"},{"not_picked":["ReplayTheSpireMod:DimensionalGlitch","Replay:Ancient Bell","Kintsugi"]}],"items_purged_floors":[],"is_endless":false,"potions_floor_spawned":[1,2,24,31],"killed_by":"4 Shapes","ascension_level":0}}