{"host":"df48i9djcn92c5sx","time":1611584202,"event":{"mods":["Act Like it!","Arknights The Spire","BaseMod","Decade(王小明)","Downfall","Gensokyo","Marisa（F雨　魔理沙）","Minty Spire (QoL Compilation)","READ ME - Guardian Mod","READ ME - Snecko Mod","Reimu（博丽灵梦）","Remilia（蕾米莉亚）","Shop Mod","StSLib","The Jungle","The Servant 0.9.4"],"gold_per_floor":[113,128,128,140,140,140,48,14,14,14,89,89,100,125,125,125,125],"floor_reached":16,"language":"ZHS","playtime":342,"items_purged":[],"score":105,"play_id":"77deb2bc-4185-4654-a6a5-e416470c1a9e","local_time":"20210125221642","is_ascension_mode":true,"campfire_choices":[{"floor":6.0,"key":"REST"},{"data":"ats:Very Hot Blade","floor":10.0,"key":"SMITH"},{"data":"ats:Flame Of Heaven","floor":12,"key":"SMITH"},{"data":"ats:Directed Diagnosis","floor":15,"key":"SMITH"}],"circlet_count":0,"master_deck":["ats:Strike C","ats:Strike G","ats:Strike S","ats:Strike V","ats:Armor Crushing Shot","ats:Defend","ats:Defend","ats:Defend","ats:Defend","ats:Emotion Absorption+1","ats:Sashimi Platter+1","ats:Apocalypse+1","ats:Flame Of Heaven+1","ats:Explosion Area Strengthen","ats:Very Hot Blade+1","ats:Curse Doll","ats:Directed Diagnosis+1"],"relics":["ats:Sanity","NeowsBlessing","Ornamental Fan","ats:Originium","Pocketwatch"],"acts_visited":["Exordium"],"potions_floor_usage":[14,14],"damage_taken":[{"damage":0.0,"enemies":"Cultist","floor":1.0,"turns":1.0},{"damage":0.0,"enemies":"Small Slimes","floor":2.0,"turns":1.0},{"damage":0.0,"enemies":"2 Louse","floor":4.0,"turns":2.0},{"damage":39.0,"enemies":"Exordium Thugs","floor":8.0,"turns":5.0},{"damage":36,"enemies":"Large Slime","floor":13,"turns":7},{"damage":2,"enemies":"Gremlin Nob","floor":14,"turns":2},{"damage":0,"enemies":"Slime Boss","floor":16,"turns":3}],"seed_played":"302736111408974529","potions_obtained":[{"floor":2.0,"key":"champ:CounterPotion"},{"floor":8.0,"key":"Strength Potion"}],"is_trial":false,"path_per_floor":["M","M","?","M","?","R","$","M","T","R","?","R","M","E","R","B"],"character_chosen":"DOCTOR_CLASS","items_purchased":["ats:Flame Of Heaven","ats:Explosion Area Strengthen"],"campfire_rested":1,"item_purchase_floors":[7,7],"current_hp_per_floor":[72,72,72,72,58,72,72,65,65,65,58,58,70,70,70,72,72],"gold":125,"neow_bonus":"THREE_ENEMY_KILL","is_daily":false,"chose_seed":false,"campfire_upgraded":3,"win_rate":0.0,"timestamp":1611584202,"path_taken":["M","?","?","?","?","R","$","M","T","R","?","R","M","E","R","BOSS"],"items_purchased_type":["Card","Card"],"build_version":"2020-12-22","purchased_purges":0,"victory":false,"max_hp_per_floor":[72,72,72,72,72,72,72,72,72,72,72,72,72,72,72,72,72],"card_choices":[{"not_picked":["ats:Very Hot Blade","ats:Beaten Up"],"picked":"ats:Sashimi Platter","floor":1.0},{"not_picked":["ats:Cat Scratch","ats:Guard Mode"],"picked":"ats:Apocalypse","floor":2.0},{"not_picked":["ats:Flexible Camouflage","ats:Leaping Hammer","ats:Hammer On"],"picked":"SKIP","floor":4.0},{"not_picked":["ats:Phantom","ats:Cat Scratch"],"picked":"ats:Very Hot Blade","floor":8.0},{"not_picked":["ats:Powerful Strike","ats:Cat Scratch"],"picked":"ats:Curse Doll","floor":13},{"not_picked":["ats:Explosion Area Strengthen","ats:Guard Mode"],"picked":"ats:Directed Diagnosis","floor":14}],"player_experience":1487440,"relics_obtained":[{"floor":9.0,"key":"Ornamental Fan"},{"floor":14,"key":"ats:Originium"},{"floor":14,"key":"Pocketwatch"}],"event_choices":[{"damage_healed":0.0,"max_hp_gain":0.0,"max_hp_loss":0.0,"gold_gain":0.0,"event_name":"Accursed Blacksmith","player_choice":"Forge","floor":3.0,"gold_loss":0.0,"damage_taken":0.0,"cards_upgraded":["ats:Sashimi Platter"]},{"damage_healed":0.0,"max_hp_gain":0.0,"max_hp_loss":0.0,"gold_gain":0.0,"event_name":"Shining Light","player_choice":"Entered Light","floor":5.0,"gold_loss":0.0,"damage_taken":14.0,"cards_upgraded":["ats:Apocalypse","ats:Emotion Absorption"]},{"damage_healed":0,"gold_gain":75,"player_choice":"Touch","damage_taken":7,"max_hp_gain":0,"max_hp_loss":0,"event_name":"FaceTrader","floor":11,"gold_loss":0}],"is_beta":false,"boss_relics":[],"items_purged_floors":[],"is_endless":false,"potions_floor_spawned":[2,8],"killed_by":"Slime Boss","ascension_level":1}}