{"host":"yq2wmfr0u0wuvxc0","time":1611555633,"event":{"mods":["Act Like it!","Aspiration","BaseMod","Curses Come First","Downfall","Friendly Minions","Gensokyo","Hero for Fun","Hubris","Infinite Spire","Marisa????????","Minty Spire (QoL Compilation)","Remilia??????","Shop Mod","StSLib","The Servant 0.9.4"],"gold_per_floor":[111,128,53,53,53,53,134,134,208,208,208,208,246,267,267,397,397,420,420,320,343,418,439,473,496,496,529,552,572,572,572,572,691,691,712,732,732,856,981,1019,1019,568,568,568,609,609,653,679,691,852,864,893,907,934,958,970,1004,1016,1028,1065,1077,1089,1101,1113,1142,1154,1285,1297,1312,1324,1129,1133,1048,1048,1054,1054,1054,1057,1085,1117,1122,1124,1124,1216,1216,1229,1230,1230],"floor_reached":87,"language":"ZHS","playtime":3926,"items_purged":["Injury","Defend_G","Strike_G","Strike_G","Strike_G","Defend_G"],"score":2842,"play_id":"a6e368dc-9f76-4db9-b04f-2bb486f8db37","local_time":"20210124222033","is_ascension_mode":true,"campfire_choices":[{"data":"Bullet Time","floor":6,"key":"SMITH"},{"data":"Neutralize","floor":8,"key":"SMITH"},{"data":"Venomology","floor":10,"key":"SMITH"},{"data":"Terror","floor":15,"key":"SMITH"},{"data":"Echo Form","floor":30,"key":"SMITH"},{"data":"Adrenaline","floor":32,"key":"SMITH"},{"data":"infinitespire:Menacing","floor":41,"key":"SMITH"},{"data":"Acrobatics","floor":44,"key":"SMITH"},{"data":"Backflip","floor":49,"key":"SMITH"},{"data":"Capacitor","floor":59,"key":"SMITH"},{"floor":61,"key":"RECALL"},{"data":"Survivor","floor":64,"key":"SMITH"},{"data":"infinitespire:Starlight","floor":66,"key":"SMITH"},{"data":"White Noise","floor":74,"key":"SMITH"},{"data":"infinitespire:Menacing","floor":83,"key":"SMITH"}],"circlet_count":0,"master_deck":["AscendersBane","Gensokyo:GreaterSplit+1","Defend_G+1","Survivor+1","Neutralize+1","Bullet Time+1","PiercingWail","Setup","infinitespire:Starlight+1","CurseOfTheBell","CurseOfTheBell","hubris:Despair","Venomology+1","Injury","Acrobatics+1","Adrenaline+1","Sucker Punch+1","Backflip+1","Predator+1","infinitespire:Menacing+1","White Noise+1","Dash+1","Hyperbeam+1","infinitespire:Punishment+1","Acrobatics+1","Panache","Dash+1","Capacitor+1","Turbo","infinitespire:Menacing+1","Envy_TH","hubris:DuctTapeCard","Melter+1","Seek"],"relics":["Ring of the Snake","downfall:ExtraCursedBell","Potion Belt","Tough Bandages","AntiCross","Molten Egg 2","Sundial","Golden Idol","White Beast Statue","aspiration:DefectSkillbook","Calipers","Paper Crane","Coffee Dripper","hubris:Icosahedron","aspiration:StickyExplosives_weak","Lee\u0027s Waffle","hubris:MedicalManual","infinitespire:Midas Blood","aspiration:RunicSpoon","Anchor","Gensokyo:Justice","infinitespire:Beetle Shell","hubris:Towel","OrangePellets","aspiration:RitualDagger","MerchantsRug","Medical Kit","Frozen Egg 2","Singing Bowl","hubris:DuctTape","Red Mask","aspiration:RitualStick","bronze:MakeshiftBattery"],"acts_visited":["Exordium","TheCity","TheBeyond","Gensokyo:Gensokyo","TheCity","TheBeyond"],"potions_floor_usage":[18,21,23,24,24,24,27,27,29,33,33,36,38,39,39,39,45,47,48,50,57,69,75,78,79,84,84,86],"damage_taken":[{"damage":0,"enemies":"Small Slimes","floor":1,"turns":3},{"damage":0,"enemies":"Jaw Worm","floor":2,"turns":1},{"damage":2,"enemies":"3 Sentries","floor":13,"turns":2},{"damage":0,"enemies":"2 Louse","floor":14,"turns":1},{"damage":12,"enemies":"Slime Boss","floor":16,"turns":7},{"damage":0,"enemies":"Chosen","floor":18,"turns":2},{"damage":0,"enemies":"3 Byrds","floor":21,"turns":3},{"damage":2,"enemies":"Centurion and Healer","floor":23,"turns":2},{"damage":8,"enemies":"Nightmare","floor":24,"turns":6},{"damage":7,"enemies":"Snake Plant","floor":25,"turns":3},{"damage":4,"enemies":"Gremlin Leader","floor":27,"turns":6},{"damage":2,"enemies":"Cultist and Chosen","floor":28,"turns":4},{"damage":2,"enemies":"Shelled Parasite and Fungi","floor":29,"turns":3},{"damage":0,"enemies":"Collector","floor":33,"turns":4},{"damage":1,"enemies":"Orb Walker","floor":35,"turns":3},{"damage":0,"enemies":"3 Darklings","floor":36,"turns":2},{"damage":17,"enemies":"Maw","floor":38,"turns":5},{"damage":2,"enemies":"infinitespire:Three Voidlings","floor":39,"turns":2},{"damage":21,"enemies":"Nightmare_Alpha","floor":39,"turns":9},{"damage":2,"enemies":"Reptomancer","floor":40,"turns":2},{"damage":26,"enemies":"Nemesis","floor":45,"turns":5},{"damage":0,"enemies":"Reptomancer","floor":47,"turns":3},{"damage":0,"enemies":"Transient","floor":48,"turns":5},{"damage":17,"enemies":"hubris:GrandSnecko","floor":50,"turns":6},{"damage":0,"enemies":"Gensokyo:2_Kodama","floor":52,"turns":1},{"damage":1,"enemies":"Gensokyo:Gryphon","floor":54,"turns":1},{"damage":0,"enemies":"Gensokyo:3_Fairies","floor":55,"turns":3},{"damage":7,"enemies":"Gensokyo:Aya","floor":57,"turns":3},{"damage":0,"enemies":"Gensokyo:Gryphon_and_Rabbit","floor":65,"turns":1},{"damage":0,"enemies":"Gensokyo:Kokoro","floor":67,"turns":1},{"damage":6,"enemies":"3 Byrds","floor":69,"turns":2},{"damage":9,"enemies":"Shell Parasite","floor":72,"turns":3},{"damage":12,"enemies":"Snecko","floor":75,"turns":4},{"damage":9,"enemies":"Cultist and Chosen","floor":78,"turns":3},{"damage":6,"enemies":"Slavers","floor":79,"turns":2},{"damage":6,"enemies":"Masked Bandits","floor":80,"turns":2},{"damage":6,"enemies":"Centurion and Healer","floor":81,"turns":2},{"damage":13,"enemies":"Champ","floor":84,"turns":5},{"damage":6,"enemies":"3 Darklings","floor":86,"turns":2},{"damage":3,"enemies":"3 Shapes","floor":87,"turns":1}],"seed_played":"727452939040893060","potions_obtained":[{"floor":1,"key":"DistilledChaos"},{"floor":14,"key":"PowerPotion"},{"floor":16,"key":"GamblersBrew"},{"floor":18,"key":"GhostInAJar"},{"floor":21,"key":"Explosive Potion"},{"floor":23,"key":"Swift Potion"},{"floor":24,"key":"SkillPotion"},{"floor":27,"key":"GamblersBrew"},{"floor":29,"key":"ColorlessPotion"},{"floor":31,"key":"Slimebound:ThreeZeroPotion"},{"floor":31,"key":"PowerPotion"},{"floor":33,"key":"FearPotion"},{"floor":36,"key":"Fire Potion"},{"floor":39,"key":"ColorlessPotion"},{"floor":40,"key":"CunningPotion"},{"floor":45,"key":"Fire Potion"},{"floor":47,"key":"Strength Potion"},{"floor":50,"key":"Weak Potion"},{"floor":52,"key":"SkillPotion"},{"floor":84,"key":"Fire Potion"}],"is_trial":false,"path_per_floor":["M","M","$","?","?","R","T","R","T","R","?","?","E","M","R","B",null,"M","?","$","M","?","M","NM","M","T","E","M","M","R","AVR","R","B",null,"M","M","?","M","?","E","R","$","T","R","E","?","E","M","R","B",null,"M","?","M","M","?","E","?","R","T","R","?","AVR","R","M","R","B",null,"M","?","$","M","?","R","M","?","T","M","E","?","M","?","R","B",null,"M","M"],"character_chosen":"THE_SILENT","items_purchased":["Lee\u0027s Waffle","Panache","MerchantsRug","Medical Kit"],"campfire_rested":0,"item_purchase_floors":[42,42,71,71],"current_hp_per_floor":[63,63,63,45,45,45,45,45,45,45,45,31,39,39,39,37,62,70,70,70,70,63,61,62,63,63,66,68,66,66,66,66,70,70,69,69,69,53,43,51,51,77,77,77,51,51,51,61,61,54,71,71,56,55,55,55,58,58,58,58,58,58,58,58,58,58,58,72,77,77,77,71,71,71,68,68,68,73,69,65,59,42,42,59,77,85,82,82],"gold":1230,"neow_bonus":"THREE_RARE_CARDS","is_daily":false,"chose_seed":false,"campfire_upgraded":14,"win_rate":0.0,"timestamp":1611555633,"path_taken":["M","M","$","?","?","R","?","R","T","R","?","?","E","M","R","BOSS","M","?","$","?","?","M","NM","M","T","E","M","M","R","AVR","R","BOSS","M","M","?","M","?","E","R","$","T","R","E","?","E","M","R","BOSS","M","?","M","?","?","E","?","R","T","R","?","AVR","R","M","R","BOSS","M","?","$","?","?","R","M","?","T","M","E","?","M","?","R","BOSS","M","M"],"items_purchased_type":["Relic","Card","Relic","Relic"],"build_version":"2020-12-22","purchased_purges":6,"victory":false,"max_hp_per_floor":[70,70,70,70,70,70,70,70,70,70,70,70,70,70,70,70,70,70,70,70,70,70,70,70,70,70,70,70,70,70,70,70,70,70,70,70,70,70,70,70,70,77,77,77,77,77,77,77,77,77,77,77,77,77,77,77,77,77,77,77,77,77,77,77,77,77,77,77,77,77,77,77,77,77,77,77,77,79,81,83,83,83,83,83,83,85,85,85],"card_choices":[{"not_picked":["Unload","Envenom"],"picked":"Bullet Time","floor":0},{"not_picked":["All Out Attack","Cloak And Dagger"],"picked":"PiercingWail","floor":1},{"not_picked":["Caltrops","Outmaneuver"],"picked":"Setup","floor":2},{"not_picked":["infinitespire:TheBestDefense","infinitespire:Menacing"],"picked":"infinitespire:Starlight","floor":4},{"not_picked":["Bouncing Flask","Dagger Throw+1"],"picked":"Acrobatics","floor":13},{"not_picked":["Poisoned Stab+1","All Out Attack+1"],"picked":"Terror","floor":14},{"not_picked":["Grand Finale+1","Envenom"],"picked":"Adrenaline","floor":16},{"not_picked":["Go for the Eyes+1","hubris:SlightOfHand+1","Blade Dance","Rebound+1"],"picked":"SKIP","floor":18},{"not_picked":["Compile Driver+1","Recycle","Slice+1"],"picked":"Sucker Punch+1","floor":21},{"not_picked":["Terror","Tactician","Streamline+1"],"picked":"Backflip","floor":23},{"not_picked":["Flechettes+1","Force Field","Flying Knee+1"],"picked":"Predator+1","floor":24},{"not_picked":["infinitespire:UltimateForm","infinitespire:NeuralNetwork"],"picked":"infinitespire:Menacing","floor":24},{"not_picked":["Coolheaded","Acrobatics","FTL+1"],"picked":"White Noise","floor":25},{"not_picked":["Undo","Beam Cell+1","hubris:Counter+1"],"picked":"Echo Form","floor":27},{"not_picked":["Prepared","Underhanded Strike+1","Blur"],"picked":"Dash+1","floor":28},{"not_picked":["Auto Shields","Distraction","Steam Power","hubris:Counter+1"],"picked":"SKIP","floor":29},{"not_picked":["Envenom","Biased Cognition","Glass Knife+1"],"picked":"Hyperbeam+1","floor":33},{"not_picked":["Underhanded Strike+1","Barrage+1","Chaos","Chill"],"picked":"SKIP","floor":35},{"not_picked":["Cloak And Dagger","Flechettes+1","Hello World+1","Force Field+1"],"picked":"SKIP","floor":36},{"not_picked":["Static Discharge","Choke+1","Distraction+1","hubris:Sniper+1"],"picked":"SKIP","floor":38},{"not_picked":["infinitespire:FutureSight","infinitespire:NeuralNetwork"],"picked":"infinitespire:Punishment","floor":39},{"not_picked":["Auto Shields","Cloak And Dagger+1","Finisher+1"],"picked":"Acrobatics+1","floor":39},{"not_picked":["Streamline+1","Compile Driver+1","Prepared","Redo+1"],"picked":"SKIP","floor":40},{"not_picked":["Acrobatics","Heatsinks","Glass Knife+1","Cold Snap+1"],"picked":"SKIP","floor":45},{"not_picked":["Undo+1","hubris:Counter+1","Prepared+1","Doom and Gloom+1"],"picked":"SKIP","floor":47},{"not_picked":["Beam Cell+1","Deflect","Flying Knee+1","Tempest"],"picked":"SKIP","floor":48},{"not_picked":["Burst","Hyperbeam+1","Malaise"],"picked":"Creative AI","floor":50},{"not_picked":["Leap","Bouncing Flask","Acrobatics"],"picked":"Capacitor","floor":52},{"not_picked":["Poisoned Stab+1","Turbo","Distraction","Sweeping Beam+1"],"picked":"SKIP","floor":54},{"not_picked":["Well Laid Plans","Backflip","Endless Agony+1"],"picked":"Turbo","floor":55},{"not_picked":["Ball Lightning+1","PiercingWail","Deadly Poison","Finisher+1"],"picked":"SKIP","floor":57},{"not_picked":["Caltrops","Dodge and Roll","Turbo","Acrobatics"],"picked":"SKIP","floor":65},{"not_picked":["Reprogram","Dodge and Roll+1","Redo","Capacitor"],"picked":"SKIP","floor":69},{"not_picked":["hubris:InfiniteBlow","infinitespire:SevenWalls"],"picked":"infinitespire:Menacing","floor":69},{"not_picked":["Reprogram","Dodge and Roll+1","Redo","Capacitor"],"picked":"SKIP","floor":69},{"not_picked":["Prepared","Catalyst","Bouncing Flask+1","Outmaneuver"],"picked":"SKIP","floor":72},{"not_picked":["Stack","Doom and Gloom+1","Thunder Strike+1","PiercingWail"],"picked":"SKIP","floor":75},{"not_picked":["Calculated Gamble","Outmaneuver","Deflect","Slice+1"],"picked":"Singing Bowl","floor":78},{"not_picked":["Coolheaded","Endless Agony+1","Go for the Eyes+1","Steam"],"picked":"Singing Bowl","floor":79},{"not_picked":["Static Discharge+1","Blade Dance","Flying Knee+1","Compile Driver+1"],"picked":"Singing Bowl","floor":80},{"not_picked":["Dagger Throw+1","Static Discharge+1","Flying Knee+1"],"picked":"Melter+1","floor":81},{"not_picked":["Night Terror","Burst","aspiration:Lunge+1"],"picked":"Seek","floor":84},{"not_picked":["Stack","Go for the Eyes+1","White Noise","Deadly Poison+1"],"picked":"Singing Bowl","floor":86}],"player_experience":247767,"relics_obtained":[{"floor":5,"key":"Potion Belt"},{"floor":5,"key":"Tough Bandages"},{"floor":5,"key":"AntiCross"},{"floor":7,"key":"Molten Egg 2"},{"floor":9,"key":"Sundial"},{"floor":13,"key":"White Beast Statue"},{"floor":24,"key":"Calipers"},{"floor":26,"key":"Paper Crane"},{"floor":27,"key":"hubris:Zylophone"},{"floor":39,"key":"hubris:Teleporter"},{"floor":40,"key":"aspiration:StickyExplosives_weak"},{"floor":43,"key":"hubris:MedicalManual"},{"floor":45,"key":"infinitespire:Midas Blood"},{"floor":47,"key":"MawBank"},{"floor":57,"key":"infinitespire:Beetle Shell"},{"floor":60,"key":"infinitespire:Satchel"},{"floor":77,"key":"Singing Bowl"},{"floor":79,"key":"hubris:DuctTape"},{"floor":80,"key":"Red Mask"}],"event_choices":[{"damage_healed":0,"gold_gain":0,"player_choice":"Take Wound","damage_taken":0,"relics_obtained":["Golden Idol"],"max_hp_gain":0,"max_hp_loss":0,"event_name":"Golden Idol","floor":11,"gold_loss":0,"cards_obtained":["Injury"]},{"damage_healed":0,"gold_gain":0,"player_choice":"Entered Light","damage_taken":14,"max_hp_gain":0,"max_hp_loss":0,"event_name":"Shining Light","floor":12,"gold_loss":0,"cards_upgraded":["Defend_G","Defend_G"]},{"cards_removed":["Strike_G"],"damage_healed":0,"gold_gain":0,"player_choice":"Offered Basic","damage_taken":0,"max_hp_gain":0,"max_hp_loss":0,"event_name":"Bonfire Elementals","floor":19,"gold_loss":0},{"damage_healed":0,"gold_gain":75,"player_choice":"Touch","damage_taken":7,"max_hp_gain":0,"max_hp_loss":0,"event_name":"FaceTrader","floor":22,"gold_loss":0},{"cards_removed":["Strike_G"],"damage_healed":0,"gold_gain":0,"player_choice":"Purged","damage_taken":0,"max_hp_gain":0,"max_hp_loss":0,"event_name":"Purifier","floor":70,"gold_loss":0},{"damage_healed":0,"gold_gain":0,"player_choice":"Obtained Relic","damage_taken":0,"relics_obtained":["Frozen Egg 2"],"max_hp_gain":0,"max_hp_loss":0,"event_name":"Addict","floor":73,"gold_loss":85},{"damage_healed":0,"gold_gain":0,"player_choice":"Fought Bandits","damage_taken":0,"max_hp_gain":0,"max_hp_loss":0,"event_name":"Masked Bandits","floor":80,"gold_loss":0}],"is_beta":false,"boss_relics":[{"not_picked":["SlaversCollar","hubris:BlackHole"],"picked":"aspiration:DefectSkillbook"},{"not_picked":["Snecko Eye","aspiration:PoetsPen_weak"],"picked":"Coffee Dripper"},{"not_picked":["WristBlade","infinitespire:Cupcake"],"picked":"aspiration:RunicSpoon"},{"not_picked":["Velvet Choker","hubris:TerracottaHorce"],"picked":"aspiration:RitualDagger"},{"not_picked":["Runic Dome","Pandora\u0027s Box"],"picked":"bronze:MakeshiftBattery"}],"items_purged_floors":[3,20,31,42,63,71],"is_endless":true,"potions_floor_spawned":[1,14,16,18,21,23,24,25,27,28,29,33,35,36,38,39,39,40,45,47,48,50,52,54,55,57,65,67,69,72,75,78,79,80,81,84,86],"killed_by":"3 Shapes","ascension_level":11}}