{"host":"i7jfea87xc8lz16p","time":1611584223,"event":{"mods":["AchievementEnabler","BaseMod","Colored Powertips","Minty Spire (QoL Compilation)","Relic Stats"],"gold_per_floor":[119,69,81,81,99,99,124,137,137,151,151,168,200,220,220,297,297,313,313,323,337,354,354,354,227,253,278,278,278,289,316,316,316,316],"floor_reached":33,"language":"ENG","playtime":1212,"items_purged":["Decay"],"score":623,"play_id":"26cfbe7d-0eb8-4aaf-a8b1-8b2a1e2b292e","local_time":"20210125151703","is_ascension_mode":true,"campfire_choices":[{"data":"EmptyFist","floor":6,"key":"SMITH"},{"data":"TalkToTheHand","floor":11,"key":"SMITH"},{"data":"TalkToTheHand","floor":15,"key":"SMITH"},{"data":"Eruption","floor":23,"key":"SMITH"},{"floor":29,"key":"REST"},{"floor":32,"key":"REST"}],"circlet_count":0,"master_deck":["AscendersBane","Strike_P","Strike_P","Strike_P","Strike_P","Defend_P","Defend_P","Defend_P","Defend_P","Eruption+1","Vigilance+1","EmptyFist+1","TalkToTheHand+1","Wallop","BattleHymn","Meditate","Consecrate","TalkToTheHand+1","ThirdEye","Omniscience+1","CutThroughFate+1","ThirdEye"],"relics":["PureWater","Bag of Preparation","Pear","Bottled Tornado","Busted Crown","CultistMask","Vajra","Prayer Wheel","War Paint"],"acts_visited":["Exordium","TheCity"],"potions_floor_usage":[14,20,22,27,27],"damage_taken":[{"damage":0,"enemies":"2 Louse","floor":1,"turns":2},{"damage":1,"enemies":"Cultist","floor":3,"turns":4},{"damage":2,"enemies":"Jaw Worm","floor":5,"turns":3},{"damage":2,"enemies":"Gremlin Nob","floor":7,"turns":3},{"damage":0,"enemies":"2 Fungi Beasts","floor":8,"turns":2},{"damage":4,"enemies":"Looter","floor":10,"turns":2},{"damage":0,"enemies":"3 Louse","floor":12,"turns":2},{"damage":9,"enemies":"Lagavulin","floor":13,"turns":6},{"damage":4,"enemies":"Exordium Thugs","floor":14,"turns":4},{"damage":14,"enemies":"The Guardian","floor":16,"turns":10},{"damage":9,"enemies":"Shell Parasite","floor":18,"turns":3},{"damage":4,"enemies":"2 Thieves","floor":20,"turns":3},{"damage":10,"enemies":"Cultist and Chosen","floor":21,"turns":4},{"damage":14,"enemies":"Snake Plant","floor":22,"turns":5},{"damage":20,"enemies":"Slavers","floor":27,"turns":6},{"damage":1,"enemies":"Centurion and Healer","floor":30,"turns":4},{"damage":22,"enemies":"Gremlin Leader","floor":31,"turns":5},{"damage":67,"enemies":"Champ","floor":33,"turns":9}],"seed_played":"6821647654272514370","potions_obtained":[{"floor":1,"key":"BottledMiracle"},{"floor":3,"key":"SkillPotion"},{"floor":12,"key":"Fruit Juice"},{"floor":14,"key":"GamblersBrew"},{"floor":21,"key":"Regen Potion"},{"floor":22,"key":"EssenceOfSteel"}],"is_trial":false,"path_per_floor":["M","$","M","?","M","R","E","M","T","M","R","M","E","M","R","B",null,"M","?","M","M","M","R","?","$","T","E","?","R","M","E","R","B"],"character_chosen":"WATCHER","items_purchased":["EmptyFist","ThirdEye"],"campfire_rested":2,"item_purchase_floors":[2,25],"current_hp_per_floor":[67,67,66,66,64,64,62,62,72,68,68,68,59,60,60,46,78,69,69,65,55,53,53,53,53,53,33,33,59,58,36,62,0,0],"gold":316,"neow_bonus":"TEN_PERCENT_HP_BONUS","is_daily":false,"chose_seed":false,"campfire_upgraded":4,"win_rate":0.0,"timestamp":1611584223,"path_taken":["M","$","M","?","M","R","E","M","T","M","R","?","E","M","R","BOSS","M","?","?","M","M","R","?","$","T","E","?","R","M","E","R","BOSS"],"items_purchased_type":["Card","Card"],"build_version":"2020-12-22","purchased_purges":1,"victory":false,"max_hp_per_floor":[74,74,74,74,74,74,74,74,84,84,84,84,84,89,89,89,89,89,89,89,89,89,89,89,89,89,89,89,89,89,89,89,89,89],"relic_stats":{"Busted Crown":16,"counters":[18,77],"Prayer Wheel":1,"Bag of Preparation":[28],"War Paint":["Vigilance","Omniscience"],"obtain_stats":[{"Pear":9,"Busted Crown":17,"Vajra":26,"Prayer Wheel":27,"CultistMask":19,"Bag of Preparation":7,"PureWater":0,"Bottled Tornado":13,"War Paint":31},{"Pear":5,"Busted Crown":10,"Vajra":14,"Prayer Wheel":15,"CultistMask":11,"Bag of Preparation":4,"PureWater":0,"Bottled Tornado":8,"War Paint":17},{"Pear":14,"Busted Crown":38,"Vajra":53,"Prayer Wheel":59,"CultistMask":41,"Bag of Preparation":12,"PureWater":0,"Bottled Tornado":24,"War Paint":68}]},"card_choices":[{"not_picked":["EmptyMind","DeceiveReality","Crescendo"],"picked":"SKIP","floor":1},{"not_picked":["ClearTheMind","BowlingBash"],"picked":"TalkToTheHand","floor":3},{"not_picked":["InnerPeace","Wireheading","PathToVictory"],"picked":"SKIP","floor":5},{"not_picked":["ForeignInfluence","TalkToTheHand"],"picked":"Wallop","floor":7},{"not_picked":["Prostrate","JustLucky"],"picked":"BattleHymn","floor":8},{"not_picked":["CrushJoints","BattleHymn"],"picked":"Meditate","floor":10},{"not_picked":["Crescendo","Pray"],"picked":"Consecrate","floor":12},{"not_picked":["CarveReality","DevaForm"],"picked":"TalkToTheHand","floor":13},{"not_picked":["CutThroughFate","LikeWater"],"picked":"ThirdEye","floor":14},{"not_picked":["DeusExMachina","Ragnarok"],"picked":"Omniscience","floor":16},{"not_picked":[],"picked":"CutThroughFate+1","floor":18},{"not_picked":["Adaptation"],"picked":"SKIP","floor":20},{"not_picked":["TalkToTheHand"],"picked":"SKIP","floor":21},{"not_picked":["DeceiveReality+1"],"picked":"SKIP","floor":22},{"not_picked":["Prostrate"],"picked":"SKIP","floor":27},{"not_picked":["SashWhip"],"picked":"SKIP","floor":30},{"not_picked":["Consecrate"],"picked":"SKIP","floor":30},{"not_picked":["TalkToTheHand"],"picked":"SKIP","floor":31}],"player_experience":1838930,"relics_obtained":[{"floor":7,"key":"Bag of Preparation"},{"floor":9,"key":"Pear"},{"floor":13,"key":"Bottled Tornado"},{"floor":26,"key":"Vajra"},{"floor":27,"key":"Prayer Wheel"},{"floor":31,"key":"War Paint"}],"event_choices":[{"damage_healed":0,"gold_gain":0,"player_choice":"Got Potions","damage_taken":0,"max_hp_gain":0,"max_hp_loss":0,"event_name":"Lab","floor":4,"gold_loss":0},{"damage_healed":0,"gold_gain":0,"player_choice":"Trade","damage_taken":0,"relics_obtained":["CultistMask"],"max_hp_gain":0,"max_hp_loss":0,"event_name":"FaceTrader","floor":19,"gold_loss":0},{"damage_healed":0,"gold_gain":0,"player_choice":"Smashed Altar","damage_taken":0,"max_hp_gain":0,"max_hp_loss":0,"event_name":"Forgotten Altar","floor":24,"gold_loss":0,"cards_obtained":["Decay"]},{"damage_healed":0,"gold_gain":0,"player_choice":"Ignored","damage_taken":0,"max_hp_gain":0,"max_hp_loss":0,"event_name":"Ghosts","floor":28,"gold_loss":0}],"is_beta":false,"boss_relics":[{"not_picked":["Velvet Choker","Empty Cage"],"picked":"Busted Crown"}],"items_purged_floors":[25],"is_endless":false,"potions_floor_spawned":[1,3,8,12,14,21,22],"killed_by":"Champ","ascension_level":20}}