{"host":"c6u7e77myxvw4d0m","time":1611565163,"event":{"mods":["AchievementEnabler","BaseMod","Bestiary","Colored Map","Colored Powertips","Minty Spire (QoL Compilation)","Rare Cards Sparkle","Relic Stats","everything is the same but u backflip on backflip"],"gold_per_floor":[109,124,141,153,12,12,42,42,66,99,116,116,126,156,156,251,251,251,59,59,59,59,59,59,59,59,59,59,59,59,59,59,59,59,59,59,59,59,59,59,59,59,59,59,9,9,9,9,9,9],"floor_reached":51,"language":"ENG","playtime":5562,"items_purged":["Rupture"],"score":1226,"play_id":"45760bdd-42c0-410d-9f8d-2cb45830e9ad","local_time":"20210125105923","is_ascension_mode":true,"campfire_choices":[{"data":"Armaments","floor":6,"key":"SMITH"},{"floor":8,"key":"REST"},{"floor":12,"key":"REST"},{"floor":15,"key":"DIG"},{"floor":23,"key":"REST"},{"floor":30,"key":"REST"},{"floor":32,"key":"DIG"},{"floor":40,"key":"DIG"},{"floor":49,"key":"DIG"}],"circlet_count":0,"master_deck":["Bash","Barricade","Flame Barrier","Pummel","Battle Trance","Clothesline","Demon Form","Double Tap","Headbutt","Berserk","Feel No Pain","Thunderclap","Armaments+1","Hemokinesis","Heavy Blade","Carnage","Entrench","Limit Break+1","Shrug It Off","Armaments","Evolve","Burning Pact","Armaments","Shockwave","Necronomicurse","Bludgeon","Spot Weakness+1","Whirlwind","Offering+1","Inflame+1","Bloodletting+1","Madness","Madness","Berserk","Shockwave+1"],"relics":["Pandora\u0027s Box","Art of War","Happy Flower","Centennial Puzzle","Shovel","Darkstone Periapt","Ectoplasm","Orrery","Necronomicon","Akabeko","Oddly Smooth Stone","The Courier","Anchor","Matryoshka","Snecko Eye","Lizard Tail","War Paint","Orichalcum","Bronze Scales","Smiling Mask","Eternal Feather","Incense Burner","White Beast Statue"],"acts_visited":["Exordium","TheCity","TheBeyond"],"potions_floor_usage":[7,16,16,27,28,33,38,50,50],"damage_taken":[{"damage":6,"enemies":"Cultist","floor":1,"turns":3},{"damage":0,"enemies":"Jaw Worm","floor":2,"turns":3},{"damage":0,"enemies":"Small Slimes","floor":3,"turns":3},{"damage":18,"enemies":"Blue Slaver","floor":4,"turns":4},{"damage":16,"enemies":"Gremlin Nob","floor":7,"turns":4},{"damage":21,"enemies":"3 Sentries","floor":10,"turns":5},{"damage":2,"enemies":"Exordium Thugs","floor":11,"turns":2},{"damage":12,"enemies":"3 Louse","floor":13,"turns":2},{"damage":26,"enemies":"Hexaghost","floor":16,"turns":5},{"damage":6,"enemies":"3 Byrds","floor":18,"turns":3},{"damage":7,"enemies":"Spheric Guardian","floor":20,"turns":6},{"damage":31,"enemies":"Gremlin Leader","floor":24,"turns":5},{"damage":0,"enemies":"Snake Plant","floor":25,"turns":1},{"damage":19,"enemies":"Slavers","floor":27,"turns":4},{"damage":2,"enemies":"Snecko","floor":28,"turns":3},{"damage":12,"enemies":"Gremlin Leader","floor":31,"turns":3},{"damage":33,"enemies":"Automaton","floor":33,"turns":7},{"damage":0,"enemies":"3 Darklings","floor":35,"turns":2},{"damage":5,"enemies":"Orb Walker","floor":36,"turns":2},{"damage":14,"enemies":"Sphere and 2 Shapes","floor":37,"turns":1},{"damage":40,"enemies":"2 Orb Walkers","floor":38,"turns":3},{"damage":5,"enemies":"Giant Head","floor":41,"turns":4},{"damage":22,"enemies":"Reptomancer","floor":44,"turns":3},{"damage":10,"enemies":"Giant Head","floor":46,"turns":6},{"damage":6,"enemies":"4 Shapes","floor":48,"turns":5},{"damage":6,"enemies":"Time Eater","floor":50,"turns":8}],"seed_played":"-7526847480626503942","potions_obtained":[{"floor":2,"key":"SteroidPotion"},{"floor":4,"key":"ElixirPotion"},{"floor":13,"key":"SteroidPotion"},{"floor":16,"key":"SteroidPotion"},{"floor":20,"key":"BlessingOfTheForge"},{"floor":25,"key":"BloodPotion"},{"floor":27,"key":"DistilledChaos"},{"floor":28,"key":"LiquidBronze"},{"floor":35,"key":"ElixirPotion"},{"floor":37,"key":"HeartOfIron"},{"floor":44,"key":"ColorlessPotion"},{"floor":46,"key":"SteroidPotion"}],"is_trial":false,"path_per_floor":["M","M","M","M","$","R","E","R","T","E","M","R","M","?","R","B",null,"M","$","M","?","?","R","E","M","T","E","M","?","R","E","R","B",null,"M","M","M","?","?","R","E","?","T","E","$","E","?","M","R","B",null],"character_chosen":"IRONCLAD","items_purchased":["Armaments","Hemokinesis","Energy Potion","Armaments","Orrery"],"campfire_rested":4,"item_purchase_floors":[5,5,5,19,19],"current_hp_per_floor":[66,66,66,48,48,48,32,56,56,35,33,57,45,45,45,19,65,59,59,52,52,42,67,36,36,36,34,32,32,57,45,45,12,68,68,63,49,9,75,75,70,61,61,39,39,29,29,23,44,38],"gold":9,"neow_bonus":"BOSS_RELIC","is_daily":false,"chose_seed":false,"campfire_upgraded":1,"win_rate":0.0,"timestamp":1611565163,"path_taken":["M","?","M","M","$","R","E","R","T","E","M","R","M","?","R","BOSS","M","$","M","?","?","R","E","M","T","E","?","?","R","E","R","BOSS","M","M","M","?","?","R","E","?","T","E","$","E","?","M","R","BOSS"],"items_purchased_type":["Card","Card","Potion","Card","Relic"],"build_version":"2020-12-22","purchased_purges":1,"victory":true,"max_hp_per_floor":[80,80,80,80,80,80,80,80,80,80,80,80,80,80,80,80,80,80,80,80,80,86,86,86,86,86,86,86,86,86,86,86,86,86,86,86,86,86,75,75,75,75,75,75,75,75,75,75,75,75],"relic_stats":{"Darkstone Periapt":6,"Happy Flower":[26],"counters":[26,97],"Eternal Feather":21,"War Paint":["Offering","Limit Break"],"Orichalcum":[0],"Smiling Mask":10,"Centennial Puzzle":[54],"Lizard Tail":0,"Shovel":4,"Bronze Scales":[51],"Snecko Eye":[62,71,82,57],"Pandora\u0027s Box":["Barricade","Flame Barrier","Pummel","Battle Trance","Clothesline","Demon Form","Double Tap","Headbutt","Berserk"],"Ectoplasm":553,"Art of War":[18],"Necronomicon":[29],"obtain_stats":[{"Darkstone Periapt":15,"Happy Flower":9,"Oddly Smooth Stone":26,"Eternal Feather":44,"The Courier":27,"Incense Burner":46,"War Paint":40,"Orichalcum":41,"Smiling Mask":43,"Burning Blood":0,"Akabeko":24,"White Beast Statue":49,"Centennial Puzzle":10,"Anchor":31,"Lizard Tail":38,"Shovel":14,"Matryoshka":32,"Bronze Scales":43,"Orrery":19,"Snecko Eye":34,"Pandora\u0027s Box":0,"Ectoplasm":17,"Art of War":7,"Necronomicon":22},{"Darkstone Periapt":8,"Happy Flower":5,"Oddly Smooth Stone":13,"Eternal Feather":23,"The Courier":14,"Incense Burner":24,"War Paint":21,"Orichalcum":22,"Smiling Mask":22,"Burning Blood":0,"Akabeko":12,"White Beast Statue":25,"Centennial Puzzle":6,"Anchor":16,"Lizard Tail":21,"Shovel":8,"Matryoshka":16,"Bronze Scales":22,"Orrery":10,"Snecko Eye":17,"Pandora\u0027s Box":0,"Ectoplasm":9,"Art of War":5,"Necronomicon":11},{"Darkstone Periapt":26,"Happy Flower":17,"Oddly Smooth Stone":46,"Eternal Feather":78,"The Courier":50,"Incense Burner":84,"War Paint":71,"Orichalcum":75,"Smiling Mask":75,"Burning Blood":0,"Akabeko":45,"White Beast Statue":89,"Centennial Puzzle":22,"Anchor":56,"Lizard Tail":71,"Shovel":26,"Matryoshka":56,"Bronze Scales":75,"Orrery":34,"Snecko Eye":63,"Pandora\u0027s Box":0,"Ectoplasm":31,"Art of War":17,"Necronomicon":40}]},"card_choices":[{"not_picked":["Anger","Warcry"],"picked":"Feel No Pain","floor":1},{"not_picked":["Sword Boomerang","Feel No Pain"],"picked":"Thunderclap","floor":2},{"not_picked":["Shrug It Off","Twin Strike"],"picked":"Cleave","floor":3},{"not_picked":["Anger","Thunderclap","Flex"],"picked":"SKIP","floor":4},{"not_picked":["Pommel Strike","Burning Pact"],"picked":"Heavy Blade","floor":7},{"not_picked":["Burning Pact","Shrug It Off"],"picked":"Carnage","floor":10},{"not_picked":["Reckless Charge","Iron Wave","Warcry"],"picked":"SKIP","floor":11},{"not_picked":["Headbutt","Second Wind"],"picked":"Entrench","floor":13},{"not_picked":["Double Tap","Fiend Fire"],"picked":"Limit Break","floor":16},{"not_picked":["Perfected Strike","Inflame"],"picked":"Shrug It Off","floor":18},{"not_picked":["Warcry+1","Perfected Strike"],"picked":"Evolve","floor":19},{"not_picked":["Bloodletting","Inflame"],"picked":"Burning Pact","floor":19},{"not_picked":["Carnage","Blood for Blood"],"picked":"Armaments","floor":19},{"not_picked":["Iron Wave","Pummel+1"],"picked":"Shockwave","floor":20},{"not_picked":["Seeing Red","Evolve"],"picked":"Bludgeon","floor":24},{"not_picked":["Carnage","Thunderclap+1"],"picked":"Spot Weakness+1","floor":25},{"not_picked":["Carnage","Infernal Blade","Barricade"],"picked":"SKIP","floor":27},{"not_picked":["Dropkick","Rage+1"],"picked":"Rupture","floor":28},{"not_picked":["Feel No Pain","Twin Strike"],"picked":"Whirlwind","floor":31},{"not_picked":["Feed","Juggernaut"],"picked":"Offering","floor":33},{"not_picked":["True Grit","Headbutt","Battle Trance"],"picked":"SKIP","floor":35},{"not_picked":["Power Through+1","Sentinel"],"picked":"Inflame+1","floor":36},{"not_picked":["Havoc","Whirlwind","Cleave+1"],"picked":"SKIP","floor":37},{"not_picked":["Dark Embrace","Cleave"],"picked":"Bloodletting+1","floor":38},{"not_picked":["Pommel Strike+1","Dual Wield","Berserk"],"picked":"SKIP","floor":41},{"not_picked":["Headbutt","Anger","Flex+1"],"picked":"SKIP","floor":44},{"not_picked":["Clash","Sword Boomerang","Flex+1"],"picked":"SKIP","floor":46},{"not_picked":["Headbutt","Flex+1"],"picked":"Shockwave+1","floor":48}],"player_experience":475367,"relics_obtained":[{"floor":7,"key":"Art of War"},{"floor":9,"key":"Happy Flower"},{"floor":10,"key":"Centennial Puzzle"},{"floor":15,"key":"Darkstone Periapt"},{"floor":22,"key":"Necronomicon"},{"floor":24,"key":"Akabeko"},{"floor":26,"key":"Oddly Smooth Stone"},{"floor":27,"key":"The Courier"},{"floor":31,"key":"Anchor"},{"floor":32,"key":"Matryoshka"},{"floor":38,"key":"Lizard Tail"},{"floor":40,"key":"War Paint"},{"floor":41,"key":"Orichalcum"},{"floor":43,"key":"Bronze Scales"},{"floor":43,"key":"Smiling Mask"},{"floor":44,"key":"Eternal Feather"},{"floor":46,"key":"Incense Burner"},{"floor":49,"key":"White Beast Statue"}],"event_choices":[{"damage_healed":0,"gold_gain":30,"player_choice":"Searched \u00272\u0027 times","damage_taken":0,"relics_obtained":["Shovel"],"max_hp_gain":0,"max_hp_loss":0,"event_name":"Dead Adventurer","floor":14,"gold_loss":0},{"damage_healed":0,"gold_gain":0,"player_choice":"Ignored","damage_taken":0,"max_hp_gain":0,"max_hp_loss":0,"event_name":"Ghosts","floor":21,"gold_loss":0},{"damage_healed":0,"gold_gain":0,"player_choice":"Obtained Book","damage_taken":16,"max_hp_gain":0,"max_hp_loss":0,"event_name":"Cursed Tome","floor":22,"gold_loss":0},{"damage_healed":0,"gold_gain":99,"player_choice":"Stole From Cult","damage_taken":0,"max_hp_gain":0,"max_hp_loss":0,"event_name":"Nest","floor":29,"gold_loss":0},{"damage_healed":0,"gold_gain":0,"player_choice":"Fight","damage_taken":0,"max_hp_gain":0,"max_hp_loss":0,"event_name":"Mysterious Sphere","floor":38,"gold_loss":0},{"damage_healed":75,"gold_gain":0,"player_choice":"Heal","damage_taken":0,"max_hp_gain":0,"max_hp_loss":11,"event_name":"The Moai Head","floor":39,"gold_loss":0},{"damage_healed":0,"gold_gain":0,"player_choice":"Embrace Madness","damage_taken":9,"max_hp_gain":0,"max_hp_loss":0,"event_name":"Winding Halls","floor":42,"gold_loss":0,"cards_obtained":["Madness","Madness"]},{"damage_healed":0,"gold_gain":0,"cards_transformed":["Cleave"],"player_choice":"Transformed","damage_taken":0,"max_hp_gain":0,"max_hp_loss":0,"event_name":"Transmorgrifier","floor":47,"gold_loss":0,"cards_obtained":["Berserk"]}],"is_beta":false,"boss_relics":[{"not_picked":["Runic Dome","Sozu"],"picked":"Ectoplasm"},{"not_picked":["Tiny House","SlaversCollar"],"picked":"Snecko Eye"}],"items_purged_floors":[45],"is_endless":false,"potions_floor_spawned":[2,4,13,16,20,25,27,28,35,37,44,46],"ascension_level":9}}