{"host":"m552uo5jodlktm3e","time":1611555302,"event":{"mods":["BaseMod","Colored Powertips","Minty Spire (QoL Compilation)","Quick Restart","StSLib"],"gold_per_floor":[114,39,54,54,69,99,99,99,124,124,124,124,143,162,162,287,287,306,325,225,244,244,244,56,56,56,75,94,132,132,7,7,132,132,151,484,484,499,349,379,394,394,394,394,207,222,222,252,252,252],"floor_reached":51,"language":"ENG","playtime":1132,"items_purged":["Zap","Defend_G","Defend_R","Strike_R"],"score":973,"play_id":"b25dab38-47fd-4428-9dc6-55dab3f6f067","local_time":"20210124221502","daily_mods":["Chimera","Time Dilation","Lethality"],"is_ascension_mode":false,"campfire_choices":[{"data":"Bash","floor":8,"key":"SMITH"},{"data":"Havoc","floor":10,"key":"SMITH"},{"data":"Survivor","floor":12,"key":"SMITH"},{"data":"Whirlwind","floor":15,"key":"SMITH"},{"data":"Pommel Strike","floor":23,"key":"SMITH"},{"data":"Exhume","floor":25,"key":"SMITH"},{"data":"Pummel","floor":32,"key":"SMITH"},{"data":"Offering","floor":42,"key":"SMITH"},{"data":"Trip","floor":49,"key":"SMITH"}],"circlet_count":0,"master_deck":["Bash+1","Survivor+1","Eruption+1","Strike_G","Strike_B+1","Defend_P+1","Whirlwind+1","Regret","Havoc+1","Headbutt","Exhume+1","Shrug It Off","Pommel Strike+1","Pummel+1","Thunderclap+1","Uppercut+1","Reaper","Offering+1","Limit Break+1","Trip+1","Infernal Blade+1"],"relics":["Burning Blood","Darkstone Periapt","Du-Vu Doll","Omamori","Sozu","Bronze Scales","Brimstone","Gremlin Horn","Centennial Puzzle","Cursed Key","ClockworkSouvenir","Smiling Mask","Self Forming Clay","War Paint"],"acts_visited":["Exordium","TheCity","TheBeyond"],"potions_floor_usage":[6,50],"damage_taken":[{"damage":0,"enemies":"Cultist","floor":1,"turns":2},{"damage":0,"enemies":"2 Louse","floor":3,"turns":2},{"damage":2,"enemies":"Small Slimes","floor":5,"turns":2},{"damage":0,"enemies":"Gremlin Nob","floor":6,"turns":2},{"damage":0,"enemies":"Exordium Thugs","floor":13,"turns":1},{"damage":10,"enemies":"Exordium Wildlife","floor":14,"turns":2},{"damage":3,"enemies":"Slime Boss","floor":16,"turns":3},{"damage":16,"enemies":"2 Thieves","floor":18,"turns":2},{"damage":2,"enemies":"Chosen","floor":19,"turns":3},{"damage":0,"enemies":"3 Cultists","floor":21,"turns":2},{"damage":0,"enemies":"Snake Plant","floor":27,"turns":1},{"damage":0,"enemies":"Sentry and Sphere","floor":28,"turns":1},{"damage":0,"enemies":"Gremlin Leader","floor":29,"turns":2},{"damage":10,"enemies":"Champ","floor":33,"turns":3},{"damage":4,"enemies":"3 Darklings","floor":35,"turns":2},{"damage":6,"enemies":"Orb Walker","floor":38,"turns":1},{"damage":13,"enemies":"Reptomancer","floor":40,"turns":3},{"damage":0,"enemies":"Jaw Worm Horde","floor":41,"turns":1},{"damage":6,"enemies":"Spire Growth","floor":46,"turns":1},{"damage":20,"enemies":"Giant Head","floor":48,"turns":3},{"damage":24,"enemies":"Donu and Deca","floor":50,"turns":2}],"seed_played":"7295166269203286773","potions_obtained":[{"floor":1,"key":"FearPotion"},{"floor":3,"key":"Swift Potion"},{"floor":5,"key":"SpeedPotion"}],"is_trial":false,"path_per_floor":["M","$","M","?","M","E","?","R","T","R","?","R","M","M","R","B",null,"M","M","$","M","?","R","$","R","T","M","M","E","?","$","R","B",null,"M","?","?","M","$","E","M","R","T","?","$","M","?","E","R","B",null],"character_chosen":"IRONCLAD","items_purchased":["Brimstone","Pummel","ClockworkSouvenir","Limit Break"],"campfire_rested":0,"item_purchase_floors":[24,24,39,45],"current_hp_per_floor":[80,80,80,86,86,86,65,65,65,65,48,48,54,50,50,53,86,76,80,80,86,86,86,86,86,86,86,86,86,86,86,86,82,86,86,86,86,86,86,79,85,85,85,86,86,86,86,86,86,68],"gold":252,"neow_bonus":"","is_daily":true,"chose_seed":false,"campfire_upgraded":9,"win_rate":0.0,"timestamp":1611555302,"path_taken":["M","$","M","?","M","E","?","R","T","R","?","R","M","M","R","BOSS","M","M","$","M","?","R","$","R","T","M","?","E","?","?","R","BOSS","M","?","?","M","$","E","M","R","T","?","$","M","?","E","R","BOSS"],"items_purchased_type":["Relic","Card","Relic","Card"],"build_version":"2020-12-22","purchased_purges":4,"victory":true,"max_hp_per_floor":[80,80,80,86,86,86,86,86,86,86,86,86,86,86,86,86,86,86,86,86,86,86,86,86,86,86,86,86,86,86,86,86,86,86,86,86,86,86,86,86,86,86,86,86,86,86,86,86,86,86],"card_choices":[{"not_picked":["Bloodletting","Clothesline"],"picked":"Whirlwind","floor":1},{"not_picked":["Warcry","Cleave","Shrug It Off"],"picked":"SKIP","floor":3},{"not_picked":["Clothesline","Hemokinesis"],"picked":"Havoc","floor":5},{"not_picked":["Barricade","Power Through"],"picked":"Headbutt","floor":6},{"not_picked":["Perfected Strike","Body Slam","Clothesline"],"picked":"SKIP","floor":13},{"not_picked":["Rage","Bloodletting","True Grit"],"picked":"SKIP","floor":14},{"not_picked":["Offering","Juggernaut"],"picked":"Exhume","floor":16},{"not_picked":["Burning Pact","Heavy Blade+1"],"picked":"Shrug It Off","floor":18},{"not_picked":["Body Slam+1","Uppercut"],"picked":"Pommel Strike","floor":19},{"not_picked":["Hemokinesis","Body Slam","Headbutt"],"picked":"SKIP","floor":21},{"not_picked":["Inflame","Hemokinesis","Clothesline"],"picked":"SKIP","floor":27},{"not_picked":["Bloodletting","Wild Strike"],"picked":"Thunderclap+1","floor":28},{"not_picked":["Flame Barrier","Rage"],"picked":"Uppercut+1","floor":29},{"not_picked":["Exhume","Limit Break"],"picked":"Offering","floor":33},{"not_picked":["Headbutt+1","Spot Weakness","Wild Strike"],"picked":"SKIP","floor":35},{"not_picked":["Dark Embrace","Clothesline","Heavy Blade+1"],"picked":"SKIP","floor":38},{"not_picked":["Metallicize","Berserk","Armaments"],"picked":"SKIP","floor":40},{"not_picked":["Heavy Blade+1","Rampage","Hemokinesis+1"],"picked":"SKIP","floor":41},{"not_picked":["Combust","Havoc","True Grit+1"],"picked":"SKIP","floor":46},{"not_picked":["Purity","Apotheosis"],"picked":"Trip","floor":47},{"not_picked":["Disarm","Perfected Strike"],"picked":"Infernal Blade+1","floor":48}],"player_experience":1014651,"relics_obtained":[{"floor":6,"key":"Du-Vu Doll"},{"floor":9,"key":"Omamori"},{"floor":26,"key":"Gremlin Horn"},{"floor":29,"key":"Centennial Puzzle"},{"floor":40,"key":"Smiling Mask"},{"floor":43,"key":"Self Forming Clay"},{"floor":48,"key":"War Paint"}],"event_choices":[{"damage_healed":0,"gold_gain":0,"player_choice":"Box","damage_taken":0,"relics_obtained":["Darkstone Periapt"],"max_hp_gain":0,"max_hp_loss":0,"event_name":"Big Fish","floor":4,"gold_loss":0,"cards_obtained":["Regret"]},{"damage_healed":0,"gold_gain":0,"player_choice":"Take Damage","damage_taken":21,"relics_obtained":["Golden Idol"],"max_hp_gain":0,"max_hp_loss":0,"event_name":"Golden Idol","floor":7,"gold_loss":0},{"damage_healed":0,"gold_gain":0,"player_choice":"Entered Light","damage_taken":17,"max_hp_gain":0,"max_hp_loss":0,"event_name":"Shining Light","floor":11,"gold_loss":0,"cards_upgraded":["Strike_B","Eruption"]},{"damage_healed":0,"gold_gain":0,"player_choice":"Gave Potion","damage_taken":0,"relics_obtained":["Bronze Scales"],"max_hp_gain":0,"max_hp_loss":0,"event_name":"WeMeetAgain","floor":22,"gold_loss":0},{"damage_healed":0,"gold_gain":0,"player_choice":"1 cards matched","damage_taken":0,"max_hp_gain":0,"max_hp_loss":0,"event_name":"Match and Keep!","floor":30,"gold_loss":0,"cards_obtained":["Reaper"]},{"damage_healed":0,"gold_gain":333,"player_choice":"Gave Idol","damage_taken":0,"max_hp_gain":0,"max_hp_loss":0,"event_name":"The Moai Head","floor":36,"relics_lost":["Golden Idol"],"gold_loss":0},{"damage_healed":0,"gold_gain":0,"player_choice":"Ignored","damage_taken":0,"max_hp_gain":0,"max_hp_loss":0,"event_name":"Tomb of Lord Red Mask","floor":37,"gold_loss":0},{"damage_healed":22,"gold_gain":0,"player_choice":"Writhe","damage_taken":0,"max_hp_gain":0,"max_hp_loss":0,"event_name":"Winding Halls","floor":44,"gold_loss":0,"cards_obtained":["Writhe"]},{"damage_healed":0,"gold_gain":0,"player_choice":"Memory 1","damage_taken":0,"max_hp_gain":0,"max_hp_loss":0,"event_name":"SensoryStone","floor":47,"gold_loss":0}],"is_beta":false,"boss_relics":[{"not_picked":["Pandora\u0027s Box","Fusion Hammer"],"picked":"Sozu"},{"not_picked":["Busted Crown","Velvet Choker"],"picked":"Cursed Key"}],"items_purged_floors":[2,20,31,45],"is_endless":false,"potions_floor_spawned":[1,3,5,29,33,35,38],"ascension_level":0}}