{"host":"70zhvo5nwrhp1mbg","time":1611534620,"event":{"mods":["BaseMod","Colored Map","Colored Powertips","Filter the Spire","Highlight Path","Minty Spire (QoL Compilation)","Rare Cards Sparkle","StSLib"],"gold_per_floor":[210,227,227,244,258,283,283,317,317,329,348,348,21,42,42,167,167,181,201,201,201,55,55,55,55],"floor_reached":24,"language":"ENG","playtime":1856,"items_purged":[],"score":281,"play_id":"82514055-5919-4855-aae6-08a22b7dc58a","local_time":"20210124193020","is_ascension_mode":true,"campfire_choices":[{"floor":15.0,"key":"REST"},{"floor":23,"key":"REST"}],"circlet_count":0,"master_deck":["Strike_R","Strike_R","Strike_R","Strike_R","Strike_R","Defend_R","Defend_R","Defend_R","Defend_R","Bash","Reckless Charge","Seeing Red","Feel No Pain","Anger","Demon Form","Iron Wave","Burning Pact","Pummel","Injury","Apotheosis","Iron Wave","Juggernaut","CurseOfTheBell","Headbutt","Perfected Strike"],"relics":["Burning Blood","Toy Ornithopter","Gremlin Horn","Charon\u0027s Ashes","Bloody Idol","Regal Pillow","Calling Bell","Art of War","White Beast Statue","WingedGreaves","Frozen Eye"],"acts_visited":["Exordium","TheCity"],"potions_floor_usage":[],"damage_taken":[{"damage":10.0,"enemies":"2 Louse","floor":1.0,"turns":3.0},{"damage":3.0,"enemies":"Small Slimes","floor":2.0,"turns":4.0},{"damage":7.0,"enemies":"Jaw Worm","floor":4.0,"turns":2.0},{"damage":9.0,"enemies":"Red Slaver","floor":5.0,"turns":4.0},{"damage":16.0,"enemies":"3 Sentries","floor":6.0,"turns":10.0},{"damage":25.0,"enemies":"Lagavulin","floor":8.0,"turns":5.0},{"damage":11.0,"enemies":"Blue Slaver","floor":10.0,"turns":4.0},{"damage":9.0,"enemies":"Exordium Wildlife","floor":11.0,"turns":4.0},{"damage":0.0,"enemies":"Large Slime","floor":14.0,"turns":3.0},{"damage":44.0,"enemies":"Hexaghost","floor":16.0,"turns":9.0},{"damage":33.0,"enemies":"Chosen","floor":18.0,"turns":5.0},{"damage":43,"enemies":"Spheric Guardian","floor":19,"turns":6},{"damage":77,"enemies":"Slavers","floor":24,"turns":3}],"seed_played":"3357876704594719938","potions_obtained":[{"floor":1.0,"key":"Fire Potion"},{"floor":4.0,"key":"SkillPotion"},{"floor":5.0,"key":"AttackPotion"},{"floor":10.0,"key":"DistilledChaos"},{"floor":11.0,"key":"LiquidMemories"},{"floor":18.0,"key":"SpeedPotion"},{"floor":19,"key":"SmokeBomb"}],"is_trial":false,"path_per_floor":["M","M","?","M","M","E","?","E","T","M","M","?","$","M","R","B",null,"M","M","?","?","$","R","E"],"character_chosen":"IRONCLAD","items_purchased":["Regal Pillow","Apotheosis","Frozen Eye"],"campfire_rested":2,"item_purchase_floors":[13,13,22],"current_hp_per_floor":[68,71,71,70,67,57,57,38,38,33,30,30,30,46,80,42,71,44,7,33,33,33,72,0,0],"gold":55,"neow_bonus":"HUNDRED_GOLD","is_daily":false,"chose_seed":false,"campfire_upgraded":0,"win_rate":0.0,"timestamp":1611534620,"path_taken":["M","M","?","M","M","E","?","E","T","M","M","?","$","M","R","BOSS","M","M","?","?","$","R","E"],"items_purchased_type":["Relic","Card","Relic"],"build_version":"2020-12-22","purchased_purges":0,"victory":false,"max_hp_per_floor":[80,80,80,80,80,80,80,80,80,80,80,80,80,80,80,80,80,80,80,80,80,80,80,80,80],"card_choices":[{"not_picked":["Sword Boomerang","Feel No Pain"],"picked":"Reckless Charge","floor":1.0},{"not_picked":["Thunderclap","True Grit"],"picked":"Seeing Red","floor":2.0},{"not_picked":["Clash","Sever Soul"],"picked":"Feel No Pain","floor":4.0},{"not_picked":["Burning Pact","Rampage"],"picked":"Anger","floor":5.0},{"not_picked":["Infernal Blade","Armaments"],"picked":"Demon Form","floor":6.0},{"not_picked":["Headbutt","Clothesline"],"picked":"Iron Wave","floor":8.0},{"not_picked":["Fire Breathing","Hemokinesis"],"picked":"Burning Pact","floor":10.0},{"not_picked":["Wild Strike","Twin Strike"],"picked":"Pummel","floor":11.0},{"not_picked":["Armaments","Body Slam"],"picked":"Iron Wave","floor":14.0},{"not_picked":["Bludgeon","Feed"],"picked":"Juggernaut","floor":16.0},{"not_picked":["Entrench","Shockwave+1"],"picked":"Headbutt","floor":18.0},{"not_picked":["Metallicize","Sever Soul"],"picked":"Perfected Strike","floor":19}],"player_experience":474717,"relics_obtained":[{"floor":6.0,"key":"Toy Ornithopter"},{"floor":8.0,"key":"Gremlin Horn"},{"floor":9.0,"key":"Charon\u0027s Ashes"},{"floor":17.0,"key":"Art of War"},{"floor":17.0,"key":"White Beast Statue"},{"floor":17.0,"key":"WingedGreaves"}],"event_choices":[{"damage_healed":0.0,"max_hp_gain":0.0,"max_hp_loss":0.0,"gold_gain":0.0,"event_name":"The Cleric","player_choice":"Leave","floor":3.0,"gold_loss":0.0,"damage_taken":0.0},{"damage_healed":0.0,"max_hp_gain":0.0,"max_hp_loss":0.0,"gold_gain":0.0,"event_name":"Shining Light","player_choice":"Ignored","floor":7.0,"gold_loss":0.0,"damage_taken":0.0},{"damage_healed":0.0,"max_hp_gain":0.0,"max_hp_loss":0.0,"gold_gain":0.0,"event_name":"Golden Idol","player_choice":"Take Wound","floor":12.0,"gold_loss":0.0,"damage_taken":0.0,"relics_obtained":["Golden Idol"],"cards_obtained":["Injury"]},{"damage_healed":26,"gold_gain":0,"player_choice":"Heal","damage_taken":0,"max_hp_gain":0,"max_hp_loss":0,"event_name":"The Library","floor":20,"gold_loss":0},{"damage_healed":0,"gold_gain":0,"player_choice":"Gave Idol","damage_taken":0,"relics_obtained":["Bloody Idol"],"max_hp_gain":0,"max_hp_loss":0,"event_name":"Forgotten Altar","floor":21,"relics_lost":["Golden Idol"],"gold_loss":0}],"is_beta":false,"boss_relics":[{"not_picked":["Black Star","Empty Cage"],"picked":"Calling Bell"}],"items_purged_floors":[],"is_endless":false,"potions_floor_spawned":[1,4,5,10,11,18,19],"killed_by":"Slavers","ascension_level":7}}