{"host":"00f1p9ihhzi7hxfk","time":1611568677,"event":{"mods":["AchievementEnabler","BaseMod","Colored Map","Colored Powertips","Minty Spire (QoL Compilation)","Rare Cards Sparkle","Relic Stats"],"gold_per_floor":[112,112,11,86,99,99,27,27,27,40,40,53,78,78,78,208,208,231,252,270,270,270],"floor_reached":21,"language":"DEU","playtime":891,"items_purged":[],"score":171,"play_id":"4296adec-ba36-45c9-9cd9-caae0614a818","local_time":"20210125105757","is_ascension_mode":false,"campfire_choices":[{"floor":6,"key":"REST"},{"data":"Skewer","floor":8,"key":"SMITH"},{"floor":15,"key":"REST"}],"circlet_count":0,"master_deck":["Strike_G","Strike_G","Strike_G","Strike_G","Defend_G","Defend_G","Defend_G","Defend_G","Defend_G","Survivor","Neutralize","Noxious Fumes","Bouncing Flask","Skewer+1","Bouncing Flask","Quick Slash","Unload","Envenom","Riddle With Holes","Deadly Poison","Deadly Poison+1"],"relics":["Ring of the Snake","Bottled Lightning","Golden Idol","Cursed Key"],"acts_visited":["Exordium","TheCity"],"potions_floor_usage":[],"damage_taken":[{"damage":5,"enemies":"2 Louse","floor":1,"turns":3},{"damage":1,"enemies":"Small Slimes","floor":5,"turns":5},{"damage":0,"enemies":"Cultist","floor":10,"turns":2},{"damage":12,"enemies":"Blue Slaver","floor":12,"turns":3},{"damage":25,"enemies":"Exordium Wildlife","floor":13,"turns":4},{"damage":39,"enemies":"The Guardian","floor":16,"turns":8},{"damage":25,"enemies":"2 Thieves","floor":18,"turns":3},{"damage":6,"enemies":"Chosen","floor":19,"turns":3},{"damage":21,"enemies":"Snake Plant","floor":20,"turns":4},{"damage":23,"enemies":"Cultist and Chosen","floor":21,"turns":3}],"seed_played":"7510241763631108203","potions_obtained":[{"floor":1,"key":"BlessingOfTheForge"},{"floor":19,"key":"EssenceOfSteel"},{"floor":20,"key":"Fire Potion"}],"is_trial":false,"path_per_floor":["M","?","$","?","M","R","$","R","T","M","?","M","M","?","R","B",null,"M","M","M","M"],"character_chosen":"THE_SILENT","items_purchased":["Fire Potion","Block Potion","Skewer"],"campfire_rested":2,"item_purchase_floors":[3,3,7],"current_hp_per_floor":[72,72,72,61,60,77,77,77,77,77,71,59,34,34,55,16,71,46,40,19,0,0],"gold":270,"neow_bonus":"TEN_PERCENT_HP_BONUS","is_daily":false,"chose_seed":false,"campfire_upgraded":1,"win_rate":0.0,"timestamp":1611568677,"path_taken":["M","?","$","?","M","R","$","R","T","M","?","M","M","?","R","BOSS","M","M","M","M"],"items_purchased_type":["Potion","Potion","Card"],"build_version":"2020-12-22","purchased_purges":0,"victory":false,"max_hp_per_floor":[77,77,77,77,77,77,77,77,77,77,71,71,71,71,71,71,71,71,71,71,71,71],"relic_stats":{"counters":[10,38],"Golden Idol":47,"Cursed Key":0,"obtain_stats":[{"Golden Idol":11,"Bottled Lightning":9,"Cursed Key":17,"Ring of the Snake":0},{"Golden Idol":3,"Bottled Lightning":2,"Cursed Key":6,"Ring of the Snake":0},{"Golden Idol":10,"Bottled Lightning":8,"Cursed Key":25,"Ring of the Snake":0}],"Ring of the Snake":[20]},"card_choices":[{"not_picked":["Sucker Punch","Slice"],"picked":"Noxious Fumes","floor":1},{"not_picked":["Slice","Caltrops"],"picked":"Bouncing Flask","floor":5},{"not_picked":["Flying Knee","Deflect"],"picked":"Bouncing Flask","floor":10},{"not_picked":["Backstab","Acrobatics","Flying Knee"],"picked":"SKIP","floor":12},{"not_picked":["Finisher","Deflect"],"picked":"Quick Slash","floor":13},{"not_picked":["Wraith Form v2","Phantasmal Killer"],"picked":"Envenom","floor":16},{"not_picked":["Flechettes","Endless Agony"],"picked":"Riddle With Holes","floor":18},{"not_picked":["Flying Knee","Dodge and Roll"],"picked":"Deadly Poison","floor":19},{"not_picked":["Eviscerate","Choke+1"],"picked":"Deadly Poison+1","floor":20}],"player_experience":76615,"relics_obtained":[{"floor":9,"key":"Bottled Lightning"}],"event_choices":[{"cards_removed":["Strike_G"],"damage_healed":0,"gold_gain":0,"player_choice":"Forget","damage_taken":0,"max_hp_gain":0,"max_hp_loss":0,"event_name":"Living Wall","floor":2,"gold_loss":0},{"damage_healed":0,"gold_gain":75,"player_choice":"Gather Gold","damage_taken":11,"max_hp_gain":0,"max_hp_loss":0,"event_name":"World of Goop","floor":4,"gold_loss":0},{"damage_healed":0,"gold_gain":0,"player_choice":"Lose Max HP","damage_taken":0,"relics_obtained":["Golden Idol"],"max_hp_gain":0,"max_hp_loss":6,"event_name":"Golden Idol","floor":11,"gold_loss":0},{"damage_healed":0,"gold_gain":0,"player_choice":"1 cards matched","damage_taken":0,"max_hp_gain":0,"max_hp_loss":0,"event_name":"Match and Keep!","floor":14,"gold_loss":0,"cards_obtained":["Unload"]}],"is_beta":false,"boss_relics":[{"not_picked":["Black Star","Runic Pyramid"],"picked":"Cursed Key"}],"items_purged_floors":[],"is_endless":false,"potions_floor_spawned":[1,12,16,19,20],"killed_by":"Cultist and Chosen","ascension_level":0}}