{"host":"1vzdexsn8vtq5lt7","time":1611548619,"event":{"mods":["ATMod(阿瑾Mod)","Act Like it!","Ascension Reborn","BaseMod","Colored Map","Colored Powertips","Conspire","Downfall","Easy Mod","Energized Spire","Minty Spire (QoL Compilation)","Quick Restart","Relic Filter Mod","Relic Stats","Replay The Spire","StSLib","SuperFastMode","TestMod","The Marked","[IsaacMod]以撒尖塔","【功能Mod】Neow奖励","【功能Mod】混沌之环修复补丁","【功能Mod】精心准备","【遗物卡牌】REMEMod","没有小屋子和绿帽子啦"],"gold_per_floor":[99,109,120,120,134,169,240,251,284,16,36,36,36,71,83,178,178,237,257,276,276,291,291,336,352,367,399,399,399,399],"floor_reached":28,"language":"ZHS","playtime":1118,"items_purged":["Slimebound:Defend_Slimebound"],"score":287,"play_id":"69b515bc-02d6-422d-b8ad-7c418481ce43","local_time":"20210125122339","is_ascension_mode":true,"campfire_choices":[{"data":"Slimebound:Split","floor":1,"key":"SMITH"},{"data":"Slimebound:LevelUp","floor":23,"key":"SMITH"}],"circlet_count":0,"master_deck":["EasyMod:card_1","Slimebound:Strike_Slimebound","Slimebound:Strike_Slimebound","Slimebound:Tackle+1","Slimebound:Defend_Slimebound","Slimebound:Defend_Slimebound","Slimebound:Defend_Slimebound","Slimebound:Split+1","Slimebound:CorrosiveSpit","Slimebound:Strike_Slimebound","Slimebound:SplitLeeching+1","Slimebound:LevelUp+1","Slimebound:PressTheAttack","Slimebound:SplitMire+1","Slimebound:LeechEnergy+1","Bomb","Slimebound:SlimeBarrage+1","expansioncontent:AwakenDeath+1","Slimebound:SplitBruiser+1","Slimebound:GrowthPunch+1","Slimebound:SlimeSlap+1","Slimebound:SplitAcid+1","Slimebound:LevelUp+1","Slimebound:LevelUp+1","Slimebound:Schlurp","downfall:Haunted","Slimebound:SamplingLick"],"relics":["Slimebound:AbsorbEndCombat","testmod-TestBox","HushsDoor","REME_ComplimentaryCards","AT_ATBox","DeathBook","testmod-BloodSacrificeSpiritualization","Orichalcum","The Courier","GnawedLeaf","Whetstone","Art of War","Cursed Key","NineVolt","Replay:Bottled Snecko"],"acts_visited":["Exordium","TheCity"],"potions_floor_usage":[8,16,22,25],"damage_taken":[{"damage":2,"enemies":"Cultist","floor":2,"turns":4},{"damage":12,"enemies":"Jaw Worm","floor":3,"turns":4},{"damage":6,"enemies":"2 Louse","floor":5,"turns":2},{"damage":8,"enemies":"Lagavulin","floor":6,"turns":6},{"damage":15,"enemies":"3 Louse","floor":8,"turns":2},{"damage":25,"enemies":"Replay:BlueRogue","floor":9,"turns":5},{"damage":0,"enemies":"downfall:FleeingMerchant","floor":10,"turns":4},{"damage":14,"enemies":"Exordium Thugs","floor":11,"turns":4},{"damage":7,"enemies":"Gremlin Nob","floor":14,"turns":3},{"damage":7,"enemies":"Gremlin Gang","floor":15,"turns":3},{"damage":38,"enemies":"DF_ARCHETYPE_STREAMLINE","floor":16,"turns":6},{"damage":12,"enemies":"3 Byrds","floor":19,"turns":2},{"damage":13,"enemies":"Shell Parasite","floor":20,"turns":4},{"damage":17,"enemies":"Snecko","floor":22,"turns":4},{"damage":27,"enemies":"Snake Plant","floor":25,"turns":4},{"damage":0,"enemies":"conspire:HollyBat","floor":26,"turns":6},{"damage":42,"enemies":"REME_1_Revenger","floor":27,"turns":4},{"damage":7,"enemies":"Chosen and Byrds","floor":28,"turns":1}],"seed_played":"-4617444545677195700","potions_obtained":[{"floor":2,"key":"Toxic Potion"},{"floor":3,"key":"GamblersBrew"},{"floor":5,"key":"Fire Potion"},{"floor":15,"key":"AttackPotion"},{"floor":16,"key":"LifebloodPotion"},{"floor":22,"key":"Slimebound:SpawnSlimePotion"},{"floor":25,"key":"Fruit Juice"}],"is_trial":false,"path_per_floor":["R","M","M","?","M","E","T","M","E","$","M","?","?","E","M","B",null,"R_BF","M","M","?","M","R","T","M","M","E","M"],"character_chosen":"SLIMEBOUND","items_purchased":["expansioncontent:AwakenDeath","Whetstone"],"campfire_rested":0,"item_purchase_floors":[10,10],"current_hp_per_floor":[65,63,55,55,51,47,47,36,15,23,11,16,16,15,14,21,70,70,62,55,55,46,46,46,32,40,2,0,0,0],"gold":399,"neow_bonus":"REMOVE_CARD","is_daily":false,"chose_seed":false,"campfire_upgraded":2,"win_rate":0.0,"timestamp":1611548619,"path_taken":["R","M","?","?","M","E","T","M","E","$","M","?","?","E","M","BOSS","R_BF","M","M","?","M","R","T","M","M","E","M"],"items_purchased_type":["Card","Relic"],"build_version":"2020-12-22","purchased_purges":1,"victory":false,"max_hp_per_floor":[65,65,65,65,65,65,65,65,65,65,65,70,70,70,70,70,70,70,70,70,70,70,70,70,75,75,75,75,75,75],"relic_stats":{"counters":[18,67],"Art of War":[4],"Whetstone":["Slimebound:LeechEnergy","Slimebound:Tackle"],"Orichalcum":[66],"Cursed Key":1,"obtain_stats":[{"KeepersGift":0,"testmod-TestBox":0,"AT_ATBox":0,"NineVolt":24,"GnawedLeaf":9,"The Courier":7,"testmod-BloodSacrificeSpiritualization":0,"Whetstone":10,"Orichalcum":6,"Cursed Key":17,"DeathBook":0,"Slimebound:AbsorbEndCombat":0,"Art of War":14,"Replay:Bottled Snecko":27,"HushsDoor":0,"REME_ComplimentaryCards":0},{"KeepersGift":0,"testmod-TestBox":0,"AT_ATBox":0,"NineVolt":14,"GnawedLeaf":6,"The Courier":4,"testmod-BloodSacrificeSpiritualization":0,"Whetstone":7,"Orichalcum":4,"Cursed Key":11,"DeathBook":0,"Slimebound:AbsorbEndCombat":0,"Art of War":9,"Replay:Bottled Snecko":17,"HushsDoor":0,"REME_ComplimentaryCards":0},{"KeepersGift":0,"testmod-TestBox":0,"AT_ATBox":0,"NineVolt":53,"GnawedLeaf":23,"The Courier":16,"testmod-BloodSacrificeSpiritualization":0,"Whetstone":27,"Orichalcum":16,"Cursed Key":43,"DeathBook":0,"Slimebound:AbsorbEndCombat":0,"Art of War":34,"Replay:Bottled Snecko":66,"HushsDoor":0,"REME_ComplimentaryCards":0}]},"card_choices":[{"not_picked":[],"picked":"Bomb","floor":0},{"not_picked":["Slimebound:RollThrough","Slimebound:ItLooksTasty"],"picked":"Slimebound:SplitLeeching","floor":2},{"not_picked":["Slimebound:PressTheAttack","Slimebound:ForwardTackle"],"picked":"Slimebound:LevelUp","floor":3},{"not_picked":["Slimebound:ViciousTackle","Slimebound:Grow"],"picked":"Slimebound:PressTheAttack","floor":5},{"not_picked":["Slimebound:SplitAcid","Slimebound:LeechLife"],"picked":"Slimebound:SplitMire","floor":6},{"not_picked":["Slimebound:Prepare","Slimebound:SlimeTap"],"picked":"Slimebound:LeechEnergy","floor":8},{"not_picked":["Slimebound:RollThrough","Slimebound:SplitAcid"],"picked":"Bomb","floor":9},{"not_picked":["Slimebound:Chomp","Slimebound:ComboTackle"],"picked":"Slimebound:SlimeBarrage","floor":10},{"not_picked":["Slimebound:ViciousTackle","Bomb","Slimebound:ComboTackle"],"picked":"SKIP","floor":11},{"not_picked":["Slimebound:ComboTackle","Slimebound:Prepare"],"picked":"Slimebound:SplitBruiser","floor":14},{"not_picked":["Slimebound:DouseInSlime","Bomb"],"picked":"Slimebound:GrowthPunch","floor":15},{"not_picked":["Slimebound:MassFeed","Slimebound:FirmFortitude"],"picked":"Slimebound:SlimeSlap","floor":16},{"not_picked":["Slimebound:ViciousTackle+1","Slimebound:RollThrough"],"picked":"Slimebound:SplitAcid","floor":19},{"not_picked":["Slimebound:SplitMire+1","Slimebound:GoopTackle+1"],"picked":"Slimebound:LevelUp","floor":20},{"not_picked":["Slimebound:SplitLeeching+1","Slimebound:LeechingTouch"],"picked":"Slimebound:Schlurp","floor":22},{"not_picked":["Slimebound:ComboTackle+1","Slimebound:Chomp+1","Slimebound:FormOfPuddle"],"picked":"SKIP","floor":25},{"not_picked":["Slimebound:ComboTackle","Slimebound:RollThrough+1","Slimebound:Schlurp+1"],"picked":"SKIP","floor":26},{"not_picked":["Slimebound:LeechingTouch","Slimebound:GoopSpray"],"picked":"Slimebound:SamplingLick","floor":27}],"player_experience":224342,"relics_obtained":[{"floor":6,"key":"Orichalcum"},{"floor":7,"key":"The Courier"},{"floor":9,"key":"GnawedLeaf"},{"floor":14,"key":"Art of War"},{"floor":24,"key":"NineVolt"},{"floor":27,"key":"Replay:Bottled Snecko"}],"event_choices":[{"damage_healed":0,"gold_gain":0,"player_choice":"Donut","damage_taken":0,"max_hp_gain":5,"max_hp_loss":0,"event_name":"Big Fish","floor":12,"gold_loss":0},{"damage_healed":0,"gold_gain":0,"player_choice":"Read","damage_taken":0,"max_hp_gain":0,"max_hp_loss":0,"event_name":"The Library","floor":21,"gold_loss":0,"cards_obtained":["Slimebound:LevelUp"]}],"is_beta":false,"boss_relics":[{"not_picked":["energizedSpire:EnergizedDie","energizedSpire:OgreHead"],"picked":"Cursed Key"},{"not_picked":[]}],"items_purged_floors":[10],"is_endless":false,"potions_floor_spawned":[2,3,5,15,16,22,25],"killed_by":"Chosen and Byrds","ascension_level":0}}