{"host":"k18hfimadcku5042","time":1611576830,"event":{"mods":["Act Like it!","Aspiration","BaseMod","Minty Spire (QoL Compilation)","Pale of the Ancients","Replay The Spire","Spicy Shops","StSLib","The Runesmith","¡¾ÒÅÎï¿¨ÅÆ¡¿REMEMod"],"gold_per_floor":[116,132,82,95,95,121,121,121,121,121,67,102,121,146,146,247,247,262,337,0,19,19,46,61,90,170,203,213,213,238,19,19,119,119,135,235,246,257,257,284,294,320,320,354,53,67,101,9,9,9],"floor_reached":51,"language":"ZHS","playtime":3266,"items_purged":["Runesmith:Strike_RS","Runesmith:Defend_RS"],"score":1187,"play_id":"9763d24f-36b0-4a2f-875b-4a89d761fc44","local_time":"20210125201350","is_ascension_mode":true,"campfire_choices":[{"data":"Runesmith:PoweredAnvil","floor":7.0,"key":"SMITH"},{"floor":15.0,"key":"REST"},{"floor":29.0,"key":"REST"},{"floor":32.0,"key":"REST"},{"floor":49,"key":"REST"}],"circlet_count":0,"master_deck":["Runesmith:Strike_RS+1","Runesmith:Defend_RS","Runesmith:Defend_RS+1","Runesmith:Defend_RS","Runesmith:CraftFirestone","Runesmith:Fortify","REME_Flogging","Runesmith:HeatedChisel","Runesmith:FieryHammer","Runesmith:EnergizedChisel","Runesmith:PoweredAnvil+1","Runesmith:UnstableHammer+1","Runesmith:RuneHurl","Runesmith:HammerAndChisel","Runesmith:LithiumIon+1","Runesmith:EarthShield","Runesmith:Supernova+1","Runesmith:Attraction+1","REME_Flogging+1","Runesmith:GoWithTheFlow+1","Discovery","Runesmith:HeatedChisel+1","Runesmith:HeatExchange","Runesmith:EarthShield+1","Runesmith:PoweredAnvil","Runesmith:OneForEveryone+1","Runesmith:HammerAndChisel+1","Runesmith:UnlimitedPower+1","REME_ShortnessOfBreath+1","Runesmith:CraftIndustria+1","Runesmith:Grindstone+1","Runesmith:BackupBattery+1","Runesmith:CraftObretio","Runesmith:CraftObretio+1","Runesmith:CraftObretio+1","Runesmith:HammerThrow+1","Runesmith:Refine","Runesmith:CraftVitae"],"relics":["Runesmith:BrokenRuby","REME_ComplimentaryCards","Gremlin Food","Dream Catcher","Golden Egg","Mirror","Replay:Accelerometer","ReplayTheSpireMod:TigerMarble","Painkiller Herb","HandDrill","Runesmith:AutoHammer","Matryoshka","Strawberry","Gremlin Horn","Nunchaku","Incense Burner","BargainBundle","Philosopher\u0027s Stone","Pen Nib","Meat on the Bone","Replay:Bottled Snecko","Replay:Multitool","Centennial Puzzle","Bronze Scales","ClockworkSouvenir","REME_HourglassOfDeath","Replay:PocketPolymizer"],"acts_visited":["Exordium","TheCity","TheBeyond"],"potions_floor_usage":[40,42,47,50],"damage_taken":[{"damage":1.0,"enemies":"Jaw Worm","floor":1.0,"turns":4.0},{"damage":0.0,"enemies":"Small Slimes","floor":2.0,"turns":2.0},{"damage":5.0,"enemies":"2 Louse","floor":4.0,"turns":2.0},{"damage":6.0,"enemies":"3 Sentries","floor":6.0,"turns":5.0},{"damage":20.0,"enemies":"Gremlin Nob","floor":12.0,"turns":4.0},{"damage":4.0,"enemies":"Exordium Thugs","floor":13.0,"turns":3.0},{"damage":14.0,"enemies":"Lagavulin","floor":14.0,"turns":5.0},{"damage":0.0,"enemies":"Slime Boss","floor":16.0,"turns":5.0},{"damage":10.0,"enemies":"2 Thieves","floor":18.0,"turns":3.0},{"damage":10.0,"enemies":"Spheric Guardian","floor":21.0,"turns":4.0},{"damage":11.0,"enemies":"Gremlin Leader","floor":23.0,"turns":5.0},{"damage":6.0,"enemies":"Snake Plant","floor":24.0,"turns":3.0},{"damage":0.0,"enemies":"Slavers","floor":25.0,"turns":3.0},{"damage":0.0,"enemies":"Book of Stabbing","floor":27.0,"turns":3.0},{"damage":17.0,"enemies":"Snecko","floor":28.0,"turns":4.0},{"damage":0.0,"enemies":"Gremlin Leader","floor":30.0,"turns":3.0},{"damage":1.0,"enemies":"Pondfish","floor":33.0,"turns":6.0},{"damage":4.0,"enemies":"Orb Walker","floor":35.0,"turns":2.0},{"damage":19.0,"enemies":"3 Shapes","floor":37.0,"turns":2.0},{"damage":4.0,"enemies":"Sphere and 2 Shapes","floor":38.0,"turns":3.0},{"damage":44,"enemies":"Reptomancer","floor":40,"turns":4},{"damage":0,"enemies":"3 Darklings","floor":41,"turns":2},{"damage":0,"enemies":"R_Hoarder","floor":42,"turns":4},{"damage":0,"enemies":"Giant Head","floor":44,"turns":4},{"damage":8,"enemies":"4 Shapes","floor":46,"turns":3},{"damage":16,"enemies":"R_Hoarder","floor":47,"turns":5},{"damage":2,"enemies":"Donu and Deca","floor":50,"turns":4}],"seed_played":"-1448113997347545015","potions_obtained":[{"floor":1.0,"key":"Milkshake"},{"floor":2.0,"key":"GamblersBrew"},{"floor":14.0,"key":"LifebloodPotion"},{"floor":16.0,"key":"Swift Potion"},{"floor":24.0,"key":"LifebloodPotion"},{"floor":25.0,"key":"EssenceOfSteel"},{"floor":27.0,"key":"Adrenaline Potion"},{"floor":30.0,"key":"Explosive Potion"},{"floor":37.0,"key":"DuplicationPotion"},{"floor":41,"key":"FearPotion"},{"floor":47,"key":"DuplicationPotion"}],"is_trial":false,"path_per_floor":["M","M","?","M","?","E","R","T","T","?","$","E","M","E","R","B",null,"?","?","T","?","?","E","?","E","T","E","?","T","E","T","T","B",null,"?","?","?","?","?","E","?","E","T","E","T","?","E","T","T","B",null],"character_chosen":"RUNESMITH_CLASS","items_purchased":["Runesmith:UnstableHammer","REME_Flogging","HandDrill","BargainBundle","Regen Potion","Runesmith:UnlimitedPower","REME_ShortnessOfBreath","Bronze Scales","ClockworkSouvenir","Regen Potion","Replay:PocketPolymizer"],"campfire_rested":4,"item_purchase_floors":[11,20,20,31,31,31,31,45,45,45,48],"current_hp_per_floor":[69,69,69,64,64,58,58,58,58,58,58,38,34,20,41,41,70,60,53,53,43,31,20,14,14,21,21,4,27,27,27,50,64,77,73,73,54,50,50,6,6,6,6,18,18,22,32,32,55,53],"gold":9,"neow_bonus":"RANDOM_COMMON_RELIC","is_daily":false,"chose_seed":false,"campfire_upgraded":1,"win_rate":0.0,"timestamp":1611576830,"path_taken":["M","M","?","M","?","E","R","?","T","?","?","E","M","E","R","BOSS","?","?","?","?","?","E","?","E","T","E","?","T","E","T","T","BOSS","?","?","?","?","?","E","?","E","T","E","?","?","E","T","T","BOSS"],"items_purchased_type":["Card","Card","Relic","Relic","Potion","Card","Card","Relic","Relic","Potion","Relic"],"build_version":"2020-12-22","purchased_purges":2,"victory":true,"max_hp_per_floor":[70,70,70,70,70,70,70,70,70,70,70,70,70,70,70,70,70,70,70,70,70,70,70,70,70,77,77,77,77,77,77,77,77,77,77,77,77,77,77,77,77,77,77,77,77,77,77,77,77,77],"card_choices":[{"not_picked":["Runesmith:EnergizedChisel","aspiration:UnbridledHammer"],"picked":"Runesmith:HeatedChisel","floor":1.0},{"not_picked":["Runesmith:CraftIncendium","Runesmith:WhiteBalance"],"picked":"Runesmith:FieryHammer","floor":2.0},{"not_picked":["Runesmith:BackupBattery","Runesmith:PerfectChisel"],"picked":"Runesmith:EnergizedChisel","floor":4.0},{"not_picked":["Runesmith:MakeshiftArmor","Runesmith:BackupBattery"],"picked":"Runesmith:PoweredAnvil","floor":6.0},{"not_picked":["Runesmith:CraftProtectio","Runesmith:Malloc"],"picked":"Runesmith:RuneHurl","floor":12.0},{"not_picked":["Runesmith:EnergizedChisel","Runesmith:HeatedChisel"],"picked":"Runesmith:HammerAndChisel","floor":13.0},{"not_picked":["Runesmith:NanitesCloud","Runesmith:Firewall"],"picked":"Runesmith:LithiumIon","floor":14.0},{"not_picked":["Runesmith:HeatedChisel","Runesmith:WhiteBalance"],"picked":"Runesmith:EarthShield","floor":15.0},{"not_picked":["Runesmith:DuctTape","Runesmith:GenerateForcefield"],"picked":"Runesmith:Supernova","floor":16.0},{"not_picked":["Runesmith:Overpower","Runesmith:StaticCage"],"picked":"Runesmith:Attraction","floor":18.0},{"not_picked":["Runesmith:HeatExchange+1","Runesmith:Overpower"],"picked":"Runesmith:GoWithTheFlow+1","floor":21.0},{"not_picked":["Runesmith:Malloc","Runesmith:HeatExchange+1","Runesmith:EnergizedChisel"],"picked":"SKIP","floor":23.0},{"not_picked":["Runesmith:Electrocute","Runesmith:HeatExchange"],"picked":"Runesmith:HeatedChisel+1","floor":24.0},{"not_picked":["Runesmith:ShiftingStrike","Runesmith:Superposition"],"picked":"Runesmith:HeatExchange","floor":25.0},{"not_picked":["Runesmith:MakeshiftArmor","Runesmith:ChargedHammer"],"picked":"Runesmith:EarthShield+1","floor":27.0},{"not_picked":["Runesmith:CraftProtectio","Runesmith:NegativeSpace"],"picked":"Runesmith:PoweredAnvil","floor":28.0},{"not_picked":["Runesmith:Grindstone","Runesmith:Permafrost"],"picked":"Runesmith:OneForEveryone+1","floor":29.0},{"not_picked":["Runesmith:Attraction","Runesmith:Grindstone"],"picked":"Runesmith:HammerAndChisel+1","floor":30.0},{"not_picked":["Runesmith:Duplicate","Runesmith:FissionHammer"],"picked":"Runesmith:CraftIndustria","floor":33.0},{"not_picked":["Runesmith:HeatedChisel","Runesmith:RunicBlueprint"],"picked":"Runesmith:Grindstone+1","floor":35.0},{"not_picked":["Runesmith:HeatedChisel","Runesmith:ShiftingStrike"],"picked":"Runesmith:BackupBattery+1","floor":37.0},{"not_picked":["Runesmith:Terraform","Runesmith:ChiselStab+1","Runesmith:Repurpose"],"picked":"SKIP","floor":38.0},{"not_picked":["Runesmith:UnlimitedPower","Runesmith:ElementalConversion","Runesmith:ChaoticBlast"],"picked":"SKIP","floor":40},{"not_picked":["Runesmith:EnergizedChisel+1","Runesmith:HeatExchange+1"],"picked":"Runesmith:CraftObretio+1","floor":41},{"not_picked":["Runesmith:Refine","Runesmith:Terraform","Runesmith:DuctTape"],"picked":"SKIP","floor":42},{"not_picked":["Runesmith:CraftSpiculum","Runesmith:HammerThrow+1"],"picked":"Runesmith:CraftObretio+1","floor":44},{"not_picked":["Runesmith:ChiselStab+1","Runesmith:CraftVitae"],"picked":"Runesmith:HammerThrow+1","floor":46},{"not_picked":["Runesmith:HeatExchange","Runesmith:Overpower","Runesmith:UnstableHammer+1"],"picked":"SKIP","floor":47},{"not_picked":["Runesmith:EarthShield","Runesmith:EnergizedChisel+1"],"picked":"Runesmith:CraftVitae","floor":49}],"player_experience":200807,"relics_obtained":[{"floor":6.0,"key":"Dream Catcher"},{"floor":8.0,"key":"Golden Egg"},{"floor":9.0,"key":"Mirror"},{"floor":12.0,"key":"Replay:Accelerometer"},{"floor":14.0,"key":"ReplayTheSpireMod:TigerMarble"},{"floor":23.0,"key":"Runesmith:AutoHammer"},{"floor":25.0,"key":"Matryoshka"},{"floor":26.0,"key":"Strawberry"},{"floor":26.0,"key":"Gremlin Horn"},{"floor":27.0,"key":"Nunchaku"},{"floor":30.0,"key":"Incense Burner"},{"floor":40,"key":"Pen Nib"},{"floor":42,"key":"Meat on the Bone"},{"floor":43,"key":"Replay:Bottled Snecko"},{"floor":43,"key":"Replay:Multitool"},{"floor":44,"key":"Centennial Puzzle"},{"floor":47,"key":"REME_HourglassOfDeath"}],"event_choices":[{"cards_removed":["Runesmith:Strike_RS"],"damage_healed":0.0,"max_hp_gain":0.0,"max_hp_loss":0.0,"gold_gain":0.0,"event_name":"The Cleric","player_choice":"Card Removal","floor":3.0,"gold_loss":50.0,"damage_taken":0.0},{"damage_healed":0.0,"max_hp_gain":0.0,"max_hp_loss":0.0,"gold_gain":0.0,"event_name":"Liars Game","player_choice":"Ignored","floor":5.0,"gold_loss":0.0,"damage_taken":0.0},{"damage_healed":0.0,"max_hp_gain":0.0,"max_hp_loss":0.0,"gold_gain":75.0,"event_name":"FaceTrader","player_choice":"Touch","floor":19.0,"gold_loss":0.0,"damage_taken":7.0},{"damage_healed":0.0,"max_hp_gain":0.0,"max_hp_loss":0.0,"gold_gain":0.0,"event_name":"Knowing Skull","player_choice":"CARD ","floor":22.0,"potions_obtained":[],"gold_loss":0.0,"damage_taken":12.0,"cards_obtained":["Discovery"]},{"damage_healed":0.0,"max_hp_gain":0.0,"max_hp_loss":0.0,"gold_gain":100.0,"event_name":"Golden Shrine","player_choice":"Pray","floor":36.0,"gold_loss":0.0,"damage_taken":0.0},{"damage_healed":0.0,"max_hp_gain":0.0,"max_hp_loss":0.0,"gold_gain":0.0,"cards_transformed":["Runesmith:Strike_RS"],"event_name":"Transmorgrifier","player_choice":"Transformed","floor":39.0,"gold_loss":0.0,"damage_taken":0.0,"cards_obtained":["Runesmith:CraftObretio"]}],"is_beta":false,"boss_relics":[{"not_picked":["ReplayTheSpireMod:DimensionalGlitch","Coffee Dripper"],"picked":"Painkiller Herb"},{"not_picked":["aspiration:RandomNobGenerator","SacredBark"],"picked":"Philosopher\u0027s Stone"}],"items_purged_floors":[20,31],"is_endless":false,"potions_floor_spawned":[1,2,14,16,24,25,27,30,37,41,47],"ascension_level":1}}