{"host":"Arthrogeddon","time":1611575353,"event":{"mods":["BaseMod","Beaked The Cultist","ChefMod","Downfall","Glutton Mod","Hermit","Highlight Path","Infinite Spire","Mad Scientist","Minty Spire (QoL Compilation)","StSLib","The Construct","The Cursed","The Disciple","The Hierophant","The Marked","The Mystic","The Necromancer","The Runesmith","The Witch"],"gold_per_floor":[109,109,109,121,141,175,193,219,219,64,64,64,64,81,81,185,185,196,121,136,496,511,537,537,552,575,594,613,644,644,664,664,764,814,833,845,860,860,915,915,930,941,941,1163,238,257,267,285,285,285],"floor_reached":51,"language":"ENG","playtime":5181,"items_purged":["Defend_W","Strike_W"],"score":685,"play_id":"e4ec143d-b71a-4216-98cd-eb9cae1fa3e6","local_time":"20210125124913","is_ascension_mode":false,"campfire_choices":[{"data":"Summon_Lich","floor":13.0,"key":"SMITH"},{"floor":15.0,"key":"REST"},{"floor":24.0,"key":"REST"},{"floor":30.0,"key":"REST"},{"data":"Cloudkill","floor":32.0,"key":"SMITH"},{"floor":40.0,"key":"REST"},{"floor":49,"key":"REST"}],"circlet_count":0,"master_deck":["Strike_W","Defend_W","Defend_W","Defend_W","Negative_Energy_Arrows","Bone_Wall","Vampiric_Strike","Negative_Energy_Shield","Vampiric_Strike","Death_March_Dance","Negative_Energy_Javelin","Skeleton_Dragon","Summon_Lich+1","Iron Wave","Cloudkill+1","Bone_Armor+1","Bone_Armor","Negative_Energy_Shield","Spectral_Armor+1","Stop_Heart","Slay_Living+1","Summon_Vampire_Lady","Toxic_Smoke_Screen+1","Life_Tap","Requiem","Summon_Lich","Flash of Steel","Cloudkill"],"relics":["Vampire_Amulet","infinitespire:Beetle Shell","Ornamental Fan","infinitespire:CursedDice","construct:WeddingRing","Ginger","Anchor","Red Mask","Tiny House","Unceasing Top","infinitespire:Bottled Soul","ClockworkSouvenir","Potion Belt","Happy Flower"],"acts_visited":["Exordium","TheCity","TheBeyond"],"potions_floor_usage":[50,50],"damage_taken":[{"damage":0.0,"enemies":"2 Louse","floor":1.0,"turns":2.0},{"damage":1.0,"enemies":"Cultist","floor":4.0,"turns":4.0},{"damage":0.0,"enemies":"Jaw Worm","floor":5.0,"turns":4.0},{"damage":33.0,"enemies":"Gremlin Nob","floor":6.0,"turns":6.0},{"damage":7.0,"enemies":"Exordium Thugs","floor":7.0,"turns":8.0},{"damage":33.0,"enemies":"Lagavulin","floor":8.0,"turns":8.0},{"damage":4.0,"enemies":"Red Slaver","floor":14.0,"turns":4.0},{"damage":10.0,"enemies":"Hexaghost","floor":16.0,"turns":7.0},{"damage":20.0,"enemies":"2 Thieves","floor":18.0,"turns":4.0},{"damage":0.0,"enemies":"3 Byrds","floor":20.0,"turns":3.0},{"damage":14.0,"enemies":"Cultist and Chosen","floor":22.0,"turns":5.0},{"damage":27.0,"enemies":"Gremlin Leader","floor":23.0,"turns":6.0},{"damage":21.0,"enemies":"Snake Plant","floor":25.0,"turns":5.0},{"damage":10.0,"enemies":"3 Cultists","floor":27.0,"turns":4.0},{"damage":13.0,"enemies":"Centurion and Healer","floor":28.0,"turns":7.0},{"damage":0.0,"enemies":"Masked Bandits","floor":29.0,"turns":2.0},{"damage":11.0,"enemies":"Snecko","floor":31.0,"turns":5.0},{"damage":66.0,"enemies":"Automaton","floor":33.0,"turns":10.0},{"damage":11.0,"enemies":"Orb Walker","floor":35.0,"turns":4.0},{"damage":4.0,"enemies":"3 Shapes","floor":36.0,"turns":5.0},{"damage":6.0,"enemies":"Jaw Worm Horde","floor":37.0,"turns":3.0},{"damage":52.0,"enemies":"2 Orb Walkers","floor":39.0,"turns":5.0},{"damage":29.0,"enemies":"Transient","floor":41.0,"turns":5.0},{"damage":27.0,"enemies":"Writhing Mass","floor":42.0,"turns":6.0},{"damage":0.0,"enemies":"Jaw Worm Horde","floor":46.0,"turns":2.0},{"damage":26.0,"enemies":"Spire Growth","floor":47.0,"turns":6.0},{"damage":21.0,"enemies":"Maw","floor":48.0,"turns":8.0},{"damage":54,"enemies":"Donu and Deca","floor":50,"turns":9}],"seed_played":"-7202073915037523895","potions_obtained":[{"floor":1.0,"key":"BlessingOfTheForge"},{"floor":3.0,"key":"Fire Potion"},{"floor":3.0,"key":"PowerPotion"},{"floor":18.0,"key":"SkillPotion"},{"floor":23.0,"key":"DuplicationPotion"},{"floor":25.0,"key":"BlessingOfTheForge"},{"floor":29.0,"key":"SkillPotion"},{"floor":33.0,"key":"Dexterity Potion"},{"floor":34.0,"key":"Fire Potion"},{"floor":36.0,"key":"AttackPotion"},{"floor":39.0,"key":"SkillPotion"},{"floor":41.0,"key":"Slimebound:ThreeZeroPotion"},{"floor":42.0,"key":"Fire Potion"}],"is_trial":false,"path_per_floor":["M","?","?","M","M","E","M","E","T","$","?","$","R","M","R","B",null,"M","?","M","?","M","E","R","M","T","M","M","?","R","M","R","B",null,"M","M","M","?","?","R","M","M","T","?","$","M","M","M","R","B",null],"character_chosen":"NECROMANCER","items_purchased":["Summon_Lich","ClockworkSouvenir","Potion Belt","Happy Flower","Summon_Lich","LiquidMemories","Block Potion","Flash of Steel","Cloudkill"],"campfire_rested":5,"item_purchase_floors":[10,45,45,45,45,45,45,45,45],"current_hp_per_floor":[82,82,82,82,82,53,56,30,30,30,30,30,30,32,56,52,82,66,66,73,37,31,20,44,27,27,26,20,26,50,41,41,33,87,84,87,87,87,41,67,48,25,25,25,25,31,26,15,41,6],"gold":285,"neow_bonus":"TEN_PERCENT_HP_BONUS","is_daily":false,"chose_seed":false,"campfire_upgraded":2,"win_rate":0.0,"timestamp":1611575353,"path_taken":["M","?","?","?","M","E","M","E","T","$","?","?","R","M","R","BOSS","M","?","M","?","?","E","R","M","T","M","M","?","R","M","R","BOSS","M","M","M","?","?","R","M","M","T","?","$","M","M","M","R","BOSS"],"items_purchased_type":["Card","Relic","Relic","Relic","Card","Potion","Potion","Card","Card"],"build_version":"2020-11-17","purchased_purges":2,"victory":true,"max_hp_per_floor":[82,82,82,82,82,82,82,82,82,82,82,82,82,82,82,82,82,82,82,82,82,82,82,82,82,82,82,82,82,82,82,82,82,87,87,87,87,87,87,87,87,87,87,87,87,87,87,87,87,87],"card_choices":[{"not_picked":["Blood_for_Blood","Negative_Energy_Burst"],"picked":"Vampiric_Strike","floor":1.0},{"not_picked":["Blood_Shield","Strike_from_Beyond"],"picked":"Negative_Energy_Shield","floor":4.0},{"not_picked":["Shackles_Of_Pain","Blood_Curse"],"picked":"Vampiric_Strike","floor":5.0},{"not_picked":["Negative_Energy_Mist","Blood_Is_Power"],"picked":"Death_March_Dance","floor":6.0},{"not_picked":["Chill_Blood","Bone_Armor"],"picked":"Negative_Energy_Javelin","floor":7.0},{"not_picked":["Vampiric_Strike","Bone_Spikes"],"picked":"Skeleton_Dragon","floor":8.0},{"not_picked":["Scare","Negative_Energy_Sphere","Bones_to_Steel"],"picked":"SKIP","floor":14.0},{"not_picked":["Reap_The_Weak","Negative_Energy_Bomb"],"picked":"Cloudkill","floor":16.0},{"not_picked":["Necrotic_Claws","Negative_Energy_Shield"],"picked":"Bone_Armor+1","floor":18.0},{"not_picked":["Thousand_Bone_Knives","Negative_Energy_Javelin"],"picked":"Bone_Armor","floor":20.0},{"not_picked":["Negative_Energy_Sphere","Consume_Illness","Negative_Energy_Mist+1"],"picked":"SKIP","floor":22.0},{"not_picked":["Blood_Wake","Epidemic"],"picked":"Negative_Energy_Shield","floor":23.0},{"not_picked":["Scare+1","Negative_Energy_Mist","Negative_Energy_Shield"],"picked":"SKIP","floor":25.0},{"not_picked":["Acid_Javelin","Bone_Armory","Bone_Armor"],"picked":"SKIP","floor":27.0},{"not_picked":["Strike_from_Beyond+1","Consume_Illness"],"picked":"Spectral_Armor","floor":28.0},{"not_picked":["Spectral_Armor","Consume_Illness+1"],"picked":"Stop_Heart","floor":29.0},{"not_picked":["Hellfire","Summon_Lich+1"],"picked":"Slay_Living+1","floor":31.0},{"not_picked":["Reap_The_Weak","Blood_Wake"],"picked":"Summon_Vampire_Lady","floor":33.0},{"not_picked":["Plague_Bolt","Bone_Prison+1","Death_Coil+1"],"picked":"SKIP","floor":35.0},{"not_picked":["Bone_Shift+1","Negative_Energy_Shield"],"picked":"Toxic_Smoke_Screen+1","floor":36.0},{"not_picked":["Blood_Curse+1","Consume_Illness+1"],"picked":"Life_Tap","floor":37.0},{"not_picked":["Death_March_Dance","Finger_Of_Death"],"picked":"Requiem","floor":39.0},{"not_picked":["Shackles_Of_Pain","Plague_Bolt+1","Finger_Of_Death"],"picked":"SKIP","floor":41.0},{"not_picked":["Necrotic_Claws+1","Negative_Energy_Shield","Strike_from_Beyond"],"picked":"SKIP","floor":42.0},{"not_picked":["Chill_Blood","Exploit+1","Stop_Heart"],"picked":"SKIP","floor":46.0},{"not_picked":["Shackles_Of_Pain","Negative_Energy_Mist+1","Negative_Energy_Sphere"],"picked":"SKIP","floor":47.0},{"not_picked":["Blood_Whip+1","Blood_Wake","Bone_Shift+1"],"picked":"SKIP","floor":48.0}],"player_experience":5299,"relics_obtained":[{"floor":6.0,"key":"infinitespire:Beetle Shell"},{"floor":8.0,"key":"Ornamental Fan"},{"floor":9.0,"key":"infinitespire:CursedDice"},{"floor":23.0,"key":"Ginger"},{"floor":26.0,"key":"Anchor"},{"floor":29.0,"key":"Red Mask"},{"floor":39.0,"key":"Unceasing Top"},{"floor":43.0,"key":"infinitespire:Bottled Soul"}],"event_choices":[{"damage_healed":0.0,"max_hp_gain":0.0,"max_hp_loss":0.0,"gold_gain":0.0,"event_name":"Lab","player_choice":"Got Potions","floor":3.0,"gold_loss":0.0,"damage_taken":0.0},{"cards_removed":["Strike_W"],"damage_healed":0.0,"max_hp_gain":0.0,"max_hp_loss":0.0,"gold_gain":0.0,"event_name":"NoteForYourself","player_choice":"Took Card","floor":11.0,"gold_loss":0.0,"damage_taken":0.0,"cards_obtained":["Iron Wave"]},{"cards_removed":["Strike_W"],"damage_healed":0.0,"max_hp_gain":0.0,"max_hp_loss":0.0,"gold_gain":0.0,"event_name":"Beggar","player_choice":"Gave Gold","floor":19.0,"gold_loss":75.0,"damage_taken":0.0},{"damage_healed":0.0,"max_hp_gain":0.0,"max_hp_loss":0.0,"gold_gain":360.0,"event_name":"Knowing Skull","player_choice":"GOLD GOLD GOLD GOLD ","floor":21.0,"potions_obtained":[],"gold_loss":0.0,"damage_taken":36.0,"cards_obtained":[]},{"damage_healed":0.0,"max_hp_gain":0.0,"max_hp_loss":0.0,"gold_gain":0.0,"event_name":"Masked Bandits","player_choice":"Fought Bandits","floor":29.0,"gold_loss":0.0,"damage_taken":0.0},{"damage_healed":0.0,"max_hp_gain":0.0,"max_hp_loss":0.0,"gold_gain":0.0,"event_name":"SensoryStone","player_choice":"Memory 1","floor":38.0,"gold_loss":0.0,"damage_taken":0.0},{"damage_healed":0.0,"max_hp_gain":0.0,"max_hp_loss":0.0,"gold_gain":0.0,"event_name":"Mysterious Sphere","player_choice":"Fight","floor":39.0,"gold_loss":0.0,"damage_taken":0.0},{"damage_healed":0.0,"max_hp_gain":0.0,"max_hp_loss":0.0,"gold_gain":222.0,"event_name":"Tomb of Lord Red Mask","player_choice":"Wore Mask","floor":44.0,"gold_loss":0.0,"damage_taken":0.0}],"is_beta":true,"boss_relics":[{"not_picked":["Coffee Dripper","SlaversCollar"],"picked":"construct:WeddingRing"},{"not_picked":["Snecko Eye","Black Star"],"picked":"Tiny House"}],"items_purged_floors":[10,45],"is_endless":false,"potions_floor_spawned":[1,8,14,18,23,25,29,33,36,39,41,42],"ascension_level":0}}