{"host":"z4nt7tdd4gjrinn7","time":1611557764,"event":{"mods":["100% Spire Juice","BaseMod","Minty Spire (QoL Compilation)","StS++","StSLib","The Hierophant"],"gold_per_floor":[114,125,125,58,68,94,94,111,111,111,131,29,29,47,47,150,150,164,164,181,193,210,242,242,96,96,96,196,107,121,134,134,134,134],"floor_reached":33,"language":"ENG","playtime":4719,"items_purged":[],"score":344,"play_id":"bbf1a91b-e795-402f-9eae-f6e506da5eaa","local_time":"20210125015604","is_ascension_mode":false,"campfire_choices":[{"floor":10,"key":"REST"},{"floor":13,"key":"REST"},{"floor":15,"key":"REST"},{"floor":24,"key":"REST"},{"floor":27,"key":"REST"},{"floor":32,"key":"REST"}],"circlet_count":0,"master_deck":["Strike_B","Strike_B","Strike_B","Strike_B","Defend_B","Defend_B","Defend_B","Defend_B","Zap","Dualcast","Gash","Stack","Self Repair+1","BootSequence","Echo Form","Chill","Barrage","Capacitor","Conserve Battery","Cold Snap","Meteor Strike","Meteor Strike","Multi-Cast","StSpp:MemoryLeak","Core Surge","Machine Learning","Hyperbeam","Buffer","Fission","Seek","StSpp:Saturation","StSpp:CopyPaste","Electrodynamics","All For One","StSpp:Converter","Amplify","Creative AI","Reboot","Thunder Strike","Rainbow","Biased Cognition","Echo Form","Gash","StSpp:Igniter","Tempest","Ball Lightning","Hello World+1","Sweeping Beam","Gash","Chaos","Gash","Sweeping Beam+1","Self Repair"],"relics":["Cracked Core","NeowsBlessing","Bottled Flame","Incense Burner","Calipers","StSpp:CrystalBall","Shovel","Dream Catcher","FossilizedHelix"],"acts_visited":["Exordium","TheCity"],"potions_floor_usage":[8,9,21,22,22,31,33],"damage_taken":[{"damage":0,"enemies":"Small Slimes","floor":1,"turns":1},{"damage":0,"enemies":"Jaw Worm","floor":2,"turns":1},{"damage":0,"enemies":"Cultist","floor":5,"turns":1},{"damage":40,"enemies":"Lagavulin","floor":6,"turns":8},{"damage":33,"enemies":"Gremlin Gang","floor":8,"turns":4},{"damage":11,"enemies":"Large Slime","floor":11,"turns":6},{"damage":10,"enemies":"Red Slaver","floor":14,"turns":4},{"damage":70,"enemies":"Hexaghost","floor":16,"turns":14},{"damage":3,"enemies":"Chosen","floor":18,"turns":6},{"damage":21,"enemies":"Shell Parasite","floor":20,"turns":8},{"damage":30,"enemies":"Centurion and Healer","floor":21,"turns":6},{"damage":25,"enemies":"Snecko","floor":22,"turns":4},{"damage":32,"enemies":"Slavers","floor":23,"turns":4},{"damage":15,"enemies":"3 Cultists","floor":30,"turns":4},{"damage":12,"enemies":"Cultist and Chosen","floor":31,"turns":7},{"damage":79,"enemies":"Collector","floor":33,"turns":7}],"seed_played":"3398265018968135680","potions_obtained":[{"floor":2,"key":"EssenceOfSteel"},{"floor":5,"key":"GamblersBrew"},{"floor":8,"key":"Fruit Juice"},{"floor":18,"key":"EssenceOfSteel"},{"floor":21,"key":"LiquidBronze"},{"floor":22,"key":"GamblersBrew"},{"floor":31,"key":"Fruit Juice"}],"is_trial":false,"path_per_floor":["M","M","?","$","M","E","?","M","T","R","M","$","R","M","R","B",null,"M","?","M","M","M","E","R","$","T","R","?","$","M","M","R","B"],"character_chosen":"DEFECT","items_purchased":["Self Repair","Capacitor","Conserve Battery","Dream Catcher","Gash","Chaos"],"campfire_rested":6,"item_purchase_floors":[4,12,12,25,29,29],"current_hp_per_floor":[75,75,75,75,75,42,42,16,21,45,41,41,65,62,80,17,80,80,80,69,59,34,12,36,36,36,60,60,60,45,48,73,0,0],"gold":134,"neow_bonus":"THREE_ENEMY_KILL","is_daily":false,"chose_seed":false,"campfire_upgraded":0,"win_rate":0.0,"timestamp":1611557764,"path_taken":["M","M","?","$","M","E","?","M","T","R","M","$","R","M","R","BOSS","M","?","?","M","?","E","R","$","T","R","?","$","M","M","R","BOSS"],"items_purchased_type":["Card","Card","Card","Relic","Card","Card"],"build_version":"2020-12-22","purchased_purges":0,"victory":false,"max_hp_per_floor":[75,75,75,75,75,75,75,75,80,80,80,80,80,80,80,80,80,80,80,80,80,80,80,80,80,80,80,80,80,80,85,85,85,85],"card_choices":[{"not_picked":["Beam Cell","Rebound"],"picked":"Gash","floor":1},{"not_picked":["Ball Lightning","Turbo"],"picked":"Stack","floor":2},{"not_picked":["Coolheaded","Heatsinks"],"picked":"BootSequence","floor":5},{"not_picked":["Heatsinks","Hello World"],"picked":"Echo Form","floor":6},{"not_picked":["Chaos","Hologram"],"picked":"Chill","floor":8},{"not_picked":["Rebound","Turbo"],"picked":"Barrage","floor":11},{"not_picked":["Steam","Double Energy"],"picked":"Cold Snap","floor":14},{"not_picked":["Biased Cognition","Reboot"],"picked":"Meteor Strike","floor":16},{"not_picked":["Cold Snap","Sunder"],"picked":"Gash","floor":18},{"not_picked":["Undo","Stack"],"picked":"StSpp:Igniter","floor":20},{"not_picked":["Leap+1","Go for the Eyes"],"picked":"Tempest","floor":21},{"not_picked":["Turbo","Steam"],"picked":"Ball Lightning","floor":22},{"not_picked":["Hologram","Compile Driver"],"picked":"Hello World+1","floor":23},{"not_picked":["Ball Lightning","Lockon"],"picked":"Sweeping Beam","floor":27},{"not_picked":["Leap+1","StSpp:Fierceness+1"],"picked":"Gash","floor":30},{"not_picked":["Compile Driver","Conserve Battery"],"picked":"Sweeping Beam+1","floor":31},{"not_picked":["Undo","Core Surge"],"picked":"Self Repair","floor":32}],"player_experience":170147,"relics_obtained":[{"floor":6,"key":"Bottled Flame"},{"floor":9,"key":"Calipers"},{"floor":23,"key":"Shovel"},{"floor":26,"key":"FossilizedHelix"}],"event_choices":[{"damage_healed":0,"gold_gain":0,"player_choice":"Fled","damage_taken":0,"max_hp_gain":0,"max_hp_loss":0,"event_name":"Scrap Ooze","floor":3,"gold_loss":0},{"damage_healed":0,"gold_gain":0,"player_choice":"Searched \u00271\u0027 times","damage_taken":0,"relics_obtained":["Incense Burner"],"max_hp_gain":0,"max_hp_loss":0,"event_name":"Dead Adventurer","floor":7,"gold_loss":0},{"damage_healed":0,"gold_gain":0,"player_choice":"Upgraded","damage_taken":0,"max_hp_gain":0,"max_hp_loss":0,"event_name":"Upgrade Shrine","floor":19,"gold_loss":0,"cards_upgraded":["Self Repair"]},{"damage_healed":0,"gold_gain":100,"player_choice":"Pray","damage_taken":0,"max_hp_gain":0,"max_hp_loss":0,"event_name":"Golden Shrine","floor":28,"gold_loss":0}],"is_beta":false,"boss_relics":[{"not_picked":["StSpp:FireArrow","FrozenCore"],"picked":"StSpp:CrystalBall"}],"items_purged_floors":[],"is_endless":false,"potions_floor_spawned":[2,5,8,18,21,22,31],"killed_by":"Collector","ascension_level":0}}