{"host":"8s7r99mpv862ws6o","time":1611599858,"event":{"mods":["AchievementEnabler","Act Like it!","BaseMod","Chen","Gensokyo","GifTheSpireLib","Koishi","Marisa£®ÏF”Í°°ƒß¿Ì…≥£©","Minty Spire (QoL Compilation)","Quick Restart","Remilia£®¿Ÿ√◊¿Ú—«£©","StSLib","The Servant 0.9.4","UnlockEverythingMod","Youmu£®ªÍ∆«—˝√Œ£©","Yuyuko"],"gold_per_floor":[216,216,216,1362,1374,1400,1416,1316,1316,1316,1348,1368,1387,279,279,376,376,391,407,935,935,952,983,983,994,994,994,1020,1020,398,427,427,523,523,540,351,148,148,161,195,195,224,276,307,13,13,29,55,55,55,55,55,55,86,86],"floor_reached":56,"language":"ZHS","playtime":5436,"items_purged":["Pain","Strike_S","Strike_S","RealityMarble+1","Defend_S"],"score":1684,"play_id":"7afaa795-6e6c-4df8-8843-e01d22707387","local_time":"20210126023738","is_ascension_mode":true,"campfire_choices":[{"data":"Sunlight","floor":15.0,"key":"SMITH"},{"data":"FloweringNight","floor":24.0,"key":"SMITH"},{"data":"Alleviate","floor":27.0,"key":"SMITH"},{"data":"PendulumOfEternity","floor":29.0,"key":"SMITH"},{"data":"RealityMarble","floor":32.0,"key":"SMITH"},{"floor":49,"key":"RECALL"},{"data":"Defend_S","floor":52,"key":"PURGE"}],"circlet_count":0,"master_deck":["Strike_S","Strike_S","Defend_S+1","Defend_S","KidneyShot","Exchange","Starlight","BottledTime","Rewind","Rearm","Revamp","Sunlight+1","PendulumOfEternity+1","Master of Strategy","Finesse","FanOfKnives","FloweringNight+1","Foresight","TimeWarp","Dilation","BottledTime","Luminosity","Potential+1","Alleviate+1","Misdirection+1","Defy","SpecialFormula","Gensokyo:Doppelganger","Master of Strategy","TheWorld","ShatteredReality","Potential","BestPractice+1","TimeWarp","TheWorld"],"relics":["Uniform","Gensokyo:LunaticRedEyes","Strawberry","PreservedInsect","Sundial","Chemical X","Toy Ornithopter","Letter Opener","Kunai","Happy Flower","Art of War","Pen Nib","Peace Pipe","Sling","MysterySword","Prayer Wheel","Gremlin Horn","HandDrill","Gensokyo:MosesMiracle","Lantern","Shuriken","Frozen Egg 2","DollysMirror","TheAbacus","Bag of Marbles","Runic Pyramid","Nunchaku","Strange Spoon","Dead Branch","ScarletDevilRocket","Turnip","Oddly Smooth Stone","Vajra","Blue Candle","Eternal Feather","Mummified Hand"],"acts_visited":["Exordium","Gensokyo:Gensokyo","Gensokyo:Gensokyoer","TheEnding"],"potions_floor_usage":[55,55],"damage_taken":[{"damage":4.0,"enemies":"Gensokyo:Python","floor":1.0,"turns":3.0},{"damage":0.0,"enemies":"Gensokyo:3_Fairies","floor":5.0,"turns":3.0},{"damage":4.0,"enemies":"Gensokyo:Aya","floor":6.0,"turns":5.0},{"damage":0.0,"enemies":"Gensokyo:2_Kodama","floor":7.0,"turns":2.0},{"damage":24.0,"enemies":"Gensokyo:Mamizou","floor":11.0,"turns":11.0},{"damage":7.0,"enemies":"Gensokyo:2_Rabbits","floor":12.0,"turns":4.0},{"damage":7.0,"enemies":"Gensokyo:VengefulSpirit","floor":13.0,"turns":4.0},{"damage":5.0,"enemies":"Gensokyo:Yukari","floor":16.0,"turns":5.0},{"damage":33.0,"enemies":"Gensokyo:CosmicMonolith","floor":18.0,"turns":3.0},{"damage":25.0,"enemies":"Gensokyo:2_Gloops","floor":19.0,"turns":3.0},{"damage":0.0,"enemies":"Gensokyo:Swordslinger","floor":22.0,"turns":3.0},{"damage":0.0,"enemies":"Gensokyo:Reisen","floor":23.0,"turns":3.0},{"damage":0.0,"enemies":"Gensokyo:Slime_Group","floor":25.0,"turns":3.0},{"damage":19.0,"enemies":"Gensokyo:Koishi","floor":28.0,"turns":4.0},{"damage":0.0,"enemies":"Gensokyo:Reisen","floor":31.0,"turns":2.0},{"damage":0.0,"enemies":"Gensokyo:Kaguya","floor":33.0,"turns":7.0},{"damage":12.0,"enemies":"Gensokyo:AncientGuardian","floor":35.0,"turns":6.0},{"damage":0.0,"enemies":"Gensokyo:3_Boulders","floor":39.0,"turns":3.0},{"damage":2.0,"enemies":"Gensokyo:Doremy","floor":40.0,"turns":4.0},{"damage":0.0,"enemies":"Gensokyo:Marisa","floor":42.0,"turns":1.0},{"damage":0.0,"enemies":"Gensokyo:Kasen","floor":44.0,"turns":3.0},{"damage":0.0,"enemies":"Gensokyo:SeedOfUnknown","floor":47.0,"turns":3.0},{"damage":0.0,"enemies":"Gensokyo:Marisa","floor":48.0,"turns":2.0},{"damage":0,"enemies":"Gensokyo:Scarlet_Devils","floor":50,"turns":7},{"damage":0,"enemies":"Shield and Spear","floor":54,"turns":1},{"damage":7,"enemies":"The Heart","floor":55,"turns":5}],"seed_played":"6764726924471586025","potions_obtained":[{"floor":5.0,"key":"LiquidMemories"},{"floor":7.0,"key":"Fire Potion"},{"floor":16.0,"key":"Energy Potion"},{"floor":18.0,"key":"FairyPotion"},{"floor":22.0,"key":"SkillPotion"},{"floor":25.0,"key":"SpeedPotion"},{"floor":28.0,"key":"BlessingOfTheForge"},{"floor":31.0,"key":"LiquidMemories"},{"floor":54,"key":"SkillPotion"}],"is_trial":false,"path_per_floor":["M","?","?","$","M","E","M","?","T","?","E","M","M","$","R","B",null,"M","M","$","?","M","E","R","M","T","R","E","R","COS","E","R","B",null,"M","COS","$","?","M","E","?","E","T","E","$","?","M","E","R","B",null,"R","$","E","B",null],"character_chosen":"THE_SERVANT","items_purchased":["RealityMarble","BottledTime","PreservedInsect","Sundial","Chemical X","PendulumOfEternity","Pen Nib","Peace Pipe","Sling","Master of Strategy","Finesse","FanOfKnives","Dilation","BottledTime","Prayer Wheel","SkillPotion","Swift Potion","Luminosity","Gremlin Horn","HandDrill","Potential","BestPractice+1","TimeWarp"],"campfire_rested":0,"item_purchase_floors":[4,4,4,4,4,14,14,14,14,14,14,14,20,20,20,20,20,20,20,20,37,45,45],"current_hp_per_floor":[61,61,58,58,58,54,54,54,54,54,30,23,21,21,21,21,72,39,19,19,19,29,29,29,34,34,34,20,20,20,20,20,25,72,70,70,70,70,72,70,42,47,47,52,52,52,52,52,72,72,72,72,72,72,72],"gold":86,"neow_bonus":"HUNDRED_GOLD","is_daily":false,"chose_seed":false,"campfire_upgraded":5,"win_rate":0.0,"timestamp":1611599858,"path_taken":["M","?","?","$","M","E","?","?","T","?","E","M","M","$","R","BOSS","M","M","$","?","M","E","R","M","T","R","E","R","COS","E","R","BOSS","M","COS","?","?","M","E","?","E","T","E","$","?","?","E","R","BOSS","R","$","E","BOSS"],"items_purchased_type":["Card","Card","Relic","Relic","Relic","Card","Relic","Relic","Relic","Card","Card","Card","Card","Card","Relic","Potion","Potion","Card","Relic","Relic","Card","Card","Card"],"build_version":"2020-12-22","purchased_purges":5,"victory":true,"max_hp_per_floor":[65,65,72,72,72,72,72,72,72,72,72,72,72,72,72,72,72,72,72,72,72,72,72,72,72,72,72,72,72,72,72,72,72,72,72,72,72,72,72,72,72,72,72,72,72,72,72,72,72,72,72,72,72,72,72],"card_choices":[{"not_picked":["TimeWarp","Replace"],"picked":"Starlight","floor":1.0},{"not_picked":["Barrier","ShatteredReality"],"picked":"Ricochet","floor":5.0},{"not_picked":["Replace","Snipe"],"picked":"Rewind","floor":6.0},{"not_picked":["TimeWarp","FastForward"],"picked":"Rearm","floor":7.0},{"not_picked":["Unruled","Rearm"],"picked":"Revamp","floor":11.0},{"not_picked":["Unruled","TimeWarp","ShatteredReality"],"picked":"SKIP","floor":12.0},{"not_picked":["Foresight","WasteNot"],"picked":"Sunlight","floor":13.0},{"not_picked":["Initiator","Duplication"],"picked":"FloweringNight","floor":16.0},{"not_picked":["TimeWarp","Gouge"],"picked":"Foresight","floor":18.0},{"not_picked":["ShatteredReality","Gouge"],"picked":"TimeWarp","floor":19.0},{"not_picked":["Ricochet","DoubleEdge"],"picked":"Potential+1","floor":22.0},{"not_picked":["Ricochet+1","Unruled+1"],"picked":"Alleviate","floor":22.0},{"not_picked":["ReturningBlade","Rearm","Comet"],"picked":"SKIP","floor":23.0},{"not_picked":["Shuttle","BottledTime+1"],"picked":"Misdirection+1","floor":25.0},{"not_picked":["LightFlow","Replace"],"picked":"Defy","floor":25.0},{"not_picked":["Alleviate","Gouge"],"picked":"SpecialFormula","floor":28.0},{"not_picked":["Defy+1","RealityMarble+1","SoulSculpture"],"picked":"SKIP","floor":31.0},{"not_picked":["KillingDoll","Duplication"],"picked":"TheWorld","floor":33.0},{"not_picked":["Rearm","Ricochet"],"picked":"ShatteredReality","floor":35.0},{"not_picked":["Reset+1","DoubleEdge","Misdirection"],"picked":"SKIP","floor":35.0},{"not_picked":["Revamp","Ricochet+1"],"picked":"Rearm+1","floor":39.0},{"not_picked":["FastForward+1","Spin+1","Revamp"],"picked":"SKIP","floor":39.0},{"not_picked":["SpecialFormula","BottledTime+1","Sunlight"],"picked":"SKIP","floor":40.0},{"not_picked":["ShatteredReality+1","Manipulate","DualDimension+1"],"picked":"SKIP","floor":42.0},{"not_picked":["Moondial","Ricochet+1","DualDimension+1"],"picked":"SKIP","floor":44.0},{"not_picked":["Spin+1","Moondial+1"],"picked":"TheWorld","floor":47.0},{"not_picked":["Alleviate+1","Moondial","Defy+1"],"picked":"SKIP","floor":47.0},{"not_picked":["Replace","ShatteredReality","Spin"],"picked":"SKIP","floor":48.0},{"not_picked":["Alleviate","DoubleEdge+1","ReturningBlade"],"picked":"SKIP","floor":54}],"player_experience":673968,"relics_obtained":[{"floor":6.0,"key":"Toy Ornithopter"},{"floor":9.0,"key":"Kunai"},{"floor":11.0,"key":"Art of War"},{"floor":23.0,"key":"Lantern"},{"floor":25.0,"key":"Gensokyo:MosesMiracle"},{"floor":26.0,"key":"Shuriken"},{"floor":28.0,"key":"Frozen Egg 2"},{"floor":31.0,"key":"Bag of Marbles"},{"floor":40.0,"key":"ScarletDevilRocket"},{"floor":42.0,"key":"Oddly Smooth Stone"},{"floor":44.0,"key":"Blue Candle"},{"floor":48.0,"key":"Eternal Feather"},{"floor":54,"key":"Mummified Hand"}],"event_choices":[],"is_beta":false,"boss_relics":[{"not_picked":["Tiny House","Philosopher\u0027s Stone"],"picked":"MysterySword"},{"not_picked":["Cursed Key","Fusion Hammer"],"picked":"Runic Pyramid"}],"items_purged_floors":[4,14,20,37,45],"is_endless":false,"potions_floor_spawned":[5,7,16,18,22,25,28,31,44,48,54],"ascension_level":1}}