{"host":"6rz02yiipefhcw4r","time":1611533556,"event":{"mods":["2.2 Compatiblity","BaseMod","Block Reminder","Colored Map","Curses Come First","DeckTracker","Googly Eyes","Minty Spire (QoL Compilation)","Quick Restart","Rare Cards Sparkle","StSLib"],"gold_per_floor":[110,110,110,120,36,71,83,108,147,174,221,233,170,216,228,240,240],"floor_reached":16,"language":"ENG","playtime":442,"items_purged":[],"score":236,"play_id":"cfff6243-99c0-4733-a3c0-fc9adb6288be","local_time":"20210124221236","is_ascension_mode":true,"campfire_choices":[{"floor":7,"key":"REST"},{"data":"Combust","floor":12,"key":"SMITH"},{"data":"Combust","floor":15,"key":"SMITH"}],"circlet_count":0,"master_deck":["AscendersBane","Strike_R","Strike_R","Strike_R","Strike_R","Defend_R","Defend_R","Defend_R","Defend_R","Bash","Anger","Uppercut","Combust+1","Combust+1","Inflame","Iron Wave","Shrug It Off"],"relics":["Burning Blood","Torii","MawBank","Akabeko","Potion Belt","Sundial"],"acts_visited":["Exordium"],"potions_floor_usage":[11,14],"damage_taken":[{"damage":11,"enemies":"Small Slimes","floor":1,"turns":6},{"damage":13,"enemies":"Jaw Worm","floor":4,"turns":4},{"damage":33,"enemies":"Gremlin Nob","floor":6,"turns":4},{"damage":4,"enemies":"2 Louse","floor":8,"turns":3},{"damage":2,"enemies":"Red Slaver","floor":10,"turns":3},{"damage":18,"enemies":"3 Sentries","floor":11,"turns":4},{"damage":11,"enemies":"Gremlin Nob","floor":14,"turns":3},{"damage":43,"enemies":"The Guardian","floor":16,"turns":8}],"seed_played":"9102037106754911403","potions_obtained":[{"floor":4,"key":"Fire Potion"},{"floor":8,"key":"PowerPotion"}],"is_trial":false,"path_per_floor":["M","?","?","M","$","E","R","M","T","M","E","R","?","E","R","B"],"character_chosen":"IRONCLAD","items_purchased":["Combust"],"campfire_rested":1,"item_purchase_floors":[5],"current_hp_per_floor":[63,63,63,56,56,29,51,53,53,57,45,45,45,40,40,0,0],"gold":240,"neow_bonus":"ONE_RARE_RELIC","is_daily":false,"chose_seed":false,"campfire_upgraded":2,"win_rate":0.0,"timestamp":1611533556,"path_taken":["M","?","?","?","$","E","R","M","T","M","E","R","?","E","R","BOSS"],"items_purchased_type":["Card"],"build_version":"2020-12-22","purchased_purges":0,"victory":false,"max_hp_per_floor":[75,75,75,75,75,75,75,75,75,75,75,75,75,75,75,75,75],"card_choices":[{"not_picked":["Warcry","Reckless Charge"],"picked":"Anger","floor":1},{"not_picked":["Heavy Blade","Shrug It Off"],"picked":"Uppercut","floor":4},{"not_picked":["Iron Wave","Wild Strike"],"picked":"Combust","floor":6},{"not_picked":["Clash","Havoc"],"picked":"Inflame","floor":8},{"not_picked":["Warcry","Sword Boomerang","Anger"],"picked":"SKIP","floor":10},{"not_picked":["Pommel Strike","Uppercut"],"picked":"Iron Wave","floor":11},{"not_picked":["Double Tap","Whirlwind"],"picked":"Shrug It Off","floor":14}],"player_experience":731261,"relics_obtained":[{"floor":6,"key":"MawBank"},{"floor":9,"key":"Akabeko"},{"floor":11,"key":"Potion Belt"},{"floor":14,"key":"Sundial"}],"event_choices":[{"damage_healed":0,"gold_gain":0,"player_choice":"Ignored","damage_taken":0,"max_hp_gain":0,"max_hp_loss":0,"event_name":"Liars Game","floor":2,"gold_loss":0},{"cards_removed":["Writhe"],"damage_healed":0,"gold_gain":0,"player_choice":"Forget","damage_taken":0,"max_hp_gain":0,"max_hp_loss":0,"event_name":"Living Wall","floor":3,"gold_loss":0},{"cards_removed":["Strike_R"],"damage_healed":0,"gold_gain":0,"player_choice":"Card Removal","damage_taken":0,"max_hp_gain":0,"max_hp_loss":0,"event_name":"The Cleric","floor":13,"gold_loss":75}],"is_beta":false,"boss_relics":[],"items_purged_floors":[],"is_endless":false,"potions_floor_spawned":[4,8],"killed_by":"The Guardian","ascension_level":20}}