{"host":"8srk5r1dwtmjotwd","time":1611551192,"event":{"mods":["AchievementEnabler","Act Like it!","BaseMod","Beaked The Cultist","Bestiary","Better Note","Better Third Choice","Colored Map","Colored Powertips","Downfall","Friendly Minions","GifTheSpireLib","Halation","Hallownest","Hermit","Hubris","Minty Spire (QoL Compilation)","Quick Restart","Rare Cards Sparkle","Replay The Spire","Robot Space Explorer","Shop Mod","StSLib","SuperFastMode","Synergy Search","The Bladedancer","The Bug Knight","The Construct","The Cursed","The Hierophant","The Jungle","The Saiyan","The Servant 0.9.4","Thieving Mod","Yohane!","everything is the same but u backflip on backflip","slay the spire mod where everything is the same but ironclad has a cowboy hat"],"gold_per_floor":[118,118,129,148,148,176,176,196,219,219,236,236,236,262,262,262,262],"floor_reached":16,"language":"ENG","playtime":706,"items_purged":[],"score":116,"play_id":"35836cdc-d843-489d-a272-885f1c3bd823","local_time":"20210125000632","is_ascension_mode":true,"campfire_choices":[{"data":"hubris:ReadiedAction","floor":7,"key":"SMITH"},{"data":"Infernal Blade","floor":10,"key":"SMITH"},{"floor":13,"key":"REST"},{"data":"Rage","floor":15,"key":"SMITH"}],"circlet_count":0,"master_deck":["Strike_R","Strike_R","Strike_R","Strike_R","Strike_R","Defend_R","Defend_R","Defend_R","Defend_R","Bash","Replay:Undeath\u0027s Touch","ReplayTheSpireMod:Corrosion Curse","Infernal Blade+1","Heavy Blade","hubris:ReadiedAction+1","ReplayTheSpireMod:Strike From Hell+1","Replay:Undeath\u0027s Touch","Rage+1"],"relics":["Burning Blood","NeowsBlessing","Oddly Smooth Stone","halation:LettersToHer","Bag of Preparation"],"acts_visited":["Exordium"],"potions_floor_usage":[6,6,8,16],"damage_taken":[{"damage":0,"enemies":"2 Louse","floor":1,"turns":1},{"damage":0,"enemies":"Small Slimes","floor":3,"turns":1},{"damage":0,"enemies":"Cultist","floor":4,"turns":1},{"damage":35,"enemies":"Lagavulin","floor":6,"turns":4},{"damage":0,"enemies":"Large Slime","floor":8,"turns":5},{"damage":13,"enemies":"Red Slaver","floor":11,"turns":2},{"damage":10,"enemies":"Replay:BlueRogue","floor":14,"turns":4},{"damage":71,"enemies":"Hexaghost","floor":16,"turns":9}],"seed_played":"-3446199546882677505","potions_obtained":[{"floor":3,"key":"DuplicationPotion"},{"floor":4,"key":"champ:CounterPotion"},{"floor":6,"key":"AttackPotion"},{"floor":11,"key":"DistilledChaos"}],"is_trial":false,"path_per_floor":["M","?","M","M","?","E","R","M","T","R","M","?","R","E","R","B"],"character_chosen":"IRONCLAD","items_purchased":[],"campfire_rested":1,"item_purchase_floors":[],"current_hp_per_floor":[80,80,80,80,80,51,51,57,57,57,50,50,74,70,70,0,0],"gold":262,"neow_bonus":"THREE_ENEMY_KILL","is_daily":false,"chose_seed":false,"campfire_upgraded":3,"win_rate":0.0,"timestamp":1611551192,"path_taken":["M","?","M","M","?","E","R","M","T","R","?","?","R","E","R","BOSS"],"items_purchased_type":[],"build_version":"2020-12-22","purchased_purges":0,"victory":false,"max_hp_per_floor":[80,80,80,80,80,80,80,80,80,80,80,80,80,80,80,80,80],"card_choices":[{"not_picked":["Clothesline","Dropkick"],"picked":"Replay:Undeath\u0027s Touch","floor":1},{"not_picked":["Rampage","Body Slam"],"picked":"Infernal Blade","floor":3},{"not_picked":["Run Through","Armaments"],"picked":"Heavy Blade","floor":4},{"not_picked":["Double Tap","Clothesline"],"picked":"hubris:ReadiedAction","floor":6},{"not_picked":["Clash","Iron Wave"],"picked":"ReplayTheSpireMod:Strike From Hell","floor":8},{"not_picked":["Inflame","hubris:SharpeningStone"],"picked":"Replay:Undeath\u0027s Touch","floor":11},{"not_picked":["ReplayTheSpireMod:Strike From Hell","Feel No Pain"],"picked":"Rage","floor":14}],"player_experience":57936,"relics_obtained":[{"floor":6,"key":"Oddly Smooth Stone"},{"floor":9,"key":"halation:LettersToHer"},{"floor":14,"key":"Bag of Preparation"}],"event_choices":[{"damage_healed":0,"gold_gain":0,"player_choice":"Ignored","damage_taken":0,"max_hp_gain":0,"max_hp_loss":0,"event_name":"Purifier","floor":5,"gold_loss":0},{"damage_healed":0,"gold_gain":0,"player_choice":"Forge","damage_taken":0,"max_hp_gain":0,"max_hp_loss":0,"event_name":"Accursed Blacksmith","floor":12,"gold_loss":0,"cards_upgraded":["ReplayTheSpireMod:Strike From Hell"]}],"is_beta":false,"boss_relics":[],"items_purged_floors":[],"is_endless":false,"potions_floor_spawned":[3,4,6,11],"killed_by":"Hexaghost","ascension_level":1}}