{"host":"bavx0eibpuvdy04q","time":1611545218,"event":{"mods":["BaseMod","BetterRewards","Friendly Minions","Hermit","Hubris","Infinite Spire","KinomotoSakuraMod(????)","Kiyohime????","Koishi","LagranYue(???·?)","Marisa????????","Minty Spire (QoL Compilation)","Prisma Mod","Remilia??????","Replay The Spire","StSLib","The Administrix","The Alterego","The Animator","The Construct","The Cursed","The Disciple","The Hierophant","The Mystic","The Necromancer","The Runesmith","The Senshi","The Servant 0.9.4","Yakumo Yukari mod","Yuri Mod"],"gold_per_floor":[114,132,145,164,182,208,208,73,124,84,96,106,106,119,119,218,218,232,232,247,247,247,261,261,278,304,316,328,342,342,342],"floor_reached":30,"language":"ENG","playtime":3670,"items_purged":["Languid"],"score":240,"play_id":"428352ac-0979-4070-a340-52c7cc541f2b","local_time":"20210124202658","is_ascension_mode":false,"campfire_choices":[{"floor":7.0,"key":"REST"},{"floor":15,"key":"REST"},{"floor":24,"key":"REST"}],"circlet_count":0,"master_deck":["alterego_mod:Strike","alterego_mod:Strike","alterego_mod:Strike","alterego_mod:Strike","alterego_mod:Defend+1","alterego_mod:Defend","alterego_mod:Defend","alterego_mod:Defend","alterego_mod:Impale","alterego_mod:BigMeatyClaws+1","alterego_mod:BrynhildrsRune","alterego_mod:1TonWallop","alterego_mod:GoddessCore","alterego_mod:Jiggle+1","alterego_mod:1TonWallop","alterego_mod:BiFurious","alterego_mod:BeGentle","alterego_mod:GoddessCore","alterego_mod:Clones","alterego_mod:PerceptionDisorder","alterego_mod:Pet","alterego_mod:BreastValley","alterego_mod:Bunnysuit","alterego_mod:IdEs","animator:Curse_Nutcracker","TheCursedMod:Dregs","alterego_mod:DeftHands+1","Pride","alterego_mod:SakuraFive","alterego_mod:DiscoLights+1","alterego_mod:Cushion","alterego_mod:TrashNCrash+1","alterego_mod:Complex","alterego_mod:ClassAdvantage"],"relics":["alterego_mod:MasochisticConstitution","LagranYue:RandomDrawCardRelic","NeowsBlessing","Gremlin Horn","Gremlin Food","Replay:Ancient Bell","Blood Vial","Runesmith:Nanobots","FossilizedHelix","GreatHeart","Snack Pack","Potion Belt"],"acts_visited":["Exordium","TheCity"],"potions_floor_usage":[16,16,18,25,29],"damage_taken":[{"damage":0.0,"enemies":"2 Louse","floor":1.0,"turns":1.0},{"damage":0.0,"enemies":"infinitespire:Voidling","floor":2.0,"turns":1.0},{"damage":0.0,"enemies":"Small Slimes","floor":3.0,"turns":1.0},{"damage":6.0,"enemies":"Blue Slaver","floor":4.0,"turns":7.0},{"damage":32.0,"enemies":"Large Slime","floor":5.0,"turns":7.0},{"damage":48.0,"enemies":"Lagavulin","floor":6.0,"turns":12.0},{"damage":5.0,"enemies":"Gremlin Gang","floor":11.0,"turns":4.0},{"damage":0.0,"enemies":"3 Louse","floor":12.0,"turns":3.0},{"damage":6.0,"enemies":"2 Fungi Beasts","floor":14.0,"turns":5.0},{"damage":47,"enemies":"Fading Forest","floor":16,"turns":11},{"damage":10,"enemies":"2 Thieves","floor":18,"turns":2},{"damage":14,"enemies":"Chosen","floor":20,"turns":6},{"damage":44,"enemies":"Centurion and Healer","floor":23,"turns":7},{"damage":42,"enemies":"Snake Plant","floor":25,"turns":8},{"damage":38,"enemies":"3 Cultists","floor":27,"turns":5},{"damage":33,"enemies":"Sentry and Sphere","floor":28,"turns":4},{"damage":18,"enemies":"Snecko","floor":29,"turns":5},{"damage":9,"enemies":"Chosen and Byrds","floor":30,"turns":1}],"seed_played":"5281328489153529494","potions_obtained":[{"floor":3.0,"key":"ColorlessPotion"},{"floor":5.0,"key":"SpeedPotion"},{"floor":10.0,"key":"Swift Potion"},{"floor":10.0,"key":"Venom Potion"},{"floor":10.0,"key":"FairyPotion"},{"floor":12.0,"key":"Weak Potion"},{"floor":14.0,"key":"Block Potion"},{"floor":16,"key":"Energy Potion"},{"floor":23,"key":"Adrenaline Potion"},{"floor":28,"key":"Explosive Potion"}],"is_trial":false,"path_per_floor":["M","M","M","M","M","E","R","$","T","?","M","M","?","M","R","B",null,"M","?","M","?","AVR","M","R","M","T","M","M","M","M"],"character_chosen":"The_Alterego","items_purchased":["alterego_mod:GoddessCore","alterego_mod:Clones","alterego_mod:PerceptionDisorder"],"campfire_rested":3,"item_purchase_floors":[8,8,8],"current_hp_per_floor":[70,70,70,71,54,14,35,35,35,35,31,31,31,26,48,9,76,67,67,63,63,63,30,53,33,33,13,17,4,0,0],"gold":342,"neow_bonus":"THREE_ENEMY_KILL","is_daily":false,"chose_seed":false,"campfire_upgraded":0,"win_rate":0.0,"timestamp":1611545218,"path_taken":["M","M","M","M","M","E","R","$","T","?","?","M","?","M","R","BOSS","M","?","M","?","AVR","M","R","M","T","?","M","M","M"],"items_purchased_type":["Card","Card","Card"],"build_version":"2020-12-22","purchased_purges":1,"victory":false,"max_hp_per_floor":[70,70,70,71,72,73,73,73,73,73,74,74,74,75,75,76,76,77,77,78,78,78,79,79,80,80,81,82,83,83,83],"card_choices":[{"not_picked":["alterego_mod:Skirt","alterego_mod:TrashNCrash"],"picked":"alterego_mod:1TonWallop","floor":1.0},{"not_picked":["alterego_mod:PerceptionDisorder","alterego_mod:DestructionOfProperty"],"picked":"alterego_mod:GoddessCore","floor":2.0},{"not_picked":["alterego_mod:Lingerie","alterego_mod:Crossover"],"picked":"alterego_mod:Jiggle","floor":3.0},{"not_picked":["alterego_mod:RocketPunch","alterego_mod:BoobPocket"],"picked":"alterego_mod:1TonWallop","floor":4.0},{"not_picked":["alterego_mod:Bounce","alterego_mod:Complex"],"picked":"alterego_mod:BiFurious","floor":5.0},{"not_picked":["alterego_mod:Valentines","alterego_mod:TrickOrTreatment"],"picked":"alterego_mod:BeGentle","floor":6.0},{"not_picked":["alterego_mod:HighServant","alterego_mod:Rip"],"picked":"alterego_mod:Pet","floor":11.0},{"not_picked":["alterego_mod:RocketPunch","alterego_mod:DiscoLights"],"picked":"alterego_mod:BreastValley","floor":12.0},{"not_picked":["alterego_mod:Cooking","alterego_mod:SakuraPetals"],"picked":"alterego_mod:Bunnysuit","floor":14.0},{"not_picked":["alterego_mod:AlterEgo","alterego_mod:RingBreak"],"picked":"alterego_mod:IdEs","floor":16},{"not_picked":["Overencumbered","ReplayTheSpireMod:Restless Dread"],"picked":"Languid","floor":17},{"not_picked":["Shame","hubris:Sloth"],"picked":"animator:Curse_Nutcracker","floor":17},{"not_picked":["yuri:RhapsodyCurse","Languid"],"picked":"TheCursedMod:Dregs","floor":17},{"not_picked":["alterego_mod:Rip","alterego_mod:Lingerie"],"picked":"alterego_mod:DeftHands+1","floor":18},{"not_picked":["alterego_mod:Palingenesis","alterego_mod:Clones+1"],"picked":"alterego_mod:SakuraFive","floor":20},{"not_picked":["alterego_mod:Jiggle","alterego_mod:PerceptionDisorder"],"picked":"alterego_mod:DiscoLights+1","floor":23},{"not_picked":["alterego_mod:BreastValley+1","alterego_mod:Santa+1"],"picked":"alterego_mod:Cushion","floor":25},{"not_picked":["alterego_mod:BusterCard","alterego_mod:MagicResistance+1"],"picked":"alterego_mod:TrashNCrash+1","floor":27},{"not_picked":["alterego_mod:Jiggle","alterego_mod:PerceptionDisorder"],"picked":"alterego_mod:Complex","floor":28},{"not_picked":["alterego_mod:Birthday","alterego_mod:Cycle"],"picked":"alterego_mod:ClassAdvantage","floor":29}],"player_experience":63458,"relics_obtained":[{"floor":6.0,"key":"Gremlin Horn"},{"floor":9.0,"key":"Gremlin Food"},{"floor":21,"key":"Snack Pack"},{"floor":26,"key":"Potion Belt"}],"event_choices":[{"damage_healed":0.0,"max_hp_gain":0.0,"max_hp_loss":0.0,"gold_gain":0.0,"event_name":"The Woman in Blue","player_choice":"Bought 3 Potions","floor":10.0,"gold_loss":0.0,"damage_taken":0.0},{"damage_healed":0,"gold_gain":0,"player_choice":"Relic","damage_taken":0,"max_hp_gain":0,"max_hp_loss":0,"event_name":"Wheel of Change","floor":21,"gold_loss":0}],"is_beta":false,"boss_relics":[{"not_picked":["Kintsugi","Philosopher\u0027s Stone"],"picked":"Replay:Ancient Bell"},{"not_picked":["hubris:OldNail","Replay:Rubber Ducky"],"picked":"Blood Vial"},{"not_picked":["infinitespire:BottledMercury","Quantum Egg"],"picked":"Runesmith:Nanobots"},{"not_picked":["infinitespire:Golems Mask","Torii"],"picked":"FossilizedHelix"}],"items_purged_floors":[22],"is_endless":false,"potions_floor_spawned":[3,5,12,14,16,23,28],"killed_by":"Chosen and Byrds","ascension_level":0}}