{"host":"knmkm94yjq1jh5ni","time":1611561474,"event":{"mods":["BaseMod","Downfall","Hero for Fun","Minty Spire (QoL Compilation)","Robot Space Explorer","StSLib","The Bug Knight","The Cursed","The Marked","The Senshi","The Wild Card"],"gold_per_floor":[109,128,144,160,185,185,210,223,223,240,251,265,34,34,34,138,138,122,122,139,54,67,97,16,16,16],"floor_reached":25,"language":"ENG","playtime":956,"items_purged":[],"score":227,"play_id":"acd37d97-3929-4f6f-abac-e0699567f8a0","local_time":"20210125155754","is_ascension_mode":false,"campfire_choices":[{"data":"RobotSpaceExplorer:Pulsar","floor":6,"key":"SMITH"},{"data":"RobotSpaceExplorer:Pulsar","floor":15,"key":"SMITH"}],"circlet_count":0,"master_deck":["RobotSpaceExplorer:Strike","RobotSpaceExplorer:Strike","RobotSpaceExplorer:Strike+1","RobotSpaceExplorer:Strike","RobotSpaceExplorer:Defend","RobotSpaceExplorer:Defend","RobotSpaceExplorer:Defend","RobotSpaceExplorer:Defend","RobotSpaceExplorer:Scan","RobotSpaceExplorer:MiniLasers+1","RobotSpaceExplorer:Pulsar+1","RobotSpaceExplorer:Counterblock","RobotSpaceExplorer:Pulsar","RobotSpaceExplorer:ToxicBomb","RobotSpaceExplorer:MiniBoosters","RobotSpaceExplorer:BigMissile","RobotSpaceExplorer:ShovelStrike","RobotSpaceExplorer:StunGrenade","RobotSpaceExplorer:Pulsar+1","RobotSpaceExplorer:BlastShield+1","RobotSpaceExplorer:Scanner","RobotSpaceExplorer:ScrapMissile+1","Writhe","RobotSpaceExplorer:SurgingStrike","RobotSpaceExplorer:ShockKick","RobotSpaceExplorer:MiniDrones","RobotSpaceExplorer:StarDust"],"relics":["RobotSpaceExplorer:RoboCore","NeowsBlessing","Nunchaku","Whetstone","HollowMod:LifeEnderRelic","Akabeko","RobotSpaceExplorer:SearchSpecs","Bronze Scales","Happy Flower","PreservedInsect"],"acts_visited":["Exordium","TheCity"],"potions_floor_usage":[23,23,23],"damage_taken":[{"damage":0,"enemies":"Cultist","floor":1,"turns":1},{"damage":0,"enemies":"Jaw Worm","floor":2,"turns":1},{"damage":0,"enemies":"2 Louse","floor":3,"turns":1},{"damage":0,"enemies":"Looter","floor":4,"turns":5},{"damage":10,"enemies":"HollowMod:MossKnight","floor":7,"turns":15},{"damage":3,"enemies":"Exordium Wildlife","floor":8,"turns":2},{"damage":0,"enemies":"2 Fungi Beasts","floor":10,"turns":3},{"damage":0,"enemies":"3 Louse","floor":11,"turns":4},{"damage":4,"enemies":"Blue Slaver","floor":12,"turns":4},{"damage":12,"enemies":"Slime Boss","floor":16,"turns":10},{"damage":11,"enemies":"2 Thieves","floor":18,"turns":4},{"damage":5,"enemies":"3 Byrds","floor":20,"turns":3},{"damage":16,"enemies":"Centurion and Healer","floor":22,"turns":5},{"damage":17,"enemies":"Gremlin Leader","floor":23,"turns":8},{"damage":26,"enemies":"Snecko","floor":25,"turns":6}],"seed_played":"1966573302777414795","potions_obtained":[{"floor":2,"key":"Energy Potion"},{"floor":4,"key":"Block Potion"},{"floor":8,"key":"Fire Potion"}],"is_trial":false,"path_per_floor":["M","M","M","M","T","R","E","M","T","M","M","M","$","?","R","B",null,"M","?","M","?","M","E","$","M"],"character_chosen":"RobotSpaceExplorer","items_purchased":["Akabeko","RobotSpaceExplorer:BlastShield","RobotSpaceExplorer:StarDust"],"campfire_rested":0,"item_purchase_floors":[13,13,24],"current_hp_per_floor":[75,75,75,75,75,75,65,62,62,62,62,58,58,58,58,46,75,64,64,59,59,43,26,26,0,0],"gold":16,"neow_bonus":"THREE_ENEMY_KILL","is_daily":false,"chose_seed":false,"campfire_upgraded":2,"win_rate":0.0,"timestamp":1611561474,"path_taken":["M","M","M","M","?","R","E","M","T","M","M","M","$","?","R","BOSS","M","?","M","?","M","E","?","M"],"items_purchased_type":["Relic","Card","Card"],"build_version":"2020-12-22","purchased_purges":0,"victory":false,"max_hp_per_floor":[75,75,75,75,75,75,75,75,75,75,75,75,75,75,75,75,75,75,75,75,75,75,75,75,75,75],"card_choices":[{"not_picked":["RobotSpaceExplorer:SwiftStep","RobotSpaceExplorer:GlueShot"],"picked":"RobotSpaceExplorer:Pulsar","floor":1},{"not_picked":["RobotSpaceExplorer:JunkDive","RobotSpaceExplorer:FranticSearch"],"picked":"RobotSpaceExplorer:Counterblock","floor":2},{"not_picked":["RobotSpaceExplorer:GlueShot","RobotSpaceExplorer:MiniDrones"],"picked":"RobotSpaceExplorer:Pulsar","floor":3},{"not_picked":["RobotSpaceExplorer:SelfCleaning","RobotSpaceExplorer:MetalStrike"],"picked":"RobotSpaceExplorer:ToxicBomb","floor":4},{"not_picked":["RobotSpaceExplorer:MetalStrike","RobotSpaceExplorer:Discharger"],"picked":"RobotSpaceExplorer:MiniBoosters","floor":7},{"not_picked":["RobotSpaceExplorer:PowerGlove","RobotSpaceExplorer:Ammunition"],"picked":"RobotSpaceExplorer:BigMissile","floor":8},{"not_picked":["RobotSpaceExplorer:Blitz","RobotSpaceExplorer:Explosion"],"picked":"RobotSpaceExplorer:ShovelStrike","floor":10},{"not_picked":["RobotSpaceExplorer:FranticSearch","RobotSpaceExplorer:SurgingShield"],"picked":"RobotSpaceExplorer:StunGrenade","floor":11},{"not_picked":["RobotSpaceExplorer:ShovelStrike","RobotSpaceExplorer:RigExplosive"],"picked":"RobotSpaceExplorer:Pulsar","floor":12},{"not_picked":["RobotSpaceExplorer:TrailblazerForm","RobotSpaceExplorer:Asteroid"],"picked":"RobotSpaceExplorer:Scanner","floor":16},{"not_picked":["RobotSpaceExplorer:LaserBurst","RobotSpaceExplorer:ExhaustFan+1"],"picked":"RobotSpaceExplorer:ScrapMissile+1","floor":18},{"not_picked":["RobotSpaceExplorer:FreezeRay","RobotSpaceExplorer:MiniBoosters"],"picked":"RobotSpaceExplorer:SurgingStrike","floor":20},{"not_picked":["RobotSpaceExplorer:FrostMissile","RobotSpaceExplorer:MiniBoosters"],"picked":"RobotSpaceExplorer:ShockKick","floor":22},{"not_picked":["RobotSpaceExplorer:Blitz","RobotSpaceExplorer:Arsenal"],"picked":"RobotSpaceExplorer:MiniDrones","floor":23}],"player_experience":386415,"relics_obtained":[{"floor":5,"key":"Nunchaku"},{"floor":7,"key":"Whetstone"},{"floor":9,"key":"HollowMod:LifeEnderRelic"},{"floor":23,"key":"PreservedInsect"}],"event_choices":[{"damage_healed":0,"gold_gain":0,"player_choice":"Grow","damage_taken":0,"max_hp_gain":0,"max_hp_loss":0,"event_name":"Living Wall","floor":14,"gold_loss":0,"cards_upgraded":["RobotSpaceExplorer:BlastShield"]},{"damage_healed":0,"gold_gain":0,"player_choice":"Opened","damage_taken":0,"relics_obtained":["Bronze Scales"],"max_hp_gain":0,"max_hp_loss":0,"event_name":"The Mausoleum","floor":19,"gold_loss":0,"cards_obtained":["Writhe"]},{"damage_healed":0,"gold_gain":0,"player_choice":"Obtained Relic","damage_taken":0,"relics_obtained":["Happy Flower"],"max_hp_gain":0,"max_hp_loss":0,"event_name":"Addict","floor":21,"gold_loss":85}],"is_beta":false,"boss_relics":[{"not_picked":["Fusion Hammer","SlaversCollar"],"picked":"RobotSpaceExplorer:SearchSpecs"}],"items_purged_floors":[],"is_endless":false,"potions_floor_spawned":[2,4,8,20,22],"killed_by":"Snecko","ascension_level":0}}