{"host":"lnt5dzsuhru0aonl","time":1611582202,"event":{"mods":["2.2 Compatiblity","BaseMod","Colored Map","Colored Powertips","DeckTracker","Keyboard Shortcuts","Minty Spire (QoL Compilation)","Permanent Neow","Rare Cards Sparkle","StSLib","SuperFastMode","everything is the same but u backflip on backflip"],"gold_per_floor":[119,135,135,135,201,201,220,235,235,66,99,74,74,92,92,163,163,181,13,63,124,49,49,49,49,97,97,130,130,144,194,194,269,269,285,335,348,448,97,97,122,133,158,170,201,3,36,86,86,86,86,86],"floor_reached":51,"language":"KOR","playtime":1349,"items_purged":["Pain","Strike_B","Defend_B"],"score":1417,"play_id":"f1dff72e-f5a4-4d62-9511-598c2e742b79","local_time":"20210125224322","is_ascension_mode":true,"campfire_choices":[{"data":"Zap","floor":6.0,"key":"SMITH"},{"data":"Coolheaded","floor":13.0,"key":"SMITH"},{"data":"Defragment","floor":15.0,"key":"SMITH"},{"data":"Electrodynamics","floor":23.0,"key":"SMITH"},{"data":"Dualcast","floor":25.0,"key":"SMITH"},{"data":"Stack","floor":27.0,"key":"SMITH"},{"data":"Biased Cognition","floor":29.0,"key":"SMITH"},{"floor":32.0,"key":"REST"},{"floor":40.0,"key":"REST"},{"data":"Buffer","floor":44.0,"key":"SMITH"},{"data":"Storm","floor":49,"key":"SMITH"}],"circlet_count":0,"master_deck":["AscendersBane","Strike_B+1","Defend_B","Defend_B","Defend_B","Zap+1","Dualcast+1","Steam","Stack+1","Auto Shields","Ball Lightning+1","Compile Driver","Coolheaded+1","Defragment+1","Electrodynamics+1","Conserve Battery","Biased Cognition+1","Echo Form","Storm+1","Self Repair","Buffer+1","Doom and Gloom+1","Storm"],"relics":["Cracked Core","NeowsBlessing","SsserpentHead","WingedGreaves","DataDisk","Unceasing Top","Snecko Eye","Runic Capacitor","WarpedTongs","Whetstone","CaptainsWheel","Sozu","Gambling Chip","Art of War","Lizard Tail","MawBank","Oddly Smooth Stone"],"acts_visited":["Exordium","TheCity","TheBeyond"],"potions_floor_usage":[51],"damage_taken":[{"damage":0.0,"enemies":"Jaw Worm","floor":1.0,"turns":1.0},{"damage":0.0,"enemies":"Cultist","floor":2.0,"turns":1.0},{"damage":0.0,"enemies":"2 Louse","floor":5.0,"turns":1.0},{"damage":15.0,"enemies":"Exordium Thugs","floor":7.0,"turns":5.0},{"damage":0.0,"enemies":"3 Louse","floor":8.0,"turns":1.0},{"damage":10.0,"enemies":"Lagavulin","floor":11.0,"turns":6.0},{"damage":7.0,"enemies":"Large Slime","floor":14.0,"turns":5.0},{"damage":23.0,"enemies":"Slime Boss","floor":16.0,"turns":9.0},{"damage":0.0,"enemies":"3 Byrds","floor":18.0,"turns":1.0},{"damage":5.0,"enemies":"Spheric Guardian","floor":21.0,"turns":3.0},{"damage":22.0,"enemies":"Slavers","floor":28.0,"turns":2.0},{"damage":17.0,"enemies":"Shelled Parasite and Fungi","floor":30.0,"turns":4.0},{"damage":35.0,"enemies":"Collector","floor":33.0,"turns":6.0},{"damage":10.0,"enemies":"Orb Walker","floor":35.0,"turns":3.0},{"damage":0.0,"enemies":"3 Shapes","floor":37.0,"turns":2.0},{"damage":37.0,"enemies":"2 Orb Walkers","floor":38.0,"turns":4.0},{"damage":14.0,"enemies":"Reptomancer","floor":41.0,"turns":3.0},{"damage":0.0,"enemies":"3 Darklings","floor":42.0,"turns":2.0},{"damage":4.0,"enemies":"Sphere and 2 Shapes","floor":45.0,"turns":3.0},{"damage":0,"enemies":"Nemesis","floor":47,"turns":3},{"damage":37,"enemies":"Donu and Deca","floor":50,"turns":5},{"damage":85,"enemies":"Awakened One","floor":51,"turns":8}],"seed_played":"8312808816428108881","potions_obtained":[{"floor":1.0,"key":"Explosive Potion"},{"floor":5.0,"key":"FairyPotion"},{"floor":8.0,"key":"AttackPotion"},{"floor":11.0,"key":"DuplicationPotion"},{"floor":21.0,"key":"PowerPotion"},{"floor":31.0,"key":"LiquidBronze"}],"is_trial":false,"path_per_floor":["M","M","?","?","M","R","M","M","T","$","E","?","R","M","R","B",null,"M","$","?","M","$","R","$","R","T","R","E","R","M","?","R","B",null,"M","?","M","?","$","R","E","M","T","R","M","$","E","?","R","B","B"],"character_chosen":"DEFECT","items_purchased":["DataDisk","Runic Capacitor","Self Repair","Art of War","Storm"],"campfire_rested":2,"item_purchase_floors":[10,19,39,39,46],"current_hp_per_floor":[64,64,64,64,64,64,49,49,49,49,39,39,39,32,32,9,56,56,56,56,51,51,51,51,51,51,51,29,29,12,12,33,21,59,49,49,49,12,12,33,26,26,26,26,29,29,29,58,58,28,0,0],"gold":86,"neow_bonus":"THREE_ENEMY_KILL","is_daily":false,"chose_seed":false,"campfire_upgraded":9,"win_rate":0.0,"timestamp":1611582202,"path_taken":["M","M","?","?","?","R","M","M","T","$","E","?","R","M","R","BOSS","M","$","?","?","$","R","$","R","T","R","E","R","M","?","R","BOSS","M","?","M","?","$","R","E","M","T","R","M","$","E","?","R","BOSS","BOSS"],"items_purchased_type":["Relic","Relic","Card","Relic","Card"],"build_version":"2020-12-22","purchased_purges":3,"victory":false,"max_hp_per_floor":[71,71,71,71,71,71,71,71,71,71,71,71,71,71,71,71,71,71,71,71,71,71,71,71,71,71,71,71,71,71,71,71,71,71,71,71,71,71,71,71,71,71,71,71,71,71,71,58,58,58,58,58],"card_choices":[{"not_picked":["Scrape","Aggregate","Doom and Gloom"],"picked":"SKIP","floor":1.0},{"not_picked":["Rebound","Hello World"],"picked":"Steam","floor":2.0},{"not_picked":["Recycle","Beam Cell"],"picked":"Auto Shields","floor":5.0},{"not_picked":["Steam Power","Go for the Eyes"],"picked":"Ball Lightning","floor":7.0},{"not_picked":["Heatsinks","Ball Lightning"],"picked":"Compile Driver","floor":8.0},{"not_picked":["Compile Driver","Static Discharge"],"picked":"Coolheaded","floor":11.0},{"not_picked":["Chill","Gash"],"picked":"Defragment","floor":14.0},{"not_picked":["Rainbow","Amplify"],"picked":"Electrodynamics","floor":16.0},{"not_picked":["Streamline","Blizzard"],"picked":"Lockon","floor":18.0},{"not_picked":["Redo","Streamline"],"picked":"Conserve Battery","floor":21.0},{"not_picked":["Sunder+1","Force Field"],"picked":"Biased Cognition","floor":28.0},{"not_picked":["Barrage","White Noise","FTL"],"picked":"SKIP","floor":30.0},{"not_picked":["Creative AI","Electrodynamics"],"picked":"Echo Form","floor":33.0},{"not_picked":["Force Field","FTL+1","Streamline+1"],"picked":"SKIP","floor":35.0},{"not_picked":["Conserve Battery","Ball Lightning+1"],"picked":"Storm","floor":37.0},{"not_picked":["Conserve Battery","Meteor Strike"],"picked":"Buffer","floor":41.0},{"not_picked":["Darkness","Tempest"],"picked":"Doom and Gloom+1","floor":42.0},{"not_picked":["Turbo","BootSequence","Gash"],"picked":"SKIP","floor":45},{"not_picked":["Steam","Turbo+1","Redo"],"picked":"SKIP","floor":47}],"player_experience":764811,"relics_obtained":[{"floor":9.0,"key":"WingedGreaves"},{"floor":11.0,"key":"Unceasing Top"},{"floor":26.0,"key":"Whetstone"},{"floor":28.0,"key":"CaptainsWheel"},{"floor":38.0,"key":"Gambling Chip"},{"floor":41.0,"key":"Lizard Tail"},{"floor":43.0,"key":"MawBank"},{"floor":47,"key":"Oddly Smooth Stone"}],"event_choices":[{"damage_healed":0.0,"max_hp_gain":0.0,"max_hp_loss":0.0,"gold_gain":0.0,"cards_transformed":["Strike_B"],"event_name":"Living Wall","player_choice":"Change","floor":3.0,"gold_loss":0.0,"damage_taken":0.0,"cards_obtained":["Stack"]},{"damage_healed":0.0,"max_hp_gain":0.0,"max_hp_loss":0.0,"gold_gain":0.0,"event_name":"FaceTrader","player_choice":"Trade","floor":4.0,"gold_loss":0.0,"damage_taken":0.0,"relics_obtained":["SsserpentHead"]},{"cards_removed":["Strike_B"],"damage_healed":0.0,"max_hp_gain":0.0,"max_hp_loss":0.0,"gold_gain":0.0,"event_name":"The Cleric","player_choice":"Card Removal","floor":12.0,"gold_loss":75.0,"damage_taken":0.0},{"damage_healed":0.0,"max_hp_gain":0.0,"max_hp_loss":0.0,"gold_gain":0.0,"event_name":"Accursed Blacksmith","player_choice":"Rummage","floor":20.0,"gold_loss":0.0,"damage_taken":0.0,"relics_obtained":["WarpedTongs"],"cards_obtained":["Pain"]},{"damage_healed":0.0,"max_hp_gain":0.0,"max_hp_loss":0.0,"gold_gain":0.0,"event_name":"Lab","player_choice":"Got Potions","floor":31.0,"gold_loss":0.0,"damage_taken":0.0},{"cards_removed":["Lockon"],"damage_healed":0.0,"max_hp_gain":0.0,"max_hp_loss":0.0,"gold_gain":0.0,"event_name":"Falling","player_choice":"Removed Attack","floor":36.0,"gold_loss":0.0,"damage_taken":0.0},{"damage_healed":0.0,"max_hp_gain":0.0,"max_hp_loss":0.0,"gold_gain":0.0,"event_name":"Mysterious Sphere","player_choice":"Fight","floor":38.0,"gold_loss":0.0,"damage_taken":0.0},{"damage_healed":58,"gold_gain":0,"player_choice":"Heal","damage_taken":0,"max_hp_gain":0,"max_hp_loss":13,"event_name":"The Moai Head","floor":48,"gold_loss":0}],"is_beta":false,"boss_relics":[{"not_picked":["FrozenCore","SacredBark"],"picked":"Snecko Eye"},{"not_picked":["Astrolabe","Empty Cage"],"picked":"Sozu"}],"items_purged_floors":[22,39,46],"is_endless":false,"potions_floor_spawned":[1,5,8,11,21,37,38,41,42],"killed_by":"Awakened One","ascension_level":20}}