{"host":"iqi2f1z1yw5mc6j3","time":1611553247,"event":{"mods":["AchievementEnabler","BaseMod","Colored Powertips","Minty Spire (QoL Compilation)","Quick Restart","Replay The Spire","StSLib","The Cursed","The Hierophant","The Wild Card"],"gold_per_floor":[111,129,143,143,162,187,199,1,1,1,1,20,52,52,52,152,152,169,169,94,105,105,105],"floor_reached":22,"language":"ENG","playtime":1729,"items_purged":["Defend_G"],"score":196,"play_id":"169c1b7f-0ebf-4a53-b952-b62b3064eb71","local_time":"20210125004047","is_ascension_mode":false,"campfire_choices":[{"floor":15.0,"key":"REST"}],"circlet_count":0,"master_deck":["Strike_G","Strike_G","Strike_G","Strike_G","Defend_G","Defend_G","Defend_G","Survivor","Neutralize","Flying Knee","Acrobatics","Deflect","Prepared","Pot Of Greed","Pot Of Greed","Escape Plan","Quick Slash","Terror","Blade Dance","Poisoned Stab","Dagger Spray","Burst","Dagger Throw","Pot Of Greed","Dagger Throw"],"relics":["Ring of the Snake","NeowsBlessing","Grinning Jar","Pen Nib","Lantern","HoveringKite"],"acts_visited":["Exordium","TheCity"],"potions_floor_usage":[],"damage_taken":[{"damage":0.0,"enemies":"Cultist","floor":1.0,"turns":1.0},{"damage":0.0,"enemies":"2 Louse","floor":2.0,"turns":1.0},{"damage":0.0,"enemies":"Small Slimes","floor":3.0,"turns":1.0},{"damage":4.0,"enemies":"Blue Slaver","floor":5.0,"turns":5.0},{"damage":18.0,"enemies":"Lagavulin","floor":6.0,"turns":8.0},{"damage":0.0,"enemies":"2 Fungi Beasts","floor":7.0,"turns":5.0},{"damage":1.0,"enemies":"Looter","floor":12.0,"turns":4.0},{"damage":7.0,"enemies":"3 Sentries","floor":13.0,"turns":8.0},{"damage":60.0,"enemies":"Slime Boss","floor":16.0,"turns":12.0},{"damage":2.0,"enemies":"Spheric Guardian","floor":18.0,"turns":4.0},{"damage":25.0,"enemies":"Shell Parasite","floor":21.0,"turns":6.0},{"damage":0,"enemies":"3 Cultists","floor":22,"turns":1}],"seed_played":"-5689812444720407215","potions_obtained":[{"floor":1.0,"key":"ColorlessPotion"},{"floor":4.0,"key":"Venom Potion"},{"floor":4.0,"key":"LifebloodPotion"},{"floor":7.0,"key":"Regen Potion"},{"floor":16.0,"key":"Block Potion"},{"floor":18.0,"key":"EssenceOfSteel"}],"is_trial":false,"path_per_floor":["M","M","M","?","M","E","M","$","T","$","?","M","E","?","R","B",null,"M","?","?","M","M"],"character_chosen":"THE_SILENT","items_purchased":["Terror","Blade Dance"],"campfire_rested":1,"item_purchase_floors":[8,8],"current_hp_per_floor":[70,70,70,70,66,48,48,48,48,48,48,47,55,55,70,10,70,68,68,68,43,43,43],"gold":105,"neow_bonus":"THREE_ENEMY_KILL","is_daily":false,"chose_seed":false,"campfire_upgraded":0,"win_rate":0.0,"timestamp":1611553247,"path_taken":["M","M","?","?","M","E","M","?","T","$","?","M","E","?","R","BOSS","M","?","?","M","M"],"items_purchased_type":["Card","Card"],"build_version":"2020-12-22","purchased_purges":1,"victory":false,"max_hp_per_floor":[70,70,70,70,70,70,70,70,70,70,70,70,70,70,70,70,70,70,70,70,70,70,70],"card_choices":[{"not_picked":["Predator","Slice"],"picked":"Flying Knee","floor":1.0},{"not_picked":["Calculated Gamble","Flying Knee"],"picked":"Acrobatics","floor":2.0},{"not_picked":["Envenom","Outmaneuver"],"picked":"Deflect","floor":3.0},{"not_picked":["ReplayTheSpireMod:The Works","Outmaneuver"],"picked":"Prepared","floor":5.0},{"not_picked":["Infinite Blades","Masterful Stab"],"picked":"Escape Plan","floor":6.0},{"not_picked":["Slice","Bane"],"picked":"Quick Slash","floor":7.0},{"not_picked":["Underhanded Strike","Backflip"],"picked":"Poisoned Stab","floor":12.0},{"not_picked":["Quick Slash","Expertise"],"picked":"Dagger Spray","floor":13.0},{"not_picked":["Malaise","Replay:Bag of Tricks"],"picked":"Burst","floor":16.0},{"not_picked":["Acrobatics","Flying Knee"],"picked":"Dagger Throw","floor":18.0},{"not_picked":["Quick Slash","Choke"],"picked":"Dagger Throw","floor":21.0}],"player_experience":61675,"relics_obtained":[{"floor":6.0,"key":"Grinning Jar"},{"floor":9.0,"key":"Pen Nib"},{"floor":13.0,"key":"Lantern"}],"event_choices":[{"damage_healed":0.0,"max_hp_gain":0.0,"max_hp_loss":0.0,"gold_gain":0.0,"event_name":"Lab","player_choice":"Got Potions","floor":4.0,"gold_loss":0.0,"damage_taken":0.0},{"cards_removed":["Strike_G"],"damage_healed":0.0,"max_hp_gain":0.0,"max_hp_loss":0.0,"gold_gain":0.0,"event_name":"Living Wall","player_choice":"Forget","floor":11.0,"gold_loss":0.0,"damage_taken":0.0},{"damage_healed":0.0,"max_hp_gain":0.0,"max_hp_loss":0.0,"gold_gain":0.0,"event_name":"Ghosts","player_choice":"Ignored","floor":19.0,"gold_loss":0.0,"damage_taken":0.0},{"cards_removed":["Defend_G"],"damage_healed":0.0,"max_hp_gain":0.0,"max_hp_loss":0.0,"gold_gain":0.0,"event_name":"Beggar","player_choice":"Gave Gold","floor":20.0,"gold_loss":75.0,"damage_taken":0.0}],"is_beta":false,"boss_relics":[{"not_picked":["Coffee Dripper","Painkiller Herb"],"picked":"HoveringKite"}],"items_purged_floors":[8],"is_endless":false,"potions_floor_spawned":[1,5,7,16,18],"killed_by":"3 Cultists","ascension_level":0}}