{"host":"vld99k9l4elccfy8","time":1611549612,"event":{"mods":["AchievementEnabler","BaseMod","Bestiary","Block Reminder","Colored Map","Colored Powertips","Custom Start","Highlight Path","Minty Spire (QoL Compilation)","Permanent Neow","Rare Cards Sparkle"],"gold_per_floor":[119,136,311,328,328,328,348,360,360,379,379,408,421,256,256,354,354,367,367,382,134,152,152,163,15,66,98,98,98,98,115,115,218,218,229,229,229,229,245,245,258,258,258,269,269,269],"floor_reached":45,"language":"ENG","playtime":8605,"items_purged":[],"score":457,"play_id":"2fda240a-5423-4b48-bb78-b638c6342819","local_time":"20210124214012","is_ascension_mode":false,"campfire_choices":[{"data":"Immolate","floor":6.0,"key":"SMITH"},{"data":"True Grit","floor":11.0,"key":"SMITH"},{"data":"The Bomb","floor":15.0,"key":"SMITH"},{"data":"Demon Form","floor":23.0,"key":"SMITH"},{"data":"Limit Break","floor":28.0,"key":"SMITH"},{"data":"Flex","floor":32.0,"key":"SMITH"},{"data":"Flex","floor":40,"key":"SMITH"}],"circlet_count":0,"master_deck":["Strike_R","Strike_R","Defend_R","Defend_R","Defend_R","Defend_R","Bash","Whirlwind","Immolate+1","Dual Wield","Intimidate","True Grit+1","Impervious","Flex+1","The Bomb+1","Demon Form+1","CurseOfTheBell","Shockwave","Iron Wave+1","Dramatic Entrance+1","Flex+1","Anger+1","Limit Break+1","Armaments","Warcry","Flame Barrier","Flex+1","Feed+1","Anger+1","Bandage Up","Dramatic Entrance+1","Transmutation","Iron Wave+1","Thunderclap+1","Madness","Madness","Blood for Blood+1"],"relics":["Black Blood","Nunchaku","Meat on the Bone","Odd Mushroom","Calling Bell","Bag of Preparation","Molten Egg 2","Turnip","MealTicket","Boot","Red Mask","Omamori"],"acts_visited":["Exordium","TheCity","TheBeyond"],"potions_floor_usage":[39,39,44,45],"damage_taken":[{"damage":9.0,"enemies":"2 Louse","floor":1.0,"turns":4.0},{"damage":1.0,"enemies":"Jaw Worm","floor":2.0,"turns":6.0},{"damage":8.0,"enemies":"Cultist","floor":4.0,"turns":5.0},{"damage":10.0,"enemies":"Lots of Slimes","floor":7.0,"turns":2.0},{"damage":3.0,"enemies":"Red Slaver","floor":8.0,"turns":4.0},{"damage":2.0,"enemies":"2 Fungi Beasts","floor":10.0,"turns":2.0},{"damage":7.0,"enemies":"The Mushroom Lair","floor":12.0,"turns":3.0},{"damage":1.0,"enemies":"Looter","floor":13.0,"turns":2.0},{"damage":73.0,"enemies":"Hexaghost","floor":16.0,"turns":12.0},{"damage":32.0,"enemies":"Shell Parasite","floor":18.0,"turns":4.0},{"damage":11.0,"enemies":"Spheric Guardian","floor":20.0,"turns":4.0},{"damage":16.0,"enemies":"Snake Plant","floor":22.0,"turns":4.0},{"damage":7.0,"enemies":"Centurion and Healer","floor":24.0,"turns":4.0},{"damage":0.0,"enemies":"Masked Bandits","floor":27.0,"turns":1.0},{"damage":8.0,"enemies":"Shelled Parasite and Fungi","floor":31.0,"turns":7.0},{"damage":48.0,"enemies":"Collector","floor":33.0,"turns":9.0},{"damage":9.0,"enemies":"3 Shapes","floor":35.0,"turns":1.0},{"damage":14,"enemies":"Orb Walker","floor":39,"turns":4},{"damage":59,"enemies":"Spire Growth","floor":41,"turns":7},{"damage":40,"enemies":"3 Darklings","floor":44,"turns":5},{"damage":47,"enemies":"Maw","floor":45,"turns":7}],"seed_played":"-3989308585674763234","potions_obtained":[{"floor":1.0,"key":"Weak Potion"},{"floor":7.0,"key":"SteroidPotion"},{"floor":8.0,"key":"SteroidPotion"},{"floor":16.0,"key":"Block Potion"},{"floor":18.0,"key":"BloodPotion"},{"floor":31.0,"key":"Energy Potion"},{"floor":33.0,"key":"Fire Potion"},{"floor":41,"key":"Dexterity Potion"},{"floor":44,"key":"LiquidMemories"}],"is_trial":false,"path_per_floor":["M","M","?","M","?","R","M","M","T","M","R","?","M","$","R","B",null,"M","?","M","$","M","R","M","$","T","?","R","$","?","M","R","B",null,"M","?","?","?","M","R","M","?","T","M","M"],"character_chosen":"IRONCLAD","items_purchased":["The Bomb","MealTicket","Dramatic Entrance+1","Limit Break"],"campfire_rested":0,"item_purchase_floors":[14,21,21,25],"current_hp_per_floor":[77,80,80,78,78,78,74,77,77,80,80,79,80,80,80,25,80,54,54,49,49,51,51,50,65,65,71,71,80,80,78,78,48,80,80,80,80,70,72,72,41,31,31,35,0,0],"gold":269,"neow_bonus":"RANDOM_COMMON_RELIC","is_daily":false,"chose_seed":false,"campfire_upgraded":7,"win_rate":0.0,"timestamp":1611549612,"path_taken":["M","M","?","M","?","R","?","M","T","M","R","?","M","$","R","BOSS","M","?","M","$","?","R","?","?","T","?","R","$","?","M","R","BOSS","M","?","?","?","?","R","M","?","T","M","M"],"items_purchased_type":["Card","Relic","Card","Card"],"build_version":"2020-12-22","purchased_purges":0,"victory":false,"max_hp_per_floor":[80,80,80,80,80,80,80,80,80,80,80,80,80,80,80,80,80,80,80,80,80,80,80,80,80,80,80,80,80,80,80,80,80,80,80,80,80,80,80,80,80,80,80,80,80,80],"card_choices":[{"not_picked":["Warcry","Anger"],"picked":"Whirlwind","floor":1.0},{"not_picked":["Thunderclap","Combust"],"picked":"Warcry","floor":2.0},{"not_picked":["Rage","Twin Strike"],"picked":"Immolate","floor":4.0},{"not_picked":["Headbutt","Pummel"],"picked":"Dual Wield","floor":7.0},{"not_picked":["Whirlwind","True Grit"],"picked":"Intimidate","floor":8.0},{"not_picked":["Second Wind","Dark Embrace"],"picked":"True Grit","floor":10.0},{"not_picked":["Combust","Anger"],"picked":"Impervious","floor":12.0},{"not_picked":["Armaments","Perfected Strike"],"picked":"Flex","floor":13.0},{"not_picked":["Offering","Double Tap"],"picked":"Demon Form","floor":16.0},{"not_picked":["Inflame","Clash+1"],"picked":"Shockwave","floor":18.0},{"not_picked":["True Grit+1","Shrug It Off+1"],"picked":"Iron Wave+1","floor":20.0},{"not_picked":["Warcry+1","Thunderclap+1"],"picked":"Flex+1","floor":22.0},{"not_picked":["Thunderclap+1","Pommel Strike+1"],"picked":"Anger+1","floor":24.0},{"not_picked":["Entrench","Headbutt+1"],"picked":"Armaments","floor":27.0},{"not_picked":["Dark Embrace","Burning Pact"],"picked":"Flex","floor":31.0},{"not_picked":["Double Tap","Offering"],"picked":"Feed+1","floor":33.0},{"not_picked":["True Grit+1","Burning Pact"],"picked":"Anger+1","floor":35.0},{"not_picked":["Flash of Steel+1","Deep Breath"],"picked":"Bandage Up","floor":38},{"not_picked":["Mind Blast+1","Swift Strike+1"],"picked":"Dramatic Entrance+1","floor":38},{"not_picked":["Purity","Impatience"],"picked":"Transmutation","floor":38},{"not_picked":["Perfected Strike+1","Dropkick+1"],"picked":"Iron Wave+1","floor":39},{"not_picked":["Rupture+1","True Grit"],"picked":"Thunderclap+1","floor":41},{"not_picked":["Dark Embrace","Sword Boomerang+1"],"picked":"Blood for Blood+1","floor":44}],"player_experience":275156,"relics_obtained":[{"floor":9.0,"key":"Meat on the Bone"},{"floor":12.0,"key":"Odd Mushroom"},{"floor":17.0,"key":"Bag of Preparation"},{"floor":17.0,"key":"Molten Egg 2"},{"floor":17.0,"key":"Turnip"},{"floor":26.0,"key":"Boot"},{"floor":27.0,"key":"Red Mask"},{"floor":43,"key":"Omamori"}],"event_choices":[{"damage_healed":0.0,"max_hp_gain":0.0,"max_hp_loss":0.0,"gold_gain":175.0,"event_name":"Liars Game","player_choice":"AGREE","floor":3.0,"gold_loss":0.0,"damage_taken":0.0,"cards_obtained":["Doubt"]},{"cards_removed":["Doubt"],"damage_healed":0.0,"max_hp_gain":0.0,"max_hp_loss":0.0,"gold_gain":0.0,"event_name":"Living Wall","player_choice":"Forget","floor":5.0,"gold_loss":0.0,"damage_taken":0.0},{"damage_healed":0.0,"max_hp_gain":0.0,"max_hp_loss":0.0,"gold_gain":0.0,"event_name":"Mushrooms","player_choice":"Fought Mushrooms","floor":12.0,"gold_loss":0.0,"damage_taken":0.0},{"cards_removed":["Strike_R"],"damage_healed":0.0,"max_hp_gain":0.0,"max_hp_loss":0.0,"gold_gain":0.0,"event_name":"Wheel of Change","player_choice":"Card Removal","floor":19.0,"gold_loss":0.0,"damage_taken":0.0},{"damage_healed":0.0,"max_hp_gain":0.0,"max_hp_loss":0.0,"gold_gain":0.0,"event_name":"Masked Bandits","player_choice":"Fought Bandits","floor":27.0,"gold_loss":0.0,"damage_taken":0.0},{"damage_healed":0.0,"max_hp_gain":0.0,"max_hp_loss":0.0,"gold_gain":0.0,"cards_transformed":["Strike_R","Strike_R"],"event_name":"Drug Dealer","player_choice":"Became Test Subject","floor":30.0,"gold_loss":0.0,"damage_taken":0.0,"cards_obtained":["Warcry","Flame Barrier"]},{"damage_healed":0,"gold_gain":0,"player_choice":"Ignored","damage_taken":0,"max_hp_gain":0,"max_hp_loss":0,"event_name":"Mysterious Sphere","floor":36,"gold_loss":0},{"cards_removed":["Warcry"],"damage_healed":0,"gold_gain":0,"player_choice":"Removed Skill","damage_taken":0,"max_hp_gain":0,"max_hp_loss":0,"event_name":"Falling","floor":37,"gold_loss":0},{"damage_healed":0,"gold_gain":0,"player_choice":"Memory 3","damage_taken":10,"max_hp_gain":0,"max_hp_loss":0,"event_name":"SensoryStone","floor":38,"gold_loss":0},{"damage_healed":0,"gold_gain":0,"player_choice":"Embrace Madness","damage_taken":10,"max_hp_gain":0,"max_hp_loss":0,"event_name":"Winding Halls","floor":42,"gold_loss":0,"cards_obtained":["Madness","Madness"]}],"is_beta":false,"boss_relics":[{"not_picked":["Sozu","Runic Cube"],"picked":"Calling Bell"},{"not_picked":["Runic Dome","Pandora\u0027s Box"],"picked":"Black Blood"}],"items_purged_floors":[],"is_endless":false,"potions_floor_spawned":[1,7,8,16,18,31,33,35,41,44],"killed_by":"Maw","ascension_level":0}}