{"host":"d61fcf2p3sjwe6yo","time":1611597394,"event":{"mods":["AchievementEnabler","BaseMod","Colored Map","Downfall","Minty Spire (QoL Compilation)","StSLib","SuperFastMode"],"gold_per_floor":[349,366,366,366,385,416,441,454,354,366,366,366,64,99,113,187,187,187,187,187,187,187,187,187,199,199,199,199],"floor_reached":26,"language":"ENG","playtime":979,"items_purged":[],"score":350,"play_id":"eabc3f77-f294-42f9-8c32-32ac90c71b27","local_time":"20210125205634","is_ascension_mode":true,"campfire_choices":[{"floor":1,"key":"RECALL"}],"circlet_count":0,"master_deck":["AscendersBane","sneckomod:Strike","sneckomod:Strike","sneckomod:Defend","sneckomod:Defend","sneckomod:Defend","sneckomod:TailWhip","sneckomod:SnekBite","sneckomod:Unknown","sneckomod:QuickMove","sneckomod:QuickMove","sneckomod:UnknownStrike","champ:ShieldWall","sneckomod:UnknownWeak","sneckomod:UnknownCommonAttack","sneckomod:UnknownCommonSkill","sneckomod:UnknownRareAttack","sneckomod:UnknownClassTHE_CHAMP_GRAY","sneckomod:UnknownClassTHE_CHAMP_GRAY","sneckomod:UnknownClassTHE_CHAMP_GRAY","champ:StrikeOfGenius","Writhe","sneckomod:MasterEye","Necronomicurse","champ:HoldFirm","champ:ShieldWall","sneckomod:Unknown2Cost"],"relics":["sneckomod:SneckoSoul","Juzu Bracelet","Happy Flower","downfall:HeartBlessingRed","Ice Cream","Akabeko","sneckomod:SneckoBoss","Dream Catcher","Necronomicon","InkBottle"],"acts_visited":["Exordium","TheCity"],"potions_floor_usage":[6,8,14,16,16],"damage_taken":[{"damage":4,"enemies":"Small Slimes","floor":2,"turns":4},{"damage":6,"enemies":"Cultist","floor":5,"turns":3},{"damage":18,"enemies":"Gremlin Nob","floor":6,"turns":4},{"damage":7,"enemies":"Jaw Worm","floor":8,"turns":3},{"damage":4,"enemies":"2 Fungi Beasts","floor":10,"turns":3},{"damage":0,"enemies":"downfall:FleeingMerchant","floor":13,"turns":4},{"damage":9,"enemies":"Lagavulin","floor":14,"turns":5},{"damage":10,"enemies":"Large Slime","floor":15,"turns":5},{"damage":26,"enemies":"IC_STATUS_ARCHETYPE","floor":16,"turns":10},{"damage":31,"enemies":"3 Byrds","floor":25,"turns":5},{"damage":16,"enemies":"Slavers","floor":26,"turns":2}],"seed_played":"7092376934750649811","potions_obtained":[{"floor":5,"key":"SteroidPotion"},{"floor":6,"key":"champ:CounterPotion"},{"floor":8,"key":"Fruit Juice"},{"floor":14,"key":"Guardian:BlockOnCardUsePotion"},{"floor":15,"key":"Block Potion"},{"floor":20,"key":"CultistPotion"}],"is_trial":false,"path_per_floor":["R","M","?","?","M","E","T","M","R","M","R","?","$","E","M","B",null,"R","?","?","?","?","R","T","M","E"],"character_chosen":"THE_SNECKO","items_purchased":["Ice Cream"],"campfire_rested":0,"item_purchase_floors":[13],"current_hp_per_floor":[81,77,82,82,76,58,58,56,56,52,52,91,91,82,72,51,81,81,81,81,81,65,65,65,34,18,18,18],"gold":199,"neow_bonus":"TWO_FIFTY_GOLD","is_daily":false,"chose_seed":false,"campfire_upgraded":0,"win_rate":0.0,"timestamp":1611597394,"path_taken":["R","M","?","?","M","E","T","M","R","M","R","?","?","E","M","BOSS","R","?","?","?","?","R","T","M","E"],"items_purchased_type":["Relic"],"build_version":"2020-12-22","purchased_purges":0,"victory":false,"max_hp_per_floor":[81,81,86,86,86,86,86,91,91,91,91,91,91,91,91,91,91,91,91,91,91,91,91,91,91,91,91,91],"card_choices":[{"not_picked":["sneckomod:UnknownExhaust","sneckomod:Rotation"],"picked":"sneckomod:UnknownUncommonPower","floor":2},{"not_picked":["sneckomod:SoulDraw","sneckomod:DiceCrush","sneckomod:Nope"],"picked":"SKIP","floor":5},{"not_picked":["sneckomod:UnknownVulnerable","sneckomod:SoulCleanse"],"picked":"sneckomod:QuickMove","floor":6},{"not_picked":["sneckomod:SoulDraw","sneckomod:SoulExchange"],"picked":"sneckomod:QuickMove","floor":8},{"not_picked":["sneckomod:MixItUp","sneckomod:SoulDraw"],"picked":"sneckomod:UnknownStrike","floor":10},{"not_picked":["sneckomod:DiceBoulder","sneckomod:UnknownUncommonPower"],"picked":"sneckomod:UnknownWeak","floor":13},{"not_picked":["sneckomod:QuickMove","sneckomod:SoulRoll"],"picked":"sneckomod:UnknownCommonAttack","floor":14},{"not_picked":["sneckomod:SlitherStrike","sneckomod:QuickBite"],"picked":"sneckomod:UnknownCommonSkill","floor":15},{"not_picked":["sneckomod:Transmogrify","sneckomod:UnknownRarePower"],"picked":"sneckomod:UnknownRareAttack","floor":16},{"not_picked":["champ:GladiatorForm","champ:FocusedBerserking"],"picked":"champ:ShieldWall","floor":25},{"not_picked":["sneckomod:UnendingSupply+1","sneckomod:Unknown0Cost"],"picked":"sneckomod:Unknown2Cost","floor":25}],"player_experience":700996,"relics_obtained":[{"floor":6,"key":"Juzu Bracelet"},{"floor":7,"key":"Happy Flower"},{"floor":14,"key":"Akabeko"},{"floor":22,"key":"Necronomicon"},{"floor":24,"key":"InkBottle"}],"event_choices":[{"damage_healed":0,"gold_gain":0,"player_choice":"Donut","damage_taken":0,"max_hp_gain":5,"max_hp_loss":0,"event_name":"Big Fish","floor":3,"gold_loss":0},{"cards_removed":["LikeWater"],"damage_healed":39,"gold_gain":0,"player_choice":"Offered Uncommon","damage_taken":0,"max_hp_gain":0,"max_hp_loss":0,"event_name":"Bonfire Elementals","floor":12,"gold_loss":0},{"damage_healed":0,"gold_gain":0,"player_choice":"Read","damage_taken":0,"max_hp_gain":0,"max_hp_loss":0,"event_name":"The Library","floor":21,"gold_loss":0,"cards_obtained":["sneckomod:MasterEye"]}],"is_beta":false,"boss_relics":[{"not_picked":["expansioncontent:StudyCardRelic","Empty Cage"],"picked":"sneckomod:SneckoBoss"}],"items_purged_floors":[],"is_endless":false,"potions_floor_spawned":[5,6,8,14,15],"killed_by":"Slavers","ascension_level":13}}