{"host":"ebj6lkgm8suah319","time":1611536896,"event":{"mods":["2.2 Compatiblity","AchievementEnabler","BaseMod","Block Reminder","Colored Map","Colored Powertips","Minty Spire (QoL Compilation)","Quick Restart","Rare Cards Sparkle","Relic Stats","SuperFastMode"],"gold_per_floor":[110,120,134,59,78,78,105,105,105,123,153,232,252,279,279,354,354,371,386,386,40,52,52,52,77,150,150,166,194,208,208,208,285,285,299,299,315,27,43,43,43,70,95,121,121,150,164,164,164,164,164,164,164,66,100,100],"floor_reached":57,"language":"ENG","playtime":2645,"items_purged":["Decay","Strike_R","Strike_R+1"],"score":2825,"play_id":"e49789fd-4dab-47df-bc6e-1b0a1145db11","local_time":"20210124200816","is_ascension_mode":true,"campfire_choices":[{"data":"Uppercut","floor":6.0,"key":"SMITH"},{"data":"Bash","floor":8.0,"key":"SMITH"},{"data":"Fiend Fire","floor":15.0,"key":"SMITH"},{"data":"Demon Form","floor":23.0,"key":"SMITH"},{"data":"True Grit","floor":27.0,"key":"SMITH"},{"data":"Heavy Blade","floor":32.0,"key":"SMITH"},{"floor":40.0,"key":"RECALL"},{"floor":45,"key":"REST"},{"floor":49,"key":"REST"},{"floor":53,"key":"REST"}],"circlet_count":0,"master_deck":["AscendersBane","Strike_R+1","Strike_R+1","Strike_R+1","Defend_R+1","Defend_R+1","Defend_R+1","Defend_R+1","Bash+1","Uppercut+1","Spot Weakness","Flame Barrier+1","Rage","Twin Strike","Headbutt","Fiend Fire+1","Carnage","Offering","Reaper","Burning Pact","Burning Pact+1","Iron Wave","Bash","Feel No Pain","Demon Form+1","Necronomicurse","True Grit+1","Heavy Blade+1","Feel No Pain","Reaper","Flame Barrier+1","Shockwave","Battle Trance+1","Pommel Strike","Dual Wield","Dual Wield+1","Shockwave+1","Flame Barrier+1","Shrug It Off+1","Sentinel+1","Sword Boomerang","Limit Break+1"],"relics":["Burning Blood","Prayer Wheel","Centennial Puzzle","InkBottle","StoneCalendar","Blood Vial","Snecko Eye","Lantern","Necronomicon","War Paint","Bottled Tornado","Pear","Fusion Hammer","Happy Flower","Anchor","Question Card","Toxic Egg 2","Gremlin Horn","Ice Cream"],"acts_visited":["Exordium","TheCity","TheBeyond","TheEnding"],"potions_floor_usage":[44,46,55,56,56],"damage_taken":[{"damage":10.0,"enemies":"Jaw Worm","floor":1.0,"turns":5.0},{"damage":8.0,"enemies":"Cultist","floor":2.0,"turns":4.0},{"damage":7.0,"enemies":"Small Slimes","floor":3.0,"turns":4.0},{"damage":6.0,"enemies":"3 Louse","floor":5.0,"turns":5.0},{"damage":9.0,"enemies":"3 Sentries","floor":7.0,"turns":6.0},{"damage":1.0,"enemies":"Blue Slaver","floor":10.0,"turns":4.0},{"damage":15.0,"enemies":"Lagavulin","floor":11.0,"turns":6.0},{"damage":1.0,"enemies":"Looter","floor":13.0,"turns":2.0},{"damage":5.0,"enemies":"Gremlin Nob","floor":14.0,"turns":3.0},{"damage":22.0,"enemies":"The Guardian","floor":16.0,"turns":8.0},{"damage":6.0,"enemies":"Shell Parasite","floor":18.0,"turns":2.0},{"damage":0.0,"enemies":"Chosen","floor":19.0,"turns":3.0},{"damage":13.0,"enemies":"Centurion and Healer","floor":22.0,"turns":4.0},{"damage":18.0,"enemies":"Gremlin Leader","floor":25.0,"turns":5.0},{"damage":6.0,"enemies":"Chosen and Byrds","floor":28.0,"turns":4.0},{"damage":55.0,"enemies":"Slavers","floor":29.0,"turns":5.0},{"damage":13.0,"enemies":"Sentry and Sphere","floor":30.0,"turns":4.0},{"damage":45.0,"enemies":"Automaton","floor":33.0,"turns":7.0},{"damage":18.0,"enemies":"3 Shapes","floor":35.0,"turns":7.0},{"damage":19.0,"enemies":"3 Darklings","floor":37.0,"turns":4.0},{"damage":0.0,"enemies":"Maw","floor":39.0,"turns":4.0},{"damage":18.0,"enemies":"Giant Head","floor":42.0,"turns":5.0},{"damage":66,"enemies":"Reptomancer","floor":44,"turns":7},{"damage":62,"enemies":"Nemesis","floor":46,"turns":9},{"damage":7,"enemies":"Jaw Worm Horde","floor":47,"turns":3},{"damage":48,"enemies":"Awakened One","floor":50,"turns":9},{"damage":34,"enemies":"Time Eater","floor":51,"turns":7},{"damage":75,"enemies":"Shield and Spear","floor":55,"turns":6},{"damage":89,"enemies":"The Heart","floor":56,"turns":7}],"seed_played":"-7322534708798708545","potions_obtained":[{"floor":2.0,"key":"SkillPotion"},{"floor":3.0,"key":"EntropicBrew"},{"floor":11.0,"key":"ColorlessPotion"},{"floor":14.0,"key":"SkillPotion"},{"floor":16.0,"key":"Strength Potion"},{"floor":19.0,"key":"Strength Potion"},{"floor":28.0,"key":"CultistPotion"},{"floor":37.0,"key":"PowerPotion"},{"floor":44,"key":"Weak Potion"},{"floor":47,"key":"Energy Potion"},{"floor":55,"key":"BloodPotion"}],"is_trial":false,"path_per_floor":["M","M","M","$","M","R","E","R","T","M","E","?","M","E","R","B",null,"M","M","?","$","M","R","?","E","T","R","M","E","M","?","R","B",null,"M","?","M","$","M","R","?","E","T","E","R","E","M","T","R","B","B",null,"R","$","E","B",null],"character_chosen":"IRONCLAD","items_purchased":["Feel No Pain","Lantern","Happy Flower","Sentinel+1","Sword Boomerang"],"campfire_rested":3,"item_purchase_floors":[21,21,38,54,54],"current_hp_per_floor":[64,62,61,61,61,61,58,58,58,63,54,54,59,60,60,46,68,70,75,75,75,74,74,53,53,53,53,65,53,57,57,57,20,69,85,85,85,85,85,85,81,81,81,45,69,39,55,55,79,81,78,80,81,81,60,57],"gold":100,"neow_bonus":"ONE_RARE_RELIC","is_daily":false,"chose_seed":false,"campfire_upgraded":6,"win_rate":0.0,"timestamp":1611536896,"path_taken":["M","M","M","$","M","R","E","R","T","M","E","?","M","E","R","BOSS","M","M","?","$","?","R","?","E","T","R","M","E","M","?","R","BOSS","M","?","M","$","M","R","?","E","T","E","R","E","M","?","R","BOSS","BOSS","R","$","E","BOSS"],"items_purchased_type":["Card","Relic","Relic","Card","Card"],"build_version":"2020-12-22","purchased_purges":3,"victory":true,"max_hp_per_floor":[75,75,75,75,75,75,75,75,75,75,75,75,75,75,75,75,75,75,75,75,75,75,75,75,75,75,75,75,85,85,85,85,85,85,85,85,85,85,85,85,81,81,81,81,81,81,81,81,81,81,81,81,81,81,81,81],"relic_stats":{"Happy Flower":[19],"Gremlin Horn":[4,4],"counters":[29,149],"StoneCalendar":[156],"War Paint":["Flame Barrier","Defend_R"],"Question Card":4,"Burning Blood":139,"Blood Vial":26,"Centennial Puzzle":[65],"Snecko Eye":[212,203,182,236],"Prayer Wheel":15,"Necronomicon":[46],"obtain_stats":[{"Ice Cream":55,"Lantern":21,"Pear":29,"Happy Flower":38,"Gremlin Horn":48,"StoneCalendar":11,"War Paint":25,"Bottled Tornado":26,"Question Card":44,"Burning Blood":0,"Blood Vial":14,"Centennial Puzzle":7,"Anchor":42,"Snecko Eye":17,"Prayer Wheel":0,"Fusion Hammer":34,"Necronomicon":24,"Toxic Egg 2":46,"InkBottle":9},{"Ice Cream":28,"Lantern":12,"Pear":16,"Happy Flower":20,"Gremlin Horn":25,"StoneCalendar":7,"War Paint":14,"Bottled Tornado":14,"Question Card":23,"Burning Blood":0,"Blood Vial":9,"Centennial Puzzle":5,"Anchor":22,"Snecko Eye":10,"Prayer Wheel":0,"Fusion Hammer":18,"Necronomicon":13,"Toxic Egg 2":24,"InkBottle":5},{"Ice Cream":142,"Lantern":52,"Pear":70,"Happy Flower":92,"Gremlin Horn":120,"StoneCalendar":34,"War Paint":61,"Bottled Tornado":61,"Question Card":108,"Burning Blood":0,"Blood Vial":39,"Centennial Puzzle":24,"Anchor":101,"Snecko Eye":47,"Prayer Wheel":0,"Fusion Hammer":81,"Necronomicon":56,"Toxic Egg 2":117,"InkBottle":24}],"InkBottle":[39]},"card_choices":[{"not_picked":["Inflame","Whirlwind"],"picked":"Uppercut","floor":1.0},{"not_picked":["Armaments","Warcry","Cleave"],"picked":"SKIP","floor":1.0},{"not_picked":["Headbutt","Thunderclap"],"picked":"Spot Weakness","floor":2.0},{"not_picked":["Rupture","Uppercut"],"picked":"Flame Barrier","floor":2.0},{"not_picked":["Metallicize","Bloodletting"],"picked":"Rage","floor":3.0},{"not_picked":["Fire Breathing","Combust"],"picked":"Twin Strike","floor":3.0},{"not_picked":["Reckless Charge","Perfected Strike","Thunderclap"],"picked":"SKIP","floor":5.0},{"not_picked":["Power Through","Clash","Warcry"],"picked":"SKIP","floor":5.0},{"not_picked":["Spot Weakness","Pummel"],"picked":"Headbutt","floor":7.0},{"not_picked":["Battle Trance","Twin Strike"],"picked":"Fiend Fire","floor":10.0},{"not_picked":["Clothesline","Pommel Strike"],"picked":"Carnage","floor":10.0},{"not_picked":["Clothesline","Intimidate","Warcry"],"picked":"SKIP","floor":11.0},{"not_picked":["Pummel","Clothesline","Wild Strike"],"picked":"SKIP","floor":13.0},{"not_picked":["Fire Breathing","Twin Strike","Clothesline"],"picked":"SKIP","floor":13.0},{"not_picked":["Intimidate","Clash"],"picked":"Offering","floor":14.0},{"not_picked":["Limit Break","Juggernaut"],"picked":"Reaper","floor":16.0},{"not_picked":["Rage","Reckless Charge"],"picked":"Burning Pact","floor":18.0},{"not_picked":["Wild Strike","Twin Strike","Clash"],"picked":"SKIP","floor":18.0},{"not_picked":["Havoc+1","Shrug It Off"],"picked":"Burning Pact+1","floor":19.0},{"not_picked":["Warcry","Flex","Headbutt"],"picked":"SKIP","floor":19.0},{"not_picked":["Second Wind","Perfected Strike"],"picked":"Demon Form","floor":22.0},{"not_picked":["Power Through","Pummel","Intimidate+1"],"picked":"SKIP","floor":22.0},{"not_picked":["Flex","Headbutt"],"picked":"True Grit","floor":25.0},{"not_picked":["Twin Strike","Metallicize","Iron Wave"],"picked":"SKIP","floor":28.0},{"not_picked":["Clash","Flex","Reckless Charge"],"picked":"SKIP","floor":28.0},{"not_picked":["Berserk","Anger"],"picked":"Heavy Blade","floor":29.0},{"not_picked":["Sword Boomerang","Armaments"],"picked":"Feel No Pain","floor":30.0},{"not_picked":["Flex","Fire Breathing","Body Slam"],"picked":"SKIP","floor":30.0},{"not_picked":["Juggernaut","Limit Break"],"picked":"Reaper","floor":33.0},{"not_picked":["Infernal Blade","Warcry"],"picked":"Flame Barrier+1","floor":35.0},{"not_picked":["Anger","True Grit+1"],"picked":"Shockwave","floor":35.0},{"not_picked":["Spot Weakness","Warcry+1"],"picked":"Battle Trance+1","floor":37.0},{"not_picked":["Headbutt","Anger"],"picked":"Pommel Strike","floor":37.0},{"not_picked":["Reckless Charge","Headbutt"],"picked":"Dual Wield","floor":39.0},{"not_picked":["Pummel","Headbutt","Second Wind"],"picked":"SKIP","floor":39.0},{"not_picked":["Shrug It Off","Warcry"],"picked":"Dual Wield+1","floor":42.0},{"not_picked":["Seeing Red","Headbutt","Rupture"],"picked":"SKIP","floor":44},{"not_picked":["Flex+1","Disarm+1","Heavy Blade"],"picked":"Shockwave+1","floor":46},{"not_picked":["Thunderclap","Spot Weakness+1","Carnage+1"],"picked":"Flame Barrier+1","floor":47},{"not_picked":["Rupture","Armaments+1","Clash+1"],"picked":"Shrug It Off+1","floor":47},{"not_picked":["Offering+1","Combust","Flex+1"],"picked":"Limit Break+1","floor":55}],"player_experience":76610,"relics_obtained":[{"floor":7.0,"key":"Centennial Puzzle"},{"floor":9.0,"key":"InkBottle"},{"floor":11.0,"key":"StoneCalendar"},{"floor":14.0,"key":"Blood Vial"},{"floor":24.0,"key":"Necronomicon"},{"floor":25.0,"key":"War Paint"},{"floor":26.0,"key":"Bottled Tornado"},{"floor":29.0,"key":"Pear"},{"floor":42.0,"key":"Anchor"},{"floor":44,"key":"Question Card"},{"floor":46,"key":"Toxic Egg 2"},{"floor":48,"key":"Gremlin Horn"},{"floor":55,"key":"Ice Cream"}],"event_choices":[{"damage_healed":0.0,"max_hp_gain":0.0,"max_hp_loss":0.0,"gold_gain":79.0,"event_name":"Golden Wing","player_choice":"Gained Gold","floor":12.0,"gold_loss":0.0,"damage_taken":0.0},{"damage_healed":0.0,"max_hp_gain":0.0,"max_hp_loss":0.0,"gold_gain":0.0,"event_name":"Match and Keep!","player_choice":"2 cards matched","floor":20.0,"gold_loss":0.0,"damage_taken":0.0,"cards_obtained":["Iron Wave","Bash"]},{"damage_healed":0.0,"max_hp_gain":0.0,"max_hp_loss":0.0,"gold_gain":0.0,"event_name":"Cursed Tome","player_choice":"Obtained Book","floor":24.0,"gold_loss":0.0,"damage_taken":21.0},{"damage_healed":0.0,"max_hp_gain":0.0,"max_hp_loss":0.0,"gold_gain":0.0,"event_name":"Back to Basics","player_choice":"Simplicity","floor":31.0,"gold_loss":0.0,"damage_taken":0.0,"cards_upgraded":["Strike_R","Strike_R","Strike_R","Strike_R","Defend_R","Defend_R","Defend_R"]},{"damage_healed":0.0,"max_hp_gain":0.0,"max_hp_loss":0.0,"gold_gain":0.0,"event_name":"Tomb of Lord Red Mask","player_choice":"Ignored","floor":36.0,"gold_loss":0.0,"damage_taken":0.0},{"damage_healed":0.0,"max_hp_gain":0.0,"max_hp_loss":4.0,"gold_gain":0.0,"event_name":"Winding Halls","player_choice":"Max HP","floor":41.0,"gold_loss":0.0,"damage_taken":0.0}],"is_beta":false,"boss_relics":[{"not_picked":["Runic Pyramid","SlaversCollar"],"picked":"Snecko Eye"},{"not_picked":["SacredBark","Runic Cube"],"picked":"Fusion Hammer"}],"items_purged_floors":[4,21,38],"is_endless":false,"potions_floor_spawned":[2,3,11,14,16,19,28,29,30,37,39,44,47,55],"ascension_level":20}}