{"host":"dztixnx9b0gu6w9i","time":1611563475,"event":{"mods":["BaseMod","Bestiary","Minty Spire (QoL Compilation)","Relic Stats","Slay the Relics Exporter","SpireBot","ojb\u0027s Better Paths Mod","ojb\u0027s Info Mod"],"gold_per_floor":[109,109,129,145,155,155,185,204,204,129,129,204,220,251,251,325,325,337,367,282,282,282,282,299,327,354,70,70,85,111,128,128,205,205,223,237,284,284,294,320,330,330,355,383,415,446,42,264,264,264,264,264,264,35,70,70],"floor_reached":57,"language":"ENG","playtime":7419,"items_purged":["PathToVictory"],"score":2949,"play_id":"ebcaf02a-3ddd-41f7-aec8-12117d25d9fb","local_time":"20210125033115","is_ascension_mode":true,"campfire_choices":[{"data":"Eruption","floor":6,"key":"SMITH"},{"data":"TalkToTheHand","floor":11,"key":"SMITH"},{"data":"Wallop","floor":15,"key":"SMITH"},{"data":"BowlingBash","floor":23,"key":"SMITH"},{"data":"Scrawl","floor":32,"key":"SMITH"},{"data":"Wallop","floor":42,"key":"SMITH"},{"floor":49,"key":"RECALL"},{"data":"Wallop","floor":53,"key":"SMITH"}],"circlet_count":0,"master_deck":["AscendersBane","Strike_P+1","Strike_P+1","Strike_P+1","Defend_P+1","Defend_P+1","Eruption+1","Vigilance","CrushJoints+1","WaveOfTheHand+1","EmptyFist","Crescendo","JustLucky+1","BowlingBash+1","TalkToTheHand+1","Wallop+1","Wallop+1","DeusExMachina","Indignation","EmptyBody","CarveReality","Scrawl+1","CutThroughFate+1","ClearTheMind","FlurryOfBlows","Vengeance+1","DeusExMachina","DeceiveReality","Halt","FearNoEvil","InnerPeace","Wallop+1"],"relics":["Astrolabe","Vajra","Happy Flower","War Paint","Frozen Egg 2","Coffee Dripper","Red Mask","The Courier","Gremlin Horn","Centennial Puzzle","Anchor","Toy Ornithopter","Black Star","Bird Faced Urn","Pen Nib","Kunai","Whetstone","MawBank","ClockworkSouvenir","Bag of Preparation","Frozen Eye","Akabeko","Eternal Feather"],"acts_visited":["Exordium","TheCity","TheBeyond","TheEnding"],"potions_floor_usage":[7,19,25,33,37,39,44,55,56,56],"damage_taken":[{"damage":0,"enemies":"Small Slimes","floor":1,"turns":2},{"damage":0,"enemies":"Cultist","floor":3,"turns":3},{"damage":4,"enemies":"Jaw Worm","floor":4,"turns":2},{"damage":12,"enemies":"Looter","floor":5,"turns":3},{"damage":0,"enemies":"Gremlin Nob","floor":7,"turns":2},{"damage":12,"enemies":"3 Louse","floor":8,"turns":2},{"damage":1,"enemies":"Large Slime","floor":13,"turns":3},{"damage":0,"enemies":"Lagavulin","floor":14,"turns":5},{"damage":11,"enemies":"The Guardian","floor":16,"turns":10},{"damage":0,"enemies":"Chosen","floor":18,"turns":3},{"damage":0,"enemies":"Masked Bandits","floor":19,"turns":2},{"damage":0,"enemies":"Spheric Guardian","floor":24,"turns":1},{"damage":13,"enemies":"Book of Stabbing","floor":25,"turns":5},{"damage":0,"enemies":"Centurion and Healer","floor":29,"turns":4},{"damage":0,"enemies":"Gremlin Leader","floor":30,"turns":3},{"damage":0,"enemies":"Cultist and Chosen","floor":31,"turns":3},{"damage":11,"enemies":"Champ","floor":33,"turns":9},{"damage":0,"enemies":"3 Darklings","floor":35,"turns":4},{"damage":0,"enemies":"Orb Walker","floor":36,"turns":2},{"damage":0,"enemies":"2 Orb Walkers","floor":37,"turns":3},{"damage":5,"enemies":"Writhing Mass","floor":39,"turns":4},{"damage":1,"enemies":"Reptomancer","floor":40,"turns":2},{"damage":0,"enemies":"Maw","floor":41,"turns":6},{"damage":5,"enemies":"Nemesis","floor":44,"turns":3},{"damage":0,"enemies":"4 Shapes","floor":45,"turns":3},{"damage":2,"enemies":"Writhing Mass","floor":46,"turns":5},{"damage":0,"enemies":"Awakened One","floor":50,"turns":13},{"damage":2,"enemies":"Donu and Deca","floor":51,"turns":8},{"damage":0,"enemies":"Shield and Spear","floor":55,"turns":6},{"damage":3,"enemies":"The Heart","floor":56,"turns":7}],"seed_played":"-1861777335398866777","potions_obtained":[{"floor":3,"key":"FearPotion"},{"floor":5,"key":"BlessingOfTheForge"},{"floor":8,"key":"Swift Potion"},{"floor":14,"key":"GamblersBrew"},{"floor":24,"key":"GamblersBrew"},{"floor":29,"key":"BottledMiracle"},{"floor":33,"key":"SkillPotion"},{"floor":37,"key":"Regen Potion"},{"floor":40,"key":"Dexterity Potion"},{"floor":41,"key":"SteroidPotion"},{"floor":45,"key":"Swift Potion"},{"floor":55,"key":"DistilledChaos"}],"is_trial":false,"path_per_floor":["M","?","M","M","M","R","E","M","T","$","R","?","M","E","R","B",null,"M","?","?","?","?","R","M","E","T","$","?","M","E","M","R","B",null,"M","M","?","?","M","E","M","R","T","E","M","M","$","?","R","B","B",null,"R","$","E","B",null],"character_chosen":"WATCHER","items_purchased":["Wallop","Anchor","Scrawl","CutThroughFate","ClockworkSouvenir","Bag of Preparation","FearNoEvil","InnerPeace","Wallop","Frozen Eye","PathToVictory"],"campfire_rested":0,"item_purchase_floors":[10,27,27,27,47,47,47,47,47,54,54],"current_hp_per_floor":[61,61,61,57,45,45,45,33,33,33,33,22,21,21,21,10,54,54,54,54,54,54,54,54,41,41,41,46,46,46,46,46,40,61,61,61,66,56,68,67,67,67,67,63,63,61,61,61,61,61,59,66,66,66,68,68],"gold":70,"neow_bonus":"BOSS_RELIC","is_daily":false,"chose_seed":false,"campfire_upgraded":7,"win_rate":0.0,"timestamp":1611563475,"path_taken":["M","?","M","M","M","R","E","?","T","$","R","?","M","E","R","BOSS","M","?","?","?","?","R","M","E","T","$","?","M","E","M","R","BOSS","M","M","?","?","M","E","M","R","T","E","M","M","$","?","R","BOSS","BOSS","R","$","E","BOSS"],"items_purchased_type":["Card","Relic","Card","Card","Relic","Relic","Card","Card","Card","Relic","Card"],"build_version":"2020-12-22","purchased_purges":1,"victory":true,"max_hp_per_floor":[68,68,68,68,68,68,68,68,68,68,68,68,68,68,68,68,68,68,68,68,68,68,68,68,68,68,68,68,68,68,68,68,68,68,68,68,68,68,68,68,68,68,68,68,68,68,68,68,68,68,68,68,68,68,68,68],"relic_stats":{"Happy Flower":[38],"Gremlin Horn":[21,20],"counters":[30,128],"Astrolabe":["CrushJoints","WaveOfTheHand","PathToVictory"],"Eternal Feather":0,"Pen Nib":[19],"Bag of Preparation":[9],"Whetstone":["CutThroughFate","JustLucky"],"War Paint":["Defend_P","Defend_P"],"MawBank":36,"Centennial Puzzle":[21],"Bird Faced Urn":[0],"Black Star":3,"Kunai":[47],"obtain_stats":[{"Happy Flower":7,"Gremlin Horn":25,"Astrolabe":0,"Vajra":2,"Eternal Feather":55,"The Courier":20,"Pen Nib":40,"Bag of Preparation":47,"Whetstone":44,"War Paint":9,"Frozen Egg 2":14,"MawBank":44,"Akabeko":55,"ClockworkSouvenir":47,"Frozen Eye":54,"Centennial Puzzle":26,"Anchor":27,"Bird Faced Urn":37,"Coffee Dripper":17,"Red Mask":19,"Black Star":34,"Kunai":40,"PureWater":0,"Toy Ornithopter":30},{"Happy Flower":5,"Gremlin Horn":13,"Astrolabe":0,"Vajra":1,"Eternal Feather":29,"The Courier":11,"Pen Nib":22,"Bag of Preparation":26,"Whetstone":24,"War Paint":6,"Frozen Egg 2":8,"MawBank":24,"Akabeko":29,"ClockworkSouvenir":26,"Frozen Eye":28,"Centennial Puzzle":13,"Anchor":13,"Bird Faced Urn":20,"Coffee Dripper":9,"Red Mask":11,"Black Star":17,"Kunai":22,"PureWater":0,"Toy Ornithopter":15},{"Happy Flower":12,"Gremlin Horn":43,"Astrolabe":0,"Vajra":2,"Eternal Feather":121,"The Courier":37,"Pen Nib":77,"Bag of Preparation":94,"Whetstone":86,"War Paint":14,"Frozen Egg 2":22,"MawBank":86,"Akabeko":121,"ClockworkSouvenir":94,"Frozen Eye":115,"Centennial Puzzle":43,"Anchor":43,"Bird Faced Urn":71,"Coffee Dripper":32,"Red Mask":37,"Black Star":62,"Kunai":77,"PureWater":0,"Toy Ornithopter":50}],"Toy Ornithopter":21},"card_choices":[{"not_picked":["FlurryOfBlows","CrushJoints"],"picked":"EmptyFist","floor":1},{"not_picked":["WindmillStrike","Protect"],"picked":"Crescendo","floor":3},{"not_picked":["MentalFortress","Collect"],"picked":"JustLucky","floor":4},{"not_picked":["JustLucky","EmptyBody"],"picked":"BowlingBash","floor":5},{"not_picked":["ClearTheMind","CutThroughFate"],"picked":"TalkToTheHand","floor":7},{"not_picked":["JustLucky","Worship","Indignation"],"picked":"SKIP","floor":8},{"not_picked":["JustLucky","FlyingSleeves","Judgement"],"picked":"SKIP","floor":13},{"not_picked":["JustLucky","Halt"],"picked":"Wallop","floor":14},{"not_picked":["SpiritShield","Devotion+1"],"picked":"DeusExMachina","floor":16},{"not_picked":["PathToVictory+1","Consecrate"],"picked":"Indignation","floor":18},{"not_picked":["ClearTheMind","SignatureMove"],"picked":"EmptyBody","floor":19},{"not_picked":["Prostrate","Weave","EmptyBody"],"picked":"SKIP","floor":24},{"not_picked":["Crescendo","SashWhip"],"picked":"CarveReality","floor":25},{"not_picked":["Swivel","Pray","Evaluate"],"picked":"SKIP","floor":29},{"not_picked":["Swivel","Pray","Evaluate"],"picked":"SKIP","floor":29},{"not_picked":["FollowUp","Perseverance","PathToVictory"],"picked":"SKIP","floor":30},{"not_picked":["Protect","WaveOfTheHand","SashWhip+1"],"picked":"SKIP","floor":31},{"not_picked":["WaveOfTheHand+1","Halt+1"],"picked":"ClearTheMind","floor":35},{"not_picked":["EmptyBody","SashWhip","Halt"],"picked":"SKIP","floor":36},{"not_picked":["Conclude","Indignation"],"picked":"FlurryOfBlows","floor":39},{"not_picked":["Judgement","JustLucky+1","Devotion+1"],"picked":"SKIP","floor":40},{"not_picked":["Judgement","JustLucky+1","Devotion+1"],"picked":"SKIP","floor":40},{"not_picked":["Judgement","JustLucky+1","Devotion+1"],"picked":"SKIP","floor":40},{"not_picked":["Weave","Protect"],"picked":"Vengeance+1","floor":41},{"not_picked":["Vengeance","Pray+1"],"picked":"DeusExMachina","floor":44},{"not_picked":["Halt+1","Weave+1"],"picked":"DeceiveReality","floor":45},{"not_picked":["SashWhip+1","Collect"],"picked":"Halt","floor":46},{"not_picked":["Worship","EmptyFist+1","MentalFortress+1"],"picked":"SKIP","floor":55}],"player_experience":8296459,"relics_obtained":[{"floor":2,"key":"Vajra"},{"floor":7,"key":"Happy Flower"},{"floor":9,"key":"War Paint"},{"floor":14,"key":"Frozen Egg 2"},{"floor":19,"key":"Red Mask"},{"floor":25,"key":"Gremlin Horn"},{"floor":26,"key":"Centennial Puzzle"},{"floor":30,"key":"Toy Ornithopter"},{"floor":37,"key":"Bird Faced Urn"},{"floor":40,"key":"Pen Nib"},{"floor":40,"key":"Kunai"},{"floor":44,"key":"Whetstone"},{"floor":44,"key":"MawBank"},{"floor":55,"key":"Akabeko"},{"floor":55,"key":"Eternal Feather"}],"event_choices":[{"damage_healed":0,"gold_gain":0,"player_choice":"Relic","damage_taken":0,"max_hp_gain":0,"max_hp_loss":0,"event_name":"Wheel of Change","floor":2,"gold_loss":0},{"damage_healed":0,"gold_gain":75,"player_choice":"Gather Gold","damage_taken":11,"max_hp_gain":0,"max_hp_loss":0,"event_name":"World of Goop","floor":12,"gold_loss":0},{"damage_healed":0,"gold_gain":0,"player_choice":"Fought Bandits","damage_taken":0,"max_hp_gain":0,"max_hp_loss":0,"event_name":"Masked Bandits","floor":19,"gold_loss":0},{"damage_healed":0,"gold_gain":0,"player_choice":"Obtained Relic","damage_taken":0,"relics_obtained":["The Courier"],"max_hp_gain":0,"max_hp_loss":0,"event_name":"Addict","floor":20,"gold_loss":85},{"damage_healed":0,"gold_gain":0,"player_choice":"Simplicity","damage_taken":0,"max_hp_gain":0,"max_hp_loss":0,"event_name":"Back to Basics","floor":21,"gold_loss":0,"cards_upgraded":["Strike_P","Strike_P","Strike_P"]},{"damage_healed":0,"gold_gain":0,"player_choice":"Ignored","damage_taken":0,"max_hp_gain":0,"max_hp_loss":0,"event_name":"The Mausoleum","floor":22,"gold_loss":0},{"cards_removed":["PathToVictory"],"damage_healed":5,"gold_gain":0,"player_choice":"Offered Common","damage_taken":0,"max_hp_gain":0,"max_hp_loss":0,"event_name":"Bonfire Elementals","floor":28,"gold_loss":0},{"cards_removed":["PathToVictory"],"damage_healed":5,"gold_gain":0,"player_choice":"Offered Special","damage_taken":0,"max_hp_gain":0,"max_hp_loss":0,"event_name":"Bonfire Elementals","floor":28,"gold_loss":0},{"damage_healed":0,"gold_gain":0,"player_choice":"Fight","damage_taken":0,"max_hp_gain":0,"max_hp_loss":0,"event_name":"Mysterious Sphere","floor":37,"gold_loss":0},{"damage_healed":0,"gold_gain":0,"player_choice":"Memory 3","damage_taken":10,"max_hp_gain":0,"max_hp_loss":0,"event_name":"SensoryStone","floor":38,"gold_loss":0},{"damage_healed":0,"gold_gain":222,"player_choice":"Wore Mask","damage_taken":0,"max_hp_gain":0,"max_hp_loss":0,"event_name":"Tomb of Lord Red Mask","floor":48,"gold_loss":0}],"is_beta":false,"boss_relics":[{"not_picked":["Calling Bell","Cursed Key"],"picked":"Coffee Dripper"},{"not_picked":["VioletLotus","Pandora\u0027s Box"],"picked":"Black Star"}],"items_purged_floors":[54],"is_endless":false,"potions_floor_spawned":[3,5,8,14,24,29,31,33,37,40,41,45,46,55],"ascension_level":20}}