{"host":"jumrmhf584hajrnz","time":1611613639,"event":{"mods":["BaseMod","Duelist Mod","GifTheSpireLib","Minty Spire (QoL Compilation)","Quick Restart","Replay The Spire","StSLib"],"gold_per_floor":[383,383,455,460,465,465,455,455],"floor_reached":7,"language":"ENG","playtime":270,"items_purged":[],"score":82,"play_id":"6048260b-842e-4594-9cf7-00c772bcb286","local_time":"20210125232719","is_ascension_mode":true,"campfire_choices":[],"circlet_count":0,"master_deck":["theDuelist:ArchfiendSoldier","theDuelist:ArchfiendSoldier","theDuelist:ArchfiendSoldier","AscendersBane","theDuelist:CastleWalls","theDuelist:CastleWalls","theDuelist:CastleWalls","theDuelist:FiendMegacyber","theDuelist:Sparks","theDuelist:Sparks","theDuelist:SummonedSkull","theDuelist:CursedBill","theDuelist:DarkBlade","theDuelist:DarklordMarie","theDuelist:CallGrave"],"relics":["theDuelist:MillenniumPuzzle","theDuelist:CardPoolRelic","theDuelist:CardPoolBasicRelic","theDuelist:BoosterPackPoolRelic","theDuelist:CardPoolAddRelic","theDuelist:CardPoolMinusRelic","theDuelist:CardPoolSaveRelic","theDuelist:CardPoolOptionsRelic"],"acts_visited":["Exordium"],"potions_floor_usage":[],"damage_taken":[{"damage":17,"enemies":"Small Slimes","floor":1,"turns":3},{"damage":10,"enemies":"2 Louse","floor":4,"turns":4},{"damage":15,"enemies":"Cultist","floor":5,"turns":4},{"damage":0,"enemies":"3 Sentries","floor":7,"turns":1}],"seed_played":"375171961052802319","potions_obtained":[{"floor":4,"key":"Swift Potion"},{"floor":5,"key":"Adrenaline Potion"},{"floor":6,"key":"Death Potion"}],"is_trial":false,"path_per_floor":["M","?","?","M","M","?","E"],"character_chosen":"THE_DUELIST","items_purchased":[],"campfire_rested":0,"item_purchase_floors":[],"current_hp_per_floor":[46,46,46,36,24,24,24,24],"gold":455,"neow_bonus":"TWO_FIFTY_GOLD","is_daily":false,"chose_seed":false,"campfire_upgraded":0,"win_rate":0.0,"timestamp":1611613639,"path_taken":["M","?","?","M","M","?","E"],"items_purchased_type":[],"build_version":"2020-12-22","purchased_purges":0,"victory":false,"max_hp_per_floor":[70,70,70,70,70,70,70,70],"card_choices":[{"not_picked":["theDuelist:DrivenDaredevil","theDuelist:FlyingSaucer","theDuelist:DoomDonuts","theDuelist:DarknessNeosphere"],"picked":"theDuelist:DarkBlade","floor":1},{"not_picked":["theDuelist:WanderingKing","theDuelist:ArchfiendHeiress","theDuelist:BattleOx","theDuelist:PreventRat"],"picked":"theDuelist:DarklordMarie","floor":4},{"not_picked":["theDuelist:DoomDonuts","theDuelist:DarknessNeosphere","theDuelist:RedMirror","theDuelist:Doomdog"],"picked":"theDuelist:CallGrave","floor":5}],"player_experience":1536910,"relics_obtained":[],"event_choices":[{"damage_healed":0,"gold_gain":0,"player_choice":"Leave","duelist":true,"damage_taken":0,"max_hp_gain":0,"max_hp_loss":0,"event_name":"Relic Duplicator","floor":2,"gold_loss":0},{"damage_healed":0,"gold_gain":72,"player_choice":"Gained Gold","damage_taken":0,"max_hp_gain":0,"max_hp_loss":0,"event_name":"Golden Wing","floor":3,"gold_loss":0},{"damage_healed":0,"gold_gain":0,"player_choice":"Got Potions","damage_taken":0,"max_hp_gain":0,"max_hp_loss":0,"event_name":"Lab","floor":6,"gold_loss":0}],"is_beta":false,"boss_relics":[],"items_purged_floors":[],"is_endless":false,"potions_floor_spawned":[4,5],"killed_by":"3 Sentries","ascension_level":20}}