{"host":"l84l8xigz5v5foa2","time":1611573241,"event":{"mods":["2.2 Compatiblity","AchievementEnabler","BaseMod","Better Note","Better Vampires","Card Filter","Colored Map","DeckTracker","Gremlin Skip","Highlight Path","Keyboard Shortcuts","Minty Spire (QoL Compilation)","Permanent Neow","Quick Restart","Relic Filter","Relic Stats","Shop Mod","StSLib","SuperFastMode","Transform Curses","Unknown Chances"],"gold_per_floor":[18,32,107,107,123,123,141,141,141,141,169,169,169,186,186,186,186],"floor_reached":16,"language":"KOR","playtime":504,"items_purged":[],"score":175,"play_id":"f4439229-ca29-472e-92c0-b5c5d6db1be2","local_time":"20210125201401","is_ascension_mode":true,"campfire_choices":[{"data":"Blade Dance","floor":6,"key":"SMITH"},{"data":"Prepared","floor":8,"key":"SMITH"},{"data":"Neutralize","floor":10,"key":"SMITH"},{"data":"Calculated Gamble","floor":13,"key":"SMITH"},{"data":"Expertise","floor":15,"key":"SMITH"}],"circlet_count":0,"master_deck":["AscendersBane","Strike_G","Strike_G","Strike_G","Defend_G","Defend_G","Defend_G","Defend_G","Survivor","Neutralize+1","Dagger Throw","Prepared+1","Blade Dance+1","Expertise+1","Calculated Gamble+1","Unload"],"relics":["Ring of the Snake","The Courier","Eternal Feather"],"acts_visited":["Exordium"],"potions_floor_usage":[7,11,16],"damage_taken":[{"damage":0,"enemies":"Cultist","floor":1,"turns":5},{"damage":0,"enemies":"2 Louse","floor":2,"turns":4},{"damage":1,"enemies":"Small Slimes","floor":5,"turns":4},{"damage":0,"enemies":"2 Fungi Beasts","floor":7,"turns":3},{"damage":27,"enemies":"3 Sentries","floor":11,"turns":11},{"damage":0,"enemies":"Gremlin Gang","floor":14,"turns":3},{"damage":40,"enemies":"Hexaghost","floor":16,"turns":13}],"seed_played":"1187811563398893906","potions_obtained":[{"floor":1,"key":"SpeedPotion"},{"floor":2,"key":"DuplicationPotion"},{"floor":11,"key":"Poison Potion"}],"is_trial":false,"path_per_floor":["M","M","?","?","M","R","M","R","T","R","E","?","R","M","R","B"],"character_chosen":"THE_SILENT","items_purchased":[],"campfire_rested":0,"item_purchase_floors":[],"current_hp_per_floor":[59,59,48,48,47,47,47,47,47,47,20,20,29,29,38,0,0],"gold":186,"neow_bonus":"REMOVE_TWO","is_daily":false,"chose_seed":false,"campfire_upgraded":5,"win_rate":0.0,"timestamp":1611573241,"path_taken":["M","?","?","?","M","R","M","R","T","R","E","?","R","M","R","BOSS"],"items_purchased_type":[],"build_version":"2020-12-22","purchased_purges":0,"victory":false,"max_hp_per_floor":[66,66,66,66,66,66,66,66,66,66,66,66,66,66,66,66,66],"relic_stats":{"counters":[7,43],"Eternal Feather":18,"obtain_stats":[{"Eternal Feather":11,"The Courier":9,"Ring of the Snake":0},{"Eternal Feather":5,"The Courier":4,"Ring of the Snake":0},{"Eternal Feather":27,"The Courier":16,"Ring of the Snake":0}],"Ring of the Snake":[14]},"card_choices":[{"not_picked":["Expertise","Infinite Blades"],"picked":"Dagger Throw","floor":1},{"not_picked":["Sucker Punch","Crippling Poison"],"picked":"Prepared","floor":2},{"not_picked":["Bane","Backflip"],"picked":"Blade Dance","floor":5},{"not_picked":["Endless Agony","Bane"],"picked":"Expertise","floor":7},{"not_picked":["A Thousand Cuts","Predator"],"picked":"Calculated Gamble","floor":11},{"not_picked":["Slice","Acrobatics","Dodge and Roll"],"picked":"SKIP","floor":14}],"player_experience":1443835,"relics_obtained":[{"floor":9,"key":"The Courier"},{"floor":11,"key":"Eternal Feather"}],"event_choices":[{"damage_healed":0,"gold_gain":75,"player_choice":"Gather Gold","damage_taken":11,"max_hp_gain":0,"max_hp_loss":0,"event_name":"World of Goop","floor":3,"gold_loss":0},{"damage_healed":0,"gold_gain":0,"player_choice":"Ignored","damage_taken":0,"max_hp_gain":0,"max_hp_loss":0,"event_name":"Liars Game","floor":4,"gold_loss":0},{"damage_healed":0,"gold_gain":0,"cards_transformed":["Strike_G"],"player_choice":"Transformed","damage_taken":0,"max_hp_gain":0,"max_hp_loss":0,"event_name":"Transmorgrifier","floor":12,"gold_loss":0,"cards_obtained":["Unload"]}],"is_beta":false,"boss_relics":[],"items_purged_floors":[],"is_endless":false,"potions_floor_spawned":[1,2,11],"killed_by":"Hexaghost","ascension_level":15}}