{"host":"xervbyl8oukkrn1w","time":1611613890,"event":{"mods":["BaseMod","Downfall","Hubris","Infinite Spire","Mad Scientist","Minty Spire (QoL Compilation)","Quick Restart","READ ME - Guardian Mod","Reliquary","Replay The Spire","Shade Mod","StSLib","The Blackbeard","The Cursed","The Elementalist","The Jungle","The Necromancer","The Runesmith"],"gold_per_floor":[115,46,60,138,62,62,94,94,94,126,142,158,158,158,158,263,263,277,293,293,307,307,320,320,320,320,320,320,338,338,351,351,448,448,458,458,141,141,141,159,238,238,308,321,321,321],"floor_reached":45,"language":"ENG","playtime":3159,"items_purged":["Shade:Defend_Shade"],"score":521,"play_id":"7c097172-bfd8-4cde-bb63-5bad0b784e57","local_time":"20210125223130","is_ascension_mode":false,"campfire_choices":[{"data":"Shade:SpectralStrikes","floor":6,"key":"SMITH"},{"data":"Shade:OpenGraves","floor":8,"key":"SMITH"},{"data":"Shade:AuraOfUnlife","floor":15,"key":"SMITH"},{"data":"Shade:GreaterAnimation","floor":24,"key":"SMITH"},{"data":"Shade:FreshBones","floor":27,"key":"SMITH"},{"data":"Shade:AnimateDead","floor":30,"key":"SMITH"},{"floor":32,"key":"DIG"}],"circlet_count":0,"master_deck":["Shade:Strike_Shade","Shade:Strike_Shade","Shade:Strike_Shade","Shade:Strike_Shade","Shade:Defend_Shade","Shade:Defend_Shade+1","Shade:AnimateDead+1","Shade:Bonestorm+1","Shade:SpectralStrikes+1","Shade:CommandSoldier","Shade:OpenGraves+1","Shade:Brains","Shade:Bonestorm","Shade:AuraOfUnlife+1","Shade:GreaterAnimation+1","CurseOfTheBell","Shade:FleshToFlesh+1","Shade:FreshBones+1","Shade:AblativeArmor+1","Shade:CoffinDance+1","Shade:FleshToFlesh+1","Shade:FleshToFlesh+1","Shade:CommandSoldier","Shade:Brains"],"relics":["Shade:YorickSkull","hubris:PeanutButter","Ancient Tea Set","MealTicket","Onion Ring","reliquary:FeatherDuster","Calling Bell","Anchor","Eternal Feather","Replay:Multitool","Golden Egg","Nilry\u0027s Codex","ReplayTheSpireMod:Shallot","HornCleat","hubris:TinFlute","hubris:ScarierMask","Bottled Flame","reliquary:BoilingFlask"],"acts_visited":["Exordium","TheCity","TheBeyond"],"potions_floor_usage":[16,23,45],"damage_taken":[{"damage":1,"enemies":"Cultist","floor":1,"turns":4},{"damage":2,"enemies":"2 Louse","floor":3,"turns":3},{"damage":12,"enemies":"Lagavulin","floor":7,"turns":5},{"damage":0,"enemies":"Gremlin Nob","floor":10,"turns":3},{"damage":0,"enemies":"Small Slimes","floor":11,"turns":3},{"damage":0,"enemies":"Looter","floor":12,"turns":3},{"damage":6,"enemies":"Fading Forest","floor":16,"turns":11},{"damage":2,"enemies":"Spheric Guardian","floor":18,"turns":4},{"damage":16,"enemies":"2 Thieves","floor":19,"turns":3},{"damage":0,"enemies":"Chosen and Byrds","floor":21,"turns":4},{"damage":11,"enemies":"Centurion and Healer","floor":23,"turns":8},{"damage":0,"enemies":"Shelled Parasite and Fungi","floor":29,"turns":5},{"damage":0,"enemies":"Cultist and Chosen","floor":31,"turns":3},{"damage":32,"enemies":"Automaton","floor":33,"turns":9},{"damage":0,"enemies":"3 Darklings","floor":35,"turns":7},{"damage":0,"enemies":"Orb Walker","floor":40,"turns":3},{"damage":0,"enemies":"Jaw Worm Horde","floor":44,"turns":3},{"damage":67,"enemies":"Giant Head","floor":45,"turns":9}],"seed_played":"5332423643811712322","potions_obtained":[{"floor":3,"key":"Elixir"},{"floor":12,"key":"Energy Potion"},{"floor":18,"key":"Strength Potion"},{"floor":21,"key":"Weak Potion"},{"floor":33,"key":"Dexterity Potion"},{"floor":35,"key":"AttackPotion"},{"floor":36,"key":"DistilledChaos"}],"is_trial":false,"path_per_floor":["M","$","M","T","$","R","E","R","T","E","M","M","?","?","R","B",null,"M","M","?","M","?","M","R","?","T","R","?","M","R","M","R","B",null,"M","?","$","?","?","M","R","$","T","M","E"],"character_chosen":"SHADE","items_purchased":["Shade:SpectralStrikes","Shade:OpenGraves","Bottled Flame"],"campfire_rested":0,"item_purchase_floors":[2,5,37],"current_hp_per_floor":[64,64,62,62,62,62,50,50,50,50,50,50,50,50,50,50,65,63,47,47,47,47,36,48,32,32,44,38,38,50,50,62,30,65,65,65,65,65,65,65,65,65,65,65,0,0],"gold":321,"neow_bonus":"RANDOM_EVENT","is_daily":false,"chose_seed":false,"campfire_upgraded":6,"win_rate":0.0,"timestamp":1611613890,"path_taken":["M","?","?","?","$","R","E","R","T","E","M","M","?","?","R","BOSS","M","M","?","?","?","?","R","?","T","R","?","M","R","M","R","BOSS","M","?","?","?","?","M","R","$","T","?","E"],"items_purchased_type":["Card","Card","Relic"],"build_version":"2020-12-22","purchased_purges":1,"victory":false,"max_hp_per_floor":[65,65,65,65,65,65,65,65,65,65,65,65,65,65,65,65,65,65,65,65,65,65,65,65,65,65,65,65,65,65,65,65,65,65,65,65,65,65,65,65,65,65,65,65,65,65],"card_choices":[{"not_picked":["Shade:Trample","Shade:FuneraryArmor"],"picked":"Shade:Bonestorm","floor":1},{"not_picked":["Shade:Bite_Shade","Shade:GraveStillness"],"picked":"Shade:CommandSoldier","floor":3},{"not_picked":["Shade:ClawBack","Shade:Putrefaction"],"picked":"Shade:Brains","floor":7},{"not_picked":["Shade:PressTheAttack","Shade:Carnophage","Shade:Premonition"],"picked":"SKIP","floor":10},{"not_picked":["Shade:Brains","Shade:BoneShards"],"picked":"Shade:Bonestorm","floor":11},{"not_picked":["Shade:FuneraryJewels","Shade:Premonition"],"picked":"Shade:AuraOfUnlife","floor":12},{"not_picked":["Shade:DarkOfNight","Shade:LoseControl"],"picked":"Shade:GreaterAnimation","floor":16},{"not_picked":["Shade:ClawBack","Shade:Brains"],"picked":"Shade:FleshToFlesh","floor":18},{"not_picked":["Shade:CallOfTheGrave","Shade:GreyBargain"],"picked":"Shade:FreshBones","floor":19},{"not_picked":["Shade:FeralStrike","Shade:Premonition"],"picked":"Shade:AblativeArmor+1","floor":21},{"not_picked":["Shade:Awaken","Shade:SoulToxin"],"picked":"Shade:CoffinDance+1","floor":23},{"not_picked":["Shade:Bonestorm","Shade:AncientSpear+1"],"picked":"Shade:FleshToFlesh+1","floor":29},{"not_picked":["Shade:FuneraryJewels","Shade:PotionOfRestlessness","Shade:PressTheAttack"],"picked":"SKIP","floor":31},{"not_picked":["Shade:Frenzy+1","Shade:Bonestorm+1"],"picked":"Shade:FleshToFlesh+1","floor":35},{"not_picked":["Shade:Trample+1","Shade:BoneShards"],"picked":"Shade:CommandSoldier","floor":40},{"not_picked":["Shade:Trample+1","Shade:Bonestorm"],"picked":"Shade:Brains","floor":44}],"player_experience":112840,"relics_obtained":[{"floor":4,"key":"hubris:PeanutButter"},{"floor":7,"key":"Ancient Tea Set"},{"floor":9,"key":"MealTicket"},{"floor":10,"key":"Onion Ring"},{"floor":17,"key":"Anchor"},{"floor":17,"key":"Eternal Feather"},{"floor":17,"key":"Replay:Multitool"},{"floor":25,"key":"Nilry\u0027s Codex"},{"floor":26,"key":"ReplayTheSpireMod:Shallot"},{"floor":32,"key":"hubris:TinFlute"},{"floor":43,"key":"reliquary:BoilingFlask"}],"event_choices":[{"damage_healed":0,"gold_gain":0,"player_choice":"Box","damage_taken":0,"relics_obtained":["reliquary:FeatherDuster"],"max_hp_gain":0,"max_hp_loss":0,"event_name":"Big Fish","floor":14,"gold_loss":0,"cards_obtained":["Regret"]},{"cards_removed":["Regret"],"damage_healed":0,"gold_gain":0,"player_choice":"Purged","damage_taken":0,"max_hp_gain":0,"max_hp_loss":0,"event_name":"Purifier","floor":20,"gold_loss":0},{"damage_healed":0,"gold_gain":0,"player_choice":"Gave Potion","damage_taken":0,"relics_obtained":["Golden Egg"],"max_hp_gain":0,"max_hp_loss":0,"event_name":"WeMeetAgain","floor":22,"gold_loss":0},{"damage_healed":0,"gold_gain":0,"player_choice":"Obtained Book","damage_taken":16,"max_hp_gain":0,"max_hp_loss":0,"event_name":"Cursed Tome","floor":25,"gold_loss":0},{"damage_healed":0,"gold_gain":0,"player_choice":"HornCleat","damage_taken":0,"relics_obtained":["HornCleat"],"max_hp_gain":0,"max_hp_loss":0,"event_name":"blackbeard:ShipwreckEvent","floor":28,"gold_loss":0},{"damage_healed":0,"gold_gain":0,"player_choice":"Got Potions","damage_taken":0,"max_hp_gain":0,"max_hp_loss":0,"event_name":"Lab","floor":36,"gold_loss":0},{"damage_healed":0,"gold_gain":0,"player_choice":"Upgraded","damage_taken":0,"max_hp_gain":0,"max_hp_loss":0,"event_name":"Upgrade Shrine","floor":39,"gold_loss":0,"cards_upgraded":["Shade:FleshToFlesh"]}],"is_beta":false,"boss_relics":[{"not_picked":["reliquary:RedCape","reliquary:WritOfMandamus"],"picked":"Calling Bell"},{"not_picked":["Pandora\u0027s Box","hubris:BlackHole"],"picked":"hubris:ScarierMask"}],"items_purged_floors":[37],"is_endless":false,"potions_floor_spawned":[3,12,18,21,33,35],"killed_by":"Giant Head","ascension_level":0}}