{"host":"hk3n60c9tb8azi3z","time":1611559841,"event":{"mods":["AchievementEnabler","BaseMod","Minty Spire (QoL Compilation)","Relic Sorter","Relic Stats"],"gold_per_floor":[361,36,51,67,67,67,97,97,97,131,159,4,4,18,18,18,18],"floor_reached":16,"language":"ENG","playtime":785,"items_purged":["Clumsy"],"score":216,"play_id":"3e85a095-fed5-49bf-8b09-dad506763b06","local_time":"20210125083041","is_ascension_mode":true,"campfire_choices":[{"data":"Static Discharge","floor":6,"key":"SMITH"},{"data":"Zap","floor":8,"key":"SMITH"},{"floor":13,"key":"REST"},{"floor":15,"key":"REST"}],"circlet_count":0,"master_deck":["AscendersBane","Strike_B","Strike_B","Strike_B","Strike_B","Defend_B","Defend_B","Defend_B","Defend_B","Zap+1","Dualcast","Genetic Algorithm","Static Discharge+1","Compile Driver","BootSequence","Hologram","Ball Lightning","Core Surge","Self Repair","Conserve Battery"],"relics":["Cracked Core","OrangePellets","Prayer Wheel","Ornamental Fan","Oddly Smooth Stone","Odd Mushroom"],"acts_visited":["Exordium"],"potions_floor_usage":[7,11],"damage_taken":[{"damage":7,"enemies":"Cultist","floor":1,"turns":4},{"damage":14,"enemies":"Jaw Worm","floor":3,"turns":4},{"damage":4,"enemies":"Small Slimes","floor":4,"turns":5},{"damage":8,"enemies":"Gremlin Nob","floor":7,"turns":3},{"damage":20,"enemies":"3 Sentries","floor":10,"turns":7},{"damage":24,"enemies":"The Mushroom Lair","floor":11,"turns":4},{"damage":8,"enemies":"3 Louse","floor":14,"turns":4},{"damage":53,"enemies":"Hexaghost","floor":16,"turns":9}],"seed_played":"-684064116592560624","potions_obtained":[{"floor":1,"key":"Explosive Potion"},{"floor":4,"key":"SmokeBomb"},{"floor":10,"key":"ColorlessPotion"}],"is_trial":false,"path_per_floor":["M","$","M","M","?","R","E","R","T","E","?","$","R","M","R","B"],"character_chosen":"DEFECT","items_purchased":["OrangePellets","Static Discharge","Core Surge","Self Repair"],"campfire_rested":2,"item_purchase_floors":[2,2,12,12],"current_hp_per_floor":[57,57,43,39,62,62,54,54,54,34,10,10,31,30,51,0,0],"gold":18,"neow_bonus":"TWO_FIFTY_GOLD","is_daily":false,"chose_seed":false,"campfire_upgraded":2,"win_rate":0.0,"timestamp":1611559841,"path_taken":["M","$","M","M","?","R","E","R","T","E","?","$","R","M","R","BOSS"],"items_purchased_type":["Relic","Card","Card","Card"],"build_version":"2020-12-22","purchased_purges":1,"victory":false,"max_hp_per_floor":[71,71,71,71,71,71,71,71,71,71,71,71,71,71,71,71,71],"relic_stats":{"OrangePellets":[0],"counters":[8,40],"Ornamental Fan":[4],"Prayer Wheel":1,"obtain_stats":[{"OrangePellets":2,"Ornamental Fan":9,"Oddly Smooth Stone":10,"Prayer Wheel":7,"Odd Mushroom":11,"Cracked Core":0},{"OrangePellets":1,"Ornamental Fan":4,"Oddly Smooth Stone":5,"Prayer Wheel":4,"Odd Mushroom":6,"Cracked Core":0},{"OrangePellets":4,"Ornamental Fan":16,"Oddly Smooth Stone":23,"Prayer Wheel":16,"Odd Mushroom":27,"Cracked Core":0}]},"card_choices":[{"not_picked":["Go for the Eyes","Redo"],"picked":"Genetic Algorithm","floor":1},{"not_picked":["Redo","Loop","Rebound"],"picked":"SKIP","floor":3},{"not_picked":["Scrape","Sweeping Beam"],"picked":"Compile Driver","floor":4},{"not_picked":["Sweeping Beam","Steam Power"],"picked":"BootSequence","floor":7},{"not_picked":["Force Field","Stack"],"picked":"Hologram","floor":10},{"not_picked":["Hologram","Rainbow"],"picked":"Ball Lightning","floor":11},{"not_picked":["Gash","Beam Cell"],"picked":"Conserve Battery","floor":14},{"not_picked":["Chaos","Steam","Storm"],"picked":"SKIP","floor":14}],"player_experience":1608937,"relics_obtained":[{"floor":7,"key":"Prayer Wheel"},{"floor":9,"key":"Ornamental Fan"},{"floor":10,"key":"Oddly Smooth Stone"},{"floor":11,"key":"Odd Mushroom"}],"event_choices":[{"damage_healed":23,"gold_gain":0,"player_choice":"Banana","damage_taken":0,"max_hp_gain":0,"max_hp_loss":0,"event_name":"Big Fish","floor":5,"gold_loss":0},{"damage_healed":0,"gold_gain":0,"player_choice":"Fought Mushrooms","damage_taken":0,"max_hp_gain":0,"max_hp_loss":0,"event_name":"Mushrooms","floor":11,"gold_loss":0}],"is_beta":false,"boss_relics":[],"items_purged_floors":[2],"is_endless":false,"potions_floor_spawned":[1,4,10],"killed_by":"Hexaghost","ascension_level":20}}