{"host":"x7xd4wkamhrqrrvw","time":1611615765,"event":{"mods":["AchievementEnabler","BaseMod","Minty Spire (QoL Compilation)","StSLib"],"gold_per_floor":[117,131,131,146,146,178,178,206,206,223,223,223,250,208,220,232,232],"floor_reached":16,"language":"ENG","playtime":365,"items_purged":[],"score":311,"play_id":"ac29bb55-7a0b-4102-9cb2-2f18a5324c9d","local_time":"20210125210245","is_ascension_mode":true,"campfire_choices":[{"data":"Immolate","floor":7.0,"key":"SMITH"},{"data":"Flame Barrier","floor":12.0,"key":"SMITH"},{"data":"True Grit","floor":15,"key":"SMITH"}],"circlet_count":0,"master_deck":["AscendersBane","Strike_R","Strike_R","Strike_R","Strike_R","Strike_R","Defend_R","Defend_R","Defend_R","Defend_R","Bash","Immolate+1","Flame Barrier+1","Headbutt+1","Double Tap+1","True Grit+1"],"relics":["Burning Blood","Bag of Preparation","Singing Bowl","Ornamental Fan","Ancient Tea Set","MawBank","Mercury Hourglass"],"acts_visited":[],"potions_floor_usage":[13,16],"damage_taken":[{"damage":1.0,"enemies":"Cultist","floor":1.0,"turns":3.0},{"damage":0.0,"enemies":"2 Louse","floor":2.0,"turns":2.0},{"damage":0.0,"enemies":"Small Slimes","floor":4.0,"turns":3.0},{"damage":26.0,"enemies":"Gremlin Nob","floor":6.0,"turns":4.0},{"damage":0.0,"enemies":"3 Sentries","floor":8.0,"turns":1.0},{"damage":0.0,"enemies":"Gremlin Gang","floor":10.0,"turns":1.0},{"damage":0,"enemies":"Lagavulin","floor":13,"turns":2},{"damage":39,"enemies":"Hexaghost","floor":16,"turns":9}],"seed_played":"-3249200394537621773","potions_obtained":[{"floor":1.0,"key":"SteroidPotion"},{"floor":6.0,"key":"Strength Potion"}],"is_trial":false,"path_per_floor":["M","M","?","M","?","E","R","E","T","M","?","R","E","?","R","B"],"character_chosen":"IRONCLAD","items_purchased":[],"campfire_rested":0,"item_purchase_floors":[],"current_hp_per_floor":[68,68,50,56,56,36,36,44,44,52,30,30,36,36,36,0,0],"gold":232,"neow_bonus":"THREE_RARE_CARDS","is_daily":false,"chose_seed":false,"campfire_upgraded":3,"win_rate":0.0,"timestamp":1611615765,"path_taken":["M","M","?","M","?","E","R","E","T","M","?","R","E","?","R","BOSS"],"items_purchased_type":[],"build_version":"2020-12-22","purchased_purges":0,"victory":false,"max_hp_per_floor":[68,68,68,68,68,68,68,70,70,72,72,72,72,72,72,72,72],"card_choices":[{"not_picked":["Berserk","Double Tap"],"picked":"Immolate","floor":0.0},{"not_picked":["Whirlwind","Warcry"],"picked":"Flame Barrier","floor":1.0},{"not_picked":["Clothesline","Wild Strike"],"picked":"Headbutt","floor":2.0},{"not_picked":["Headbutt","Havoc","Armaments"],"picked":"SKIP","floor":4.0},{"not_picked":["Perfected Strike","Clash"],"picked":"Double Tap","floor":6.0},{"not_picked":["Hemokinesis","Iron Wave","Clothesline"],"picked":"Singing Bowl","floor":8.0},{"not_picked":["Armaments","Metallicize","Thunderclap"],"picked":"Singing Bowl","floor":10.0},{"not_picked":["Havoc","Hemokinesis"],"picked":"True Grit","floor":13}],"player_experience":401073,"relics_obtained":[{"floor":6.0,"key":"Singing Bowl"},{"floor":8.0,"key":"Ornamental Fan"},{"floor":9.0,"key":"Ancient Tea Set"},{"floor":13,"key":"MawBank"}],"event_choices":[{"damage_healed":0.0,"max_hp_gain":0.0,"max_hp_loss":0.0,"gold_gain":0.0,"event_name":"Scrap Ooze","player_choice":"Success","floor":3.0,"gold_loss":0.0,"damage_taken":18.0,"relics_obtained":["Bag of Preparation"]},{"damage_healed":0.0,"max_hp_gain":0.0,"max_hp_loss":0.0,"gold_gain":0.0,"event_name":"Liars Game","player_choice":"Ignored","floor":5.0,"gold_loss":0.0,"damage_taken":0.0},{"damage_healed":0.0,"max_hp_gain":0.0,"max_hp_loss":0.0,"gold_gain":0.0,"event_name":"Shining Light","player_choice":"Entered Light","floor":11.0,"gold_loss":0.0,"damage_taken":22.0,"cards_upgraded":["Double Tap","Headbutt"]},{"damage_healed":0,"gold_gain":0,"player_choice":"Paid Gold","damage_taken":0,"relics_obtained":["Mercury Hourglass"],"max_hp_gain":0,"max_hp_loss":0,"event_name":"WeMeetAgain","floor":14,"gold_loss":54}],"is_beta":false,"boss_relics":[],"items_purged_floors":[],"is_endless":false,"potions_floor_spawned":[1,6],"killed_by":"Hexaghost","ascension_level":17}}