{"host":"fevvm7bbzuh4s1jc","time":1611548194,"event":{"mods":["BaseMod","Highlight Path","Minty Spire (QoL Compilation)","Relic Stats"],"gold_per_floor":[364,375,375,51,51,51,82,82,82,125,148,148,167,242,242,332,332,348,263,15,39,0,31,51,74,98,98,136,148,160,192,204,289,301,325,3,0,19,88,88,113,123,123,140,140,168,168,198,198,198,198,198,198,45,79,79],"floor_reached":57,"language":"ENG","playtime":5561,"items_purged":["Parasite","Strike_G"],"score":3047,"play_id":"54ed9ac5-36a6-47df-9df8-228bad2f7255","local_time":"20210124231634","is_ascension_mode":true,"campfire_choices":[{"data":"Skewer","floor":6.0,"key":"SMITH"},{"data":"Corpse Explosion","floor":8.0,"key":"SMITH"},{"data":"Neutralize","floor":12.0,"key":"SMITH"},{"data":"Bane","floor":15.0,"key":"SMITH"},{"floor":27.0,"key":"REST"},{"data":"Ghostly","floor":32.0,"key":"SMITH"},{"data":"Ghostly","floor":40.0,"key":"SMITH"},{"data":"Ghostly","floor":45.0,"key":"SMITH"},{"floor":47.0,"key":"RECALL"},{"data":"Leg Sweep","floor":49.0,"key":"SMITH"},{"data":"After Image","floor":53.0,"key":"SMITH"}],"circlet_count":0,"master_deck":["AscendersBane","Strike_G","Strike_G","Strike_G","Strike_G","Defend_G+1","Defend_G+1","Defend_G+1","Defend_G","Defend_G","Survivor","Neutralize+1","Skewer+1","Blade Dance","Corpse Explosion+1","Bane+1","Footwork","Calculated Gamble","PiercingWail","After Image+1","Prepared+1","Leg Sweep+1","PiercingWail","Blade Dance","Phantasmal Killer","Ghostly+1","Ghostly+1","Ghostly+1","Footwork+1","Adrenaline","Blade Dance","Blade Dance","Deflect+1","Deflect","Adrenaline","Accuracy+1"],"relics":["Ring of the Snake","Bloody Idol","Strawberry","Gremlin Horn","Centennial Puzzle","SlaversCollar","Frozen Egg 2","Sling","Shuriken","Oddly Smooth Stone","MawBank","Runic Pyramid","Nunchaku","PreservedInsect","Red Mask","Ninja Scroll","Singing Bowl","Orichalcum","War Paint","Vajra"],"acts_visited":["Exordium","TheCity","TheBeyond","TheEnding"],"potions_floor_usage":[56,56,56,56],"damage_taken":[{"damage":0.0,"enemies":"2 Louse","floor":1.0,"turns":4.0},{"damage":7.0,"enemies":"Small Slimes","floor":2.0,"turns":5.0},{"damage":0.0,"enemies":"Gremlin Nob","floor":7.0,"turns":3.0},{"damage":2.0,"enemies":"3 Sentries","floor":10.0,"turns":2.0},{"damage":0.0,"enemies":"Jaw Worm","floor":11.0,"turns":3.0},{"damage":0.0,"enemies":"Red Slaver","floor":13.0,"turns":5.0},{"damage":17.0,"enemies":"Hexaghost","floor":16.0,"turns":9.0},{"damage":17.0,"enemies":"2 Thieves","floor":18.0,"turns":4.0},{"damage":8.0,"enemies":"Chosen","floor":21.0,"turns":5.0},{"damage":7.0,"enemies":"Slavers","floor":23.0,"turns":4.0},{"damage":7.0,"enemies":"Centurion and Healer","floor":24.0,"turns":8.0},{"damage":9.0,"enemies":"Snake Plant","floor":25.0,"turns":7.0},{"damage":0.0,"enemies":"Gremlin Leader","floor":28.0,"turns":5.0},{"damage":10.0,"enemies":"Cultist and Chosen","floor":31.0,"turns":7.0},{"damage":18.0,"enemies":"Automaton","floor":33.0,"turns":11.0},{"damage":3.0,"enemies":"3 Darklings","floor":35.0,"turns":4.0},{"damage":2.0,"enemies":"Orb Walker","floor":38.0,"turns":5.0},{"damage":3.0,"enemies":"Giant Head","floor":41.0,"turns":5.0},{"damage":1.0,"enemies":"3 Darklings","floor":42.0,"turns":2.0},{"damage":0.0,"enemies":"Maw","floor":44.0,"turns":7.0},{"damage":0.0,"enemies":"Nemesis","floor":46.0,"turns":3.0},{"damage":0.0,"enemies":"Giant Head","floor":48.0,"turns":6.0},{"damage":1.0,"enemies":"Awakened One","floor":50.0,"turns":13.0},{"damage":8.0,"enemies":"Donu and Deca","floor":51.0,"turns":8.0},{"damage":0.0,"enemies":"Shield and Spear","floor":55.0,"turns":5.0},{"damage":34,"enemies":"The Heart","floor":56,"turns":12}],"seed_played":"5777457363467530119","potions_obtained":[{"floor":1.0,"key":"FearPotion"},{"floor":10.0,"key":"SkillPotion"},{"floor":16.0,"key":"Swift Potion"},{"floor":24.0,"key":"Ancient Potion"},{"floor":28.0,"key":"DistilledChaos"},{"floor":33.0,"key":"FearPotion"},{"floor":35.0,"key":"EntropicBrew"},{"floor":44.0,"key":"Block Potion"},{"floor":48.0,"key":"Dexterity Potion"}],"is_trial":false,"path_per_floor":["M","M","?","$","?","R","E","R","T","E","M","R","M","?","R","B",null,"M","?","$","M","?","E","M","M","T","R","E","?","?","M","R","B",null,"M","$","?","M","T","R","E","M","T","M","R","E","R","E","R","B","B",null,"R","$","E","B",null],"character_chosen":"THE_SILENT","items_purchased":["Corpse Explosion","Poison Potion","Bane","Sling","Leg Sweep","Nunchaku","PreservedInsect","Swift Potion"],"campfire_rested":1,"item_purchase_floors":[4,4,4,20,20,36,36,54],"current_hp_per_floor":[59,52,52,52,35,35,42,42,42,40,40,40,40,29,29,12,51,34,34,34,26,26,19,12,3,3,22,22,22,27,27,32,19,30,32,32,32,32,32,32,32,34,34,34,34,36,36,36,36,35,27,34,34,34,36,2],"gold":79,"neow_bonus":"TWO_FIFTY_GOLD","is_daily":false,"chose_seed":false,"campfire_upgraded":9,"win_rate":0.0,"timestamp":1611548194,"path_taken":["M","M","?","$","?","R","E","R","T","E","M","R","M","?","R","BOSS","M","?","$","M","?","E","M","M","T","R","E","?","?","M","R","BOSS","M","$","?","M","?","R","E","?","T","M","R","E","R","E","R","BOSS","BOSS","R","$","E","BOSS"],"items_purchased_type":["Card","Potion","Card","Relic","Card","Relic","Relic","Potion"],"build_version":"2020-12-22","purchased_purges":2,"victory":true,"max_hp_per_floor":[66,66,60,57,57,57,64,64,64,64,64,64,64,64,64,64,64,64,64,64,64,64,64,64,64,64,64,64,64,32,32,32,32,32,32,32,32,32,32,32,32,34,34,34,34,36,36,36,36,36,36,36,36,36,36,36],"relic_stats":{"Gremlin Horn":[17,17],"Singing Bowl":4,"counters":[26,152],"PreservedInsect":387,"Orichalcum":[0],"War Paint":["Defend_G","Deflect"],"MawBank":96,"Centennial Puzzle":[43],"Nunchaku":[25],"Shuriken":[89],"Bloody Idol":43,"obtain_stats":[{"Gremlin Horn":9,"Singing Bowl":41,"Golden Idol":3,"Oddly Smooth Stone":26,"Vajra":55,"PreservedInsect":36,"Frozen Egg 2":19,"Orichalcum":46,"War Paint":48,"Sling":20,"MawBank":28,"SlaversCollar":17,"Centennial Puzzle":10,"Nunchaku":36,"Shuriken":23,"Ninja Scroll":39,"Strawberry":7,"Bloody Idol":29,"Red Mask":37,"Ring of the Snake":0,"Runic Pyramid":34},{"Gremlin Horn":3,"Singing Bowl":18,"Golden Idol":2,"Oddly Smooth Stone":12,"Vajra":25,"PreservedInsect":16,"Frozen Egg 2":8,"Orichalcum":21,"War Paint":22,"Sling":8,"MawBank":13,"SlaversCollar":7,"Centennial Puzzle":4,"Nunchaku":16,"Shuriken":10,"Ninja Scroll":17,"Strawberry":3,"Bloody Idol":13,"Red Mask":16,"Ring of the Snake":0,"Runic Pyramid":15},{"Gremlin Horn":12,"Singing Bowl":96,"Golden Idol":9,"Oddly Smooth Stone":59,"Vajra":140,"PreservedInsect":86,"Frozen Egg 2":35,"Orichalcum":108,"War Paint":114,"Sling":35,"MawBank":64,"SlaversCollar":31,"Centennial Puzzle":14,"Nunchaku":86,"Shuriken":44,"Ninja Scroll":91,"Strawberry":12,"Bloody Idol":64,"Red Mask":86,"Ring of the Snake":0,"Runic Pyramid":82}],"Ring of the Snake":[52]},"card_choices":[{"not_picked":["Backflip","Blade Dance"],"picked":"Skewer","floor":1.0},{"not_picked":["Tactician","Escape Plan"],"picked":"Blade Dance","floor":2.0},{"not_picked":["Dodge and Roll","Flying Knee","Quick Slash"],"picked":"SKIP","floor":7.0},{"not_picked":["Envenom","Dodge and Roll"],"picked":"Footwork","floor":10.0},{"not_picked":["Deflect","Backstab"],"picked":"Calculated Gamble","floor":11.0},{"not_picked":["Sucker Punch","Escape Plan"],"picked":"PiercingWail","floor":13.0},{"not_picked":["Grand Finale","Corpse Explosion"],"picked":"After Image","floor":16.0},{"not_picked":["Infinite Blades+1","Predator"],"picked":"Prepared+1","floor":18.0},{"not_picked":["Heel Hook","Backflip"],"picked":"PiercingWail","floor":21.0},{"not_picked":["Predator","Deadly Poison","Outmaneuver"],"picked":"SKIP","floor":23.0},{"not_picked":["Dagger Spray","Masterful Stab","Slice"],"picked":"SKIP","floor":24.0},{"not_picked":["Catalyst","Choke"],"picked":"Blade Dance","floor":25.0},{"not_picked":["Acrobatics","Dagger Throw"],"picked":"Phantasmal Killer","floor":28.0},{"not_picked":["Outmaneuver","Dodge and Roll"],"picked":"Footwork+1","floor":31.0},{"not_picked":["After Image+1","A Thousand Cuts+1"],"picked":"Adrenaline","floor":33.0},{"not_picked":["Predator","Deadly Poison"],"picked":"Blade Dance","floor":35.0},{"not_picked":["Caltrops+1","Accuracy+1"],"picked":"Blade Dance","floor":38.0},{"not_picked":["Backflip","Eviscerate"],"picked":"Deflect","floor":41.0},{"not_picked":["Dodge and Roll","Masterful Stab","Backstab"],"picked":"Singing Bowl","floor":42.0},{"not_picked":["Accuracy+1","Dagger Spray"],"picked":"Deflect","floor":44.0},{"not_picked":["Acrobatics","Noxious Fumes+1","Heel Hook+1"],"picked":"Singing Bowl","floor":46.0},{"not_picked":["Blade Dance","Setup"],"picked":"Adrenaline","floor":48.0},{"not_picked":["Outmaneuver","PiercingWail"],"picked":"Accuracy+1","floor":55.0}],"player_experience":2743527,"relics_obtained":[{"floor":7.0,"key":"Strawberry"},{"floor":9.0,"key":"Gremlin Horn"},{"floor":10.0,"key":"Centennial Puzzle"},{"floor":23.0,"key":"Shuriken"},{"floor":26.0,"key":"Oddly Smooth Stone"},{"floor":28.0,"key":"MawBank"},{"floor":39.0,"key":"Ninja Scroll"},{"floor":41.0,"key":"Singing Bowl"},{"floor":46.0,"key":"Orichalcum"},{"floor":48.0,"key":"War Paint"},{"floor":55.0,"key":"Vajra"}],"event_choices":[{"damage_healed":0.0,"max_hp_gain":0.0,"max_hp_loss":6.0,"gold_gain":0.0,"event_name":"Golden Idol","player_choice":"Lose Max HP","floor":3.0,"gold_loss":0.0,"damage_taken":0.0,"relics_obtained":["Golden Idol"]},{"damage_healed":0.0,"max_hp_gain":0.0,"max_hp_loss":0.0,"gold_gain":0.0,"event_name":"Shining Light","player_choice":"Entered Light","floor":5.0,"gold_loss":0.0,"damage_taken":17.0,"cards_upgraded":["Defend_G","Defend_G"]},{"damage_healed":0.0,"max_hp_gain":0.0,"max_hp_loss":0.0,"gold_gain":75.0,"event_name":"World of Goop","player_choice":"Gather Gold","floor":14.0,"gold_loss":0.0,"damage_taken":11.0},{"damage_healed":0.0,"max_hp_gain":0.0,"max_hp_loss":0.0,"gold_gain":0.0,"event_name":"Addict","player_choice":"Obtained Relic","floor":19.0,"gold_loss":85.0,"damage_taken":0.0,"relics_obtained":["Frozen Egg 2"]},{"damage_healed":0.0,"max_hp_gain":0.0,"max_hp_loss":0.0,"gold_gain":0.0,"event_name":"Masked Bandits","player_choice":"Paid Fearfully","floor":22.0,"gold_loss":39.0,"damage_taken":0.0},{"damage_healed":0.0,"max_hp_gain":0.0,"max_hp_loss":0.0,"gold_gain":0.0,"event_name":"Forgotten Altar","player_choice":"Gave Idol","floor":29.0,"relics_lost":["Golden Idol"],"gold_loss":0.0,"damage_taken":0.0,"relics_obtained":["Bloody Idol"]},{"damage_healed":0.0,"max_hp_gain":0.0,"max_hp_loss":32.0,"gold_gain":0.0,"event_name":"Ghosts","player_choice":"Became a Ghost","floor":30.0,"gold_loss":0.0,"damage_taken":0.0,"cards_obtained":["Ghostly","Ghostly","Ghostly"]},{"damage_healed":0.0,"max_hp_gain":0.0,"max_hp_loss":0.0,"gold_gain":0.0,"event_name":"Tomb of Lord Red Mask","player_choice":"Paid","floor":37.0,"gold_loss":3.0,"damage_taken":0.0,"relics_obtained":["Red Mask"]}],"is_beta":false,"boss_relics":[{"not_picked":["Fusion Hammer","Empty Cage"],"picked":"SlaversCollar"},{"not_picked":["Ring of the Serpent","Calling Bell"],"picked":"Runic Pyramid"}],"items_purged_floors":[4,54],"is_endless":false,"potions_floor_spawned":[1,10,16,24,28,33,35,44,46,48],"ascension_level":20}}