{"host":"hwrdjx5eod2cxh09","time":1611586415,"event":{"mods":["AchievementEnabler","BaseMod","Bestiary","Minty Spire (QoL Compilation)","Relic Stats"],"gold_per_floor":[113,128,128,128,5,32,32,47,47,65,65,77,77,106,106,206,206,216,21,35,45,63,63,63,63,131,31,51,69,83,111,111,215,215,233,253,273,323,323,323,341,341,419,453,247,260,260,278,278,278,278],"floor_reached":50,"language":"ENG","playtime":2554,"items_purged":["Strike_B","Strike_B","Dualcast"],"score":556,"play_id":"04d9c67d-194b-40b9-ad25-8ab971631146","local_time":"20210125235335","is_ascension_mode":false,"campfire_choices":[{"data":"Loop","floor":7.0,"key":"SMITH"},{"data":"Zap","floor":11.0,"key":"SMITH"},{"data":"Consume","floor":13.0,"key":"SMITH"},{"data":"Static Discharge","floor":15.0,"key":"SMITH"},{"data":"Capacitor","floor":23.0,"key":"SMITH"},{"data":"Echo Form","floor":25.0,"key":"SMITH"},{"floor":32.0,"key":"REST"},{"data":"Seek","floor":40.0,"key":"SMITH"},{"data":"Coolheaded","floor":42,"key":"SMITH"},{"data":"Capacitor","floor":47,"key":"SMITH"},{"floor":49,"key":"REST"}],"circlet_count":0,"master_deck":["Defend_B","Defend_B","Defend_B","Defend_B","Zap+1","Ball Lightning","Consume+1","Loop+1","Conserve Battery","Cold Snap","Sweeping Beam","Static Discharge+1","Echo Form+1","Turbo","Capacitor+1","Coolheaded+1","Chill+1","Leap","Seek+1","Capacitor+1","Coolheaded+1","Core Surge","Capacitor+1","Barrage"],"relics":["Cracked Core"],"acts_visited":["Exordium","TheCity","TheBeyond"],"potions_floor_usage":[46,50,50,50],"damage_taken":[{"damage":4.0,"enemies":"Small Slimes","floor":1.0,"turns":4.0},{"damage":4.0,"enemies":"2 Louse","floor":2.0,"turns":2.0},{"damage":28.0,"enemies":"Gremlin Nob","floor":6.0,"turns":4.0},{"damage":0.0,"enemies":"Cultist","floor":8.0,"turns":4.0},{"damage":2.0,"enemies":"Red Slaver","floor":10.0,"turns":4.0},{"damage":7.0,"enemies":"Large Slime","floor":12.0,"turns":5.0},{"damage":19.0,"enemies":"3 Sentries","floor":14.0,"turns":6.0},{"damage":9.0,"enemies":"The Guardian","floor":16.0,"turns":11.0},{"damage":3.0,"enemies":"3 Byrds","floor":18.0,"turns":2.0},{"damage":29.0,"enemies":"2 Thieves","floor":20.0,"turns":4.0},{"damage":0.0,"enemies":"Snecko","floor":21.0,"turns":7.0},{"damage":12.0,"enemies":"Chosen and Byrds","floor":22.0,"turns":6.0},{"damage":2.0,"enemies":"Sentry and Sphere","floor":28.0,"turns":8.0},{"damage":2.0,"enemies":"Snecko","floor":29.0,"turns":7.0},{"damage":10.0,"enemies":"Centurion and Healer","floor":30.0,"turns":13.0},{"damage":15.0,"enemies":"Book of Stabbing","floor":31.0,"turns":6.0},{"damage":0.0,"enemies":"Champ","floor":33.0,"turns":12.0},{"damage":16.0,"enemies":"3 Shapes","floor":35.0,"turns":5.0},{"damage":24.0,"enemies":"3 Darklings","floor":36.0,"turns":7.0},{"damage":17.0,"enemies":"Maw","floor":37.0,"turns":9.0},{"damage":10.0,"enemies":"Mind Bloom Boss Battle","floor":38.0,"turns":12.0},{"damage":5,"enemies":"4 Shapes","floor":41,"turns":7},{"damage":7,"enemies":"Giant Head","floor":44,"turns":11},{"damage":13,"enemies":"3 Darklings","floor":46,"turns":6},{"damage":10,"enemies":"Maw","floor":48,"turns":9},{"damage":60,"enemies":"Awakened One","floor":50,"turns":5}],"seed_played":"3749287301575762843","potions_obtained":[{"floor":2.0,"key":"Weak Potion"},{"floor":4.0,"key":"PotionOfCapacity"},{"floor":4.0,"key":"Regen Potion"},{"floor":12.0,"key":"Ancient Potion"},{"floor":16.0,"key":"Dexterity Potion"},{"floor":18.0,"key":"LiquidMemories"},{"floor":22.0,"key":"Block Potion"},{"floor":30.0,"key":"DuplicationPotion"},{"floor":38.0,"key":"SkillPotion"},{"floor":48,"key":"LiquidBronze"}],"is_trial":false,"path_per_floor":["M","M","?","?","$","E","R","M","T","M","R","M","R","E","R","B",null,"M","$","M","M","M","R","?","R","T","$","M","M","M","E","R","B",null,"M","M","M","?","?","R","M","R","T","E","$","M","R","M","R","B"],"character_chosen":"DEFECT","items_purchased":["Loop","Conserve Battery","Capacitor","Coolheaded","Capacitor"],"campfire_rested":2,"item_purchase_floors":[5,5,19,19,45],"current_hp_per_floor":[78,74,74,74,74,46,46,46,46,44,44,37,37,18,18,24,82,79,79,50,50,38,38,38,38,38,38,36,34,24,9,33,33,82,66,42,25,15,72,72,67,67,67,60,60,47,47,37,58,0,0],"gold":278,"neow_bonus":"TEN_PERCENT_HP_BONUS","is_daily":false,"chose_seed":false,"campfire_upgraded":9,"win_rate":0.0,"timestamp":1611586415,"path_taken":["M","M","?","?","$","E","R","M","T","M","R","M","R","E","R","BOSS","M","?","?","M","M","R","?","R","T","?","M","M","?","E","R","BOSS","M","M","M","?","?","R","M","R","T","E","$","M","R","M","R","BOSS"],"items_purchased_type":["Card","Card","Card","Card","Card"],"build_version":"2020-12-22","purchased_purges":3,"victory":false,"max_hp_per_floor":[82,82,82,82,82,82,82,82,82,82,82,82,82,82,82,82,82,82,82,82,82,82,82,82,82,82,82,82,82,82,82,82,82,82,82,82,82,82,72,72,72,72,72,72,72,72,72,72,72,72,72],"relic_stats":{"counters":[26,175],"obtain_stats":[{"Cracked Core":0},{"Cracked Core":0},{"Cracked Core":0}]},"card_choices":[{"not_picked":["Redo","Conserve Battery"],"picked":"Ball Lightning","floor":1.0},{"not_picked":["Rebound","Barrage","Streamline"],"picked":"SKIP","floor":2.0},{"not_picked":["Leap","Hologram"],"picked":"Cold Snap","floor":6.0},{"not_picked":["Rebound","Chaos"],"picked":"Sweeping Beam","floor":8.0},{"not_picked":["Aggregate","Undo","Fusion"],"picked":"SKIP","floor":10.0},{"not_picked":["Force Field","Redo","Fusion"],"picked":"SKIP","floor":12.0},{"not_picked":["Barrage","Machine Learning"],"picked":"Static Discharge","floor":14.0},{"not_picked":["Reboot","Machine Learning"],"picked":"Echo Form","floor":16.0},{"not_picked":["Beam Cell","Heatsinks"],"picked":"Turbo","floor":18.0},{"not_picked":["Beam Cell+1","Skim"],"picked":"Chill+1","floor":20.0},{"not_picked":["Barrage","Conserve Battery"],"picked":"Leap","floor":21.0},{"not_picked":["Heatsinks+1","Gash","Recycle"],"picked":"SKIP","floor":22.0},{"not_picked":["Beam Cell+1","Compile Driver","Rip and Tear"],"picked":"SKIP","floor":28.0},{"not_picked":["Steam","Barrage"],"picked":"Seek","floor":29.0},{"not_picked":["Reinforced Body","Steam","Beam Cell"],"picked":"SKIP","floor":30.0},{"not_picked":["Redo+1","Ball Lightning","Rebound+1"],"picked":"SKIP","floor":31.0},{"not_picked":["Lockon","Barrage"],"picked":"Capacitor+1","floor":35.0},{"not_picked":["Leap+1","Steam","Skim+1"],"picked":"SKIP","floor":36.0},{"not_picked":["Static Discharge","Compile Driver"],"picked":"Coolheaded+1","floor":37.0},{"not_picked":["Steam","Conserve Battery+1","Consume+1"],"picked":"SKIP","floor":41},{"not_picked":["Sunder+1","Go for the Eyes"],"picked":"Core Surge","floor":44},{"not_picked":["Cold Snap","Auto Shields"],"picked":"Barrage","floor":46},{"not_picked":["Multi-Cast","Consume","Conserve Battery+1"],"picked":"SKIP","floor":48}],"player_experience":302653,"relics_obtained":[],"event_choices":[{"damage_healed":0.0,"max_hp_gain":0.0,"max_hp_loss":0.0,"gold_gain":0.0,"cards_transformed":["Strike_B"],"event_name":"Living Wall","player_choice":"Change","floor":3.0,"gold_loss":0.0,"damage_taken":0.0,"cards_obtained":["Consume"]},{"damage_healed":0.0,"max_hp_gain":0.0,"max_hp_loss":0.0,"gold_gain":0.0,"event_name":"Lab","player_choice":"Got Potions","floor":4.0,"gold_loss":0.0,"damage_taken":0.0},{"cards_removed":["Strike_B"],"damage_healed":0.0,"max_hp_gain":0.0,"max_hp_loss":0.0,"gold_gain":0.0,"event_name":"Bonfire Elementals","player_choice":"Offered Basic","floor":24.0,"gold_loss":0.0,"damage_taken":0.0},{"damage_healed":0.0,"max_hp_gain":0.0,"max_hp_loss":0.0,"gold_gain":0.0,"event_name":"MindBloom","player_choice":"Fight","floor":38.0,"gold_loss":0.0,"damage_taken":0.0},{"damage_healed":72.0,"max_hp_gain":0.0,"max_hp_loss":10.0,"gold_gain":0.0,"event_name":"The Moai Head","player_choice":"Heal","floor":39.0,"gold_loss":0.0,"damage_taken":0.0}],"is_beta":false,"boss_relics":[{"not_picked":[]},{"not_picked":[]}],"items_purged_floors":[19,27,45],"is_endless":false,"potions_floor_spawned":[2,12,14,16,18,22,29,30,33,38,41,44,48],"killed_by":"Awakened One","ascension_level":0}}