{"host":"6h0diz2ap0m56grs","time":1611560639,"event":{"mods":["2.2 Compatiblity","BaseMod","Colored Map","Marisa????????","Minty Spire (QoL Compilation)","Quick Restart","Replay The Spire","Shop Mod","StSLib","The Servant 0.9.4"],"gold_per_floor":[113,132,62,76,76,104,131,131,131,165,191,191,191,223,223,321,321,337,337,347,82,82,134,180,222,222,265,131,131,131,183,183,297,297,325,395,395,395,429,479,533,591,591,492,39,86,134,176,176,200],"floor_reached":51,"language":"ENG","playtime":1978,"items_purged":["Loop"],"score":1724,"play_id":"7cbb7f08-7a9b-486c-8914-657a6a85b9b3","local_time":"20210125014359","daily_mods":["SealedDeck","Heirloom","Time Dilation","Flight"],"is_ascension_mode":true,"campfire_choices":[{"data":"ReplayTheSpireMod:Calculation Training","floor":8,"key":"SMITH"},{"data":"Seek","floor":12,"key":"SMITH"},{"data":"Beam Cell","floor":15,"key":"SMITH"},{"data":"Hologram","floor":29,"key":"SMITH"},{"data":"Hologram","floor":30,"key":"SMITH"},{"data":"Hologram","floor":32,"key":"SMITH"},{"data":"Conserve Battery","floor":49,"key":"SMITH"}],"circlet_count":0,"master_deck":["Hologram+1","Hologram+1","Conserve Battery","Beam Cell+1","Hologram+1","Gash","ReplayGash+1","Gash+1","Conserve Battery+1","Genetic Algorithm+1","Chill","Gash","Gash+1","ReplayTheSpireMod:Calculation Training+1","Seek+1","AbeCurse","Defragment+1","Conserve Battery+1","ReplayTheSpireMod:Calculation Training+1"],"relics":["replay:Trail_Library","FossilizedHelix","Kunai","Iron Core","Divine Protection","ReplayTheSpireMod:TigerMarble","Orichalcum","Abe\u0027s Treasure","MerchantsRug","Replay:Bandana","MutagenicStrength","Matryoshka","Iron Hammer","Ornamental Fan","Gremlin Horn","Replay:Bottled Flurry","Vajra","SacredBark","Emotion Chip","Smiling Mask","Replay:Antivirus Software","Oddly Smooth Stone","Bag of Marbles","OrangePellets","Gambling Chip","Replay:Wax Seal","Ancient Tea Set","Shuriken"],"acts_visited":["Exordium","TheCity","TheBeyond"],"potions_floor_usage":[50,50,50,50],"damage_taken":[{"damage":0,"enemies":"2 Louse","floor":1,"turns":2},{"damage":0,"enemies":"Cultist","floor":2,"turns":2},{"damage":0,"enemies":"Small Slimes","floor":4,"turns":2},{"damage":0,"enemies":"Replay:BlueRogue","floor":6,"turns":4},{"damage":0,"enemies":"Gremlin Nob","floor":7,"turns":3},{"damage":0,"enemies":"Lagavulin","floor":10,"turns":4},{"damage":0,"enemies":"3 Sentries","floor":11,"turns":3},{"damage":0,"enemies":"Replay:BlueRogue","floor":14,"turns":2},{"damage":0,"enemies":"Slime Boss","floor":16,"turns":6},{"damage":0,"enemies":"Chosen","floor":18,"turns":3},{"damage":0,"enemies":"Spheric Guardian","floor":20,"turns":3},{"damage":0,"enemies":"Book of Stabbing","floor":23,"turns":3},{"damage":0,"enemies":"Replay:Snechameleon","floor":24,"turns":3},{"damage":0,"enemies":"Slavers","floor":25,"turns":5},{"damage":0,"enemies":"Book of Stabbing","floor":27,"turns":3},{"damage":0,"enemies":"Slavers","floor":31,"turns":3},{"damage":0,"enemies":"Champ","floor":33,"turns":6},{"damage":0,"enemies":"Orb Walker","floor":35,"turns":3},{"damage":0,"enemies":"Mind Bloom Boss Battle","floor":36,"turns":4},{"damage":0,"enemies":"3 Darklings","floor":39,"turns":2},{"damage":0,"enemies":"Giant Head","floor":40,"turns":7},{"damage":0,"enemies":"Nemesis","floor":41,"turns":5},{"damage":0,"enemies":"Reptomancer","floor":42,"turns":3},{"damage":0,"enemies":"R_Hoarder","floor":46,"turns":6},{"damage":0,"enemies":"Giant Head","floor":47,"turns":5},{"damage":0,"enemies":"R_Hoarder","floor":48,"turns":6},{"damage":0,"enemies":"Awakened One","floor":50,"turns":6}],"seed_played":"1063304633047539110","potions_obtained":[{"floor":6,"key":"FearPotion"},{"floor":7,"key":"BlessingOfTheForge"},{"floor":14,"key":"Explosive Potion"},{"floor":23,"key":"Energy Potion"},{"floor":25,"key":"EntropicBrew"},{"floor":31,"key":"Strength Potion"},{"floor":41,"key":"Adrenaline Potion"}],"is_trial":true,"path_per_floor":["M","M","?","M","?","E","E","R","T","E","E","R","$","E","R","B",null,"M","?","M","$","?","E","E","E","T","E","$","R","R","E","R","B",null,"M","?","?","?","M","E","E","E","T","$","$","E","E","E","R","B",null],"character_chosen":"DEFECT","items_purchased":["Guide Book","MerchantsRug","Replay:Bandana","Replay:Bottled Flurry","Bag of Marbles","OrangePellets","Gambling Chip"],"campfire_rested":0,"item_purchase_floors":[21,21,21,28,44,45,45],"current_hp_per_floor":[75,75,75,75,75,75,75,75,75,75,75,75,75,75,75,75,75,75,75,75,75,75,75,75,75,75,75,75,75,75,75,75,75,75,75,75,75,75,75,75,82,82,82,82,82,82,82,82,82,82],"gold":200,"neow_bonus":"","is_daily":false,"chose_seed":false,"campfire_upgraded":7,"win_rate":0.0,"timestamp":1611560639,"path_taken":["M","M","?","?","?","E","E","R","T","E","E","R","?","E","R","BOSS","M","?","?","$","?","E","E","E","T","E","$","R","R","E","R","BOSS","M","?","?","?","?","E","E","E","T","$","$","E","E","E","R","BOSS"],"items_purchased_type":["Relic","Relic","Relic","Relic","Relic","Relic","Relic"],"build_version":"2020-12-22","purchased_purges":1,"victory":true,"max_hp_per_floor":[75,75,75,75,75,75,75,75,75,75,75,75,75,75,75,75,75,75,75,75,75,75,75,75,75,75,75,75,75,75,75,75,75,75,75,75,75,75,75,75,82,82,82,82,82,82,82,82,82,82],"card_choices":[{"not_picked":["Self Repair","Redo"],"picked":"Chill","floor":1},{"not_picked":["Cold Snap","Panic Button"],"picked":"Gash","floor":2},{"not_picked":["Undo","Rebound","Turbo"],"picked":"SKIP","floor":4},{"not_picked":["Go for the Eyes","ReplaySort"],"picked":"Gash","floor":6},{"not_picked":["Doom and Gloom","Ball Lightning"],"picked":"ReplayTheSpireMod:Calculation Training","floor":7},{"not_picked":["Heavy Blade","Coolheaded"],"picked":"Seek","floor":10},{"not_picked":["Flex","Streamline","Multi-Cast"],"picked":"SKIP","floor":11},{"not_picked":["Thunder Strike","Rebound","ReplayRNGCard"],"picked":"SKIP","floor":14},{"not_picked":["Redo","Darkness+1","Recycle"],"picked":"SKIP","floor":18},{"not_picked":["BasicCrystalCard+1","Cold Snap","White Noise"],"picked":"SKIP","floor":20},{"not_picked":["Coolheaded","ReplayTheSpireMod:Reroute Power"],"picked":"Defragment+1","floor":23},{"not_picked":["Heatsinks","ReplayTheSpireMod:GoodbyeWorld","Gash"],"picked":"SKIP","floor":24},{"not_picked":["Crystallizer","Compile Driver","Hyperbeam"],"picked":"SKIP","floor":25},{"not_picked":["Coolheaded","Leap"],"picked":"Conserve Battery+1","floor":27},{"not_picked":["Compile Driver","Hello World"],"picked":"ReplayTheSpireMod:Calculation Training+1","floor":31},{"not_picked":["Steam+1","Ball Lightning","Compile Driver+1"],"picked":"SKIP","floor":35},{"not_picked":["BootSequence+1","Glacier+1","Coolheaded+1"],"picked":"SKIP","floor":39},{"not_picked":["Reboot","Streamline+1","Rebound+1"],"picked":"SKIP","floor":40},{"not_picked":["ReplayTheSpireMod:Reroute Power","Streamline","Machine Learning"],"picked":"SKIP","floor":41},{"not_picked":["Stack+1","Cold Snap","Conserve Battery+1"],"picked":"SKIP","floor":42},{"not_picked":["Chaos","Stack","Panic Button"],"picked":"SKIP","floor":46},{"not_picked":["Darkness+1","Conserve Battery","Coolheaded"],"picked":"SKIP","floor":47},{"not_picked":["Streamline","Compile Driver+1","Stack"],"picked":"SKIP","floor":48}],"player_experience":226601,"relics_obtained":[{"floor":6,"key":"Divine Protection"},{"floor":7,"key":"Peace Pipe"},{"floor":9,"key":"Symbiotic Virus"},{"floor":10,"key":"ReplayTheSpireMod:TigerMarble"},{"floor":11,"key":"Orichalcum"},{"floor":14,"key":"Regal Pillow"},{"floor":23,"key":"Girya"},{"floor":24,"key":"Matryoshka"},{"floor":25,"key":"Iron Hammer"},{"floor":26,"key":"Whetstone"},{"floor":26,"key":"Ornamental Fan"},{"floor":27,"key":"Gremlin Horn"},{"floor":31,"key":"Vajra"},{"floor":36,"key":"Emotion Chip"},{"floor":40,"key":"Smiling Mask"},{"floor":41,"key":"Strawberry"},{"floor":42,"key":"Replay:Antivirus Software"},{"floor":43,"key":"Oddly Smooth Stone"},{"floor":43,"key":"Eternal Feather"},{"floor":46,"key":"Replay:Wax Seal"},{"floor":47,"key":"Ancient Tea Set"},{"floor":48,"key":"Shuriken"}],"event_choices":[{"damage_healed":0,"gold_gain":0,"player_choice":"Paid Gold","damage_taken":0,"relics_obtained":["Kunai"],"max_hp_gain":0,"max_hp_loss":0,"event_name":"WeMeetAgain","floor":3,"gold_loss":70},{"damage_healed":0,"gold_gain":0,"player_choice":"Ignored","damage_taken":0,"max_hp_gain":0,"max_hp_loss":0,"event_name":"The Mausoleum","floor":19,"gold_loss":0},{"damage_healed":0,"gold_gain":0,"player_choice":"Inject Mutagens","damage_taken":0,"relics_obtained":["MutagenicStrength"],"max_hp_gain":0,"max_hp_loss":0,"event_name":"Drug Dealer","floor":22,"gold_loss":0},{"damage_healed":0,"gold_gain":0,"player_choice":"Fight","damage_taken":0,"max_hp_gain":0,"max_hp_loss":0,"event_name":"MindBloom","floor":36,"gold_loss":0},{"damage_healed":0,"gold_gain":0,"player_choice":"Ignored","damage_taken":0,"max_hp_gain":0,"max_hp_loss":0,"event_name":"Tomb of Lord Red Mask","floor":37,"gold_loss":0},{"damage_healed":0,"gold_gain":0,"player_choice":"Got Potions","damage_taken":0,"max_hp_gain":0,"max_hp_loss":0,"event_name":"Lab","floor":38,"gold_loss":0}],"is_beta":false,"boss_relics":[{"not_picked":["Astrolabe","Black Star"],"picked":"Abe\u0027s Treasure"},{"not_picked":["Tiny House","Snecko Eye"],"picked":"SacredBark"}],"items_purged_floors":[44],"is_endless":false,"potions_floor_spawned":[6,7,14,23,25,31,36,39,41,42,47],"ascension_level":1}}