{"host":"jumrmhf584hajrnz","time":1611615581,"event":{"mods":["BaseMod","Duelist Mod","GifTheSpireLib","Minty Spire (QoL Compilation)","Quick Restart","Replay The Spire","StSLib"],"gold_per_floor":[135,115,36,49,62,89,89,25,25,25,25,55,73,85,85,162,162,175,175,133,144,157,157,168,168,168,301,317,330,330,330],"floor_reached":30,"language":"ENG","playtime":1792,"items_purged":[],"score":574,"play_id":"38bc55b0-adcf-4241-bf4b-15ceff939ea8","local_time":"20210125235941","is_ascension_mode":true,"campfire_choices":[{"floor":11,"key":"RECALL"},{"floor":15,"key":"REST"},{"floor":23,"key":"REST"},{"floor":25,"key":"REST"}],"circlet_count":0,"master_deck":["AscendersBane","theDuelist:CastleWalls+1","theDuelist:CastleWalls","theDuelist:CastleWalls","theDuelist:NaturiaBeast","theDuelist:NaturiaCliff","theDuelist:NaturiaRock+1","theDuelist:NaturiaTulip+1","theDuelist:Sparks","theDuelist:Sparks","theDuelist:Sparks+1","theDuelist:NaturiaEggplant","theDuelist:ConvulsionNature","theDuelist:MudragonSwamp","theDuelist:NaturiaSacredTree","theDuelist:MudGolem","theDuelist:NatureReflection","theDuelist:NatureReflection","theDuelist:NaturiaPineapple","theDuelist:MultiplicationOfAnts","theDuelist:NaturiaTulip","theDuelist:NaturiaVein","theDuelist:NaturiaButterfly","theDuelist:ConvulsionNature","theDuelist:NaturiaRock","theDuelist:NaturiaWhiteOak","theDuelist:NaturiaLandoise","theDuelist:WingedKuriboh","theDuelist:NaturiaCliff+1","theDuelist:NaturiaGuardian"],"relics":["theDuelist:MillenniumPuzzle","theDuelist:CardPoolRelic","theDuelist:CardPoolBasicRelic","theDuelist:BoosterPackPoolRelic","theDuelist:CardPoolAddRelic","theDuelist:CardPoolMinusRelic","theDuelist:CardPoolSaveRelic","theDuelist:CardPoolOptionsRelic","NeowsBlessing","Unceasing Top","Gremlin Food","Busted Crown","Replay:Byrd Feeder","theDuelist:MillenniumCoin"],"acts_visited":["Exordium","TheCity"],"potions_floor_usage":[],"damage_taken":[{"damage":0,"enemies":"Cultist","floor":1,"turns":1},{"damage":0,"enemies":"2 Louse","floor":4,"turns":1},{"damage":0,"enemies":"Jaw Worm","floor":5,"turns":1},{"damage":12,"enemies":"Replay:BlueRogue","floor":6,"turns":6},{"damage":0,"enemies":"Lagavulin","floor":12,"turns":6},{"damage":11,"enemies":"Exordium Wildlife","floor":13,"turns":5},{"damage":15,"enemies":"Gremlin Gang","floor":14,"turns":4},{"damage":25,"enemies":"Slime Boss","floor":16,"turns":6},{"damage":0,"enemies":"Chosen","floor":18,"turns":4},{"damage":10,"enemies":"2 Thieves","floor":21,"turns":4},{"damage":13,"enemies":"Centurion and Healer","floor":22,"turns":4},{"damage":19,"enemies":"Snake Plant","floor":24,"turns":4},{"damage":5,"enemies":"theDuelist:KaibaA2","floor":27,"turns":6},{"damage":0,"enemies":"Snecko","floor":28,"turns":4},{"damage":10,"enemies":"3 Cultists","floor":29,"turns":5},{"damage":10,"enemies":"Replay:Snechameleon","floor":30,"turns":1}],"seed_played":"7392248130113056082","potions_obtained":[{"floor":2,"key":"theDuelist:ElectricBrew"},{"floor":6,"key":"theDuelist:TokenPotion"}],"is_trial":false,"path_per_floor":["M","?","$","M","M","E","?","$","T","$","R","E","M","M","R","B",null,"M","?","$","M","M","R","M","R","T","E","M","M","E"],"character_chosen":"THE_DUELIST","items_purchased":["theDuelist:ConvulsionNature","theDuelist:NatureReflection","theDuelist:ConvulsionNature"],"campfire_rested":3,"item_purchase_floors":[3,8,20],"current_hp_per_floor":[63,63,63,63,63,51,51,51,51,51,51,51,40,25,40,15,41,41,43,43,33,20,32,13,24,24,19,19,9,0,0],"gold":330,"neow_bonus":"THREE_ENEMY_KILL","is_daily":false,"chose_seed":false,"campfire_upgraded":0,"win_rate":0.0,"timestamp":1611615581,"path_taken":["M","?","$","M","?","E","?","?","T","?","R","E","M","?","R","BOSS","M","?","?","M","M","R","M","R","T","E","M","M","E"],"items_purchased_type":["Card","Card","Card"],"build_version":"2020-12-22","purchased_purges":0,"victory":false,"max_hp_per_floor":[70,70,70,67,64,61,61,61,61,61,61,58,55,52,52,49,49,46,48,48,45,42,42,39,39,39,36,33,30,30,30],"card_choices":[{"not_picked":["theDuelist:NaturiaTulip","theDuelist:LonefireBlossom","theDuelist:SummoningSwarm","theDuelist:NaturiaDragonfly"],"picked":"theDuelist:NaturiaEggplant","floor":1},{"not_picked":["theDuelist:GraniteLoyalist","theDuelist:MillenniumScorpion","theDuelist:CatapultZone","theDuelist:UltimateOffering"],"picked":"theDuelist:MudragonSwamp","floor":4},{"not_picked":["theDuelist:VenomShot","theDuelist:AfterGenocide","theDuelist:LeodrakeMane","theDuelist:ConvulsionNature"],"picked":"theDuelist:NaturiaSacredTree","floor":5},{"not_picked":["theDuelist:WingedKuriboh","theDuelist:FutureFusion","theDuelist:AttackTheMoon","theDuelist:ShardGreed"],"picked":"theDuelist:MudGolem","floor":6},{"not_picked":["theDuelist:SurvivalInstinct","theDuelist:FrozenRose","theDuelist:NaturiaMosquito","theDuelist:ClosedForest"],"picked":"theDuelist:NaturiaPineapple","floor":12},{"not_picked":["theDuelist:NaturiaForest","theDuelist:NaturiaVein"],"picked":"theDuelist:MultiplicationOfAnts","floor":13},{"not_picked":["theDuelist:NaturiaHydrangea","theDuelist:NaturiaMantis","theDuelist:NaturiaCliff","theDuelist:WormBait"],"picked":"theDuelist:NaturiaTulip","floor":14},{"not_picked":["theDuelist:DemiseLand","theDuelist:ClosedForest","theDuelist:Wildfire","theDuelist:HeartUnderdog"],"picked":"theDuelist:NaturiaVein","floor":16},{"not_picked":["theDuelist:NaturiaDragonfly","theDuelist:NaturiaRagweed"],"picked":"theDuelist:NaturiaButterfly","floor":18},{"not_picked":["theDuelist:LonefireBlossom","theDuelist:WormBait"],"picked":"theDuelist:NaturiaRock","floor":21},{"not_picked":["theDuelist:CopyPlant","theDuelist:NaturiaButterfly"],"picked":"theDuelist:NaturiaWhiteOak","floor":22},{"not_picked":["theDuelist:NaturiaGaiastrio","theDuelist:NaturiaCliff"],"picked":"theDuelist:NaturiaLandoise","floor":24},{"not_picked":["theDuelist:Mudora","theDuelist:MudragonSwamp"],"picked":"theDuelist:WingedKuriboh","floor":27},{"not_picked":["theDuelist:NaturiaDragonfly","theDuelist:NaturiaGaiastrio"],"picked":"theDuelist:NaturiaCliff+1","floor":28},{"not_picked":["theDuelist:NaturiaSpiderfang","theDuelist:Wildfire"],"picked":"theDuelist:NaturiaGuardian","floor":29}],"player_experience":1538651,"relics_obtained":[{"floor":6,"key":"Unceasing Top"},{"floor":12,"key":"Gremlin Food"},{"floor":26,"key":"Replay:Byrd Feeder"},{"floor":27,"key":"theDuelist:MillenniumCoin"}],"event_choices":[{"damage_healed":0,"gold_gain":0,"player_choice":"Bought 1 Potion","damage_taken":0,"max_hp_gain":0,"max_hp_loss":0,"event_name":"The Woman in Blue","floor":2,"gold_loss":0},{"total_magic_score":38,"gold_gain":0,"duelist":true,"damage_taken":0,"relics_obtained":[],"points":4,"max_hp_gain":2,"max_hp_loss":0,"spent_points":{"magic":0,"greed":0,"war":0,"power":0,"hunger":4},"event_name":"Nameless Tomb","hunger_reward":4,"floor":19,"gold_loss":0,"cards_obtained":[]}],"is_beta":false,"boss_relics":[{"not_picked":["SacredBark","Painkiller Herb"],"picked":"Busted Crown"}],"items_purged_floors":[],"is_endless":false,"potions_floor_spawned":[6,12,13,14,18,21,24,28],"killed_by":"Replay:Snechameleon","ascension_level":20}}