{"host":"l84l8xigz5v5foa2","time":1611565797,"event":{"mods":["2.2 Compatiblity","AchievementEnabler","BaseMod","Better Note","Better Vampires","Card Filter","Colored Map","DeckTracker","Gremlin Skip","Highlight Path","Keyboard Shortcuts","Minty Spire (QoL Compilation)","Permanent Neow","Quick Restart","Relic Filter","Relic Stats","Shop Mod","StSLib","SuperFastMode","Transform Curses","Unknown Chances"],"gold_per_floor":[364,379,394,52,63,96,96,96,96],"floor_reached":8,"language":"KOR","playtime":294,"items_purged":[],"score":102,"play_id":"3f43fb6c-ac2f-4462-82f5-d85e9388eaec","local_time":"20210125180957","is_ascension_mode":true,"campfire_choices":[{"data":"Prepared","floor":7.0,"key":"SMITH"}],"circlet_count":0,"master_deck":["AscendersBane","Strike_G","Strike_G","Strike_G","Strike_G","Strike_G","Defend_G","Defend_G","Defend_G","Defend_G","Defend_G","Survivor","Neutralize","Reflex","Prepared+1","Tactician","Choke","Leg Sweep"],"relics":["Ring of the Snake","Calipers","FossilizedHelix"],"acts_visited":["Exordium"],"potions_floor_usage":[],"damage_taken":[{"damage":7.0,"enemies":"Cultist","floor":1.0,"turns":6.0},{"damage":0.0,"enemies":"2 Louse","floor":2.0,"turns":4.0},{"damage":0.0,"enemies":"Small Slimes","floor":3.0,"turns":3.0},{"damage":1.0,"enemies":"Blue Slaver","floor":5.0,"turns":7.0},{"damage":20.0,"enemies":"Gremlin Nob","floor":6.0,"turns":4.0},{"damage":31,"enemies":"Lagavulin","floor":8,"turns":9}],"seed_played":"5746303279493014823","potions_obtained":[{"floor":1.0,"key":"Energy Potion"},{"floor":3.0,"key":"PowerPotion"}],"is_trial":false,"path_per_floor":["M","M","M","$","M","E","R","E"],"character_chosen":"THE_SILENT","items_purchased":["Calipers","Tactician"],"campfire_rested":0,"item_purchase_floors":[4,4],"current_hp_per_floor":[37,37,37,37,36,16,16,0,0],"gold":96,"neow_bonus":"TWO_FIFTY_GOLD","is_daily":false,"chose_seed":false,"campfire_upgraded":1,"win_rate":0.0,"timestamp":1611565797,"path_taken":["M","M","M","$","M","E","R","E"],"items_purchased_type":["Relic","Card"],"build_version":"2020-12-22","purchased_purges":0,"victory":false,"max_hp_per_floor":[66,66,66,66,66,66,66,66,66],"relic_stats":{"counters":[6,33],"obtain_stats":[{"Calipers":4,"FossilizedHelix":6,"Ring of the Snake":0},{"Calipers":3,"FossilizedHelix":5,"Ring of the Snake":0},{"Calipers":13,"FossilizedHelix":24,"Ring of the Snake":0}],"Ring of the Snake":[12]},"card_choices":[{"not_picked":["Terror","Deflect"],"picked":"Reflex","floor":1.0},{"not_picked":["Poisoned Stab","Underhanded Strike","Caltrops"],"picked":"SKIP","floor":2.0},{"not_picked":["Acrobatics","Outmaneuver"],"picked":"Prepared","floor":3.0},{"not_picked":["Endless Agony","Slice"],"picked":"Choke","floor":5.0},{"not_picked":["Prepared","Flying Knee"],"picked":"Leg Sweep","floor":6.0}],"player_experience":1442487,"relics_obtained":[{"floor":6.0,"key":"FossilizedHelix"}],"event_choices":[],"is_beta":false,"boss_relics":[],"items_purged_floors":[],"is_endless":false,"potions_floor_spawned":[1,3],"killed_by":"Lagavulin","ascension_level":15}}