{"host":"uvmuduost5bzvojs","time":1611540308,"event":{"mods":["Aspiration","Bard","BaseMod","Better Match","Block Reminder","Conspire","Hermit","Highlight Path","Hubris","Infinite Spire","Jorbs\u0027s Wanderer Trilogy","Mad Scientist","Marisa????????","Mimic Mod","Minty Spire (QoL Compilation)","Potionbrewer","Replay The Spire","Robot Space Explorer","StSLib","The Blackbeard","The Construct","The Cursed","The Disciple","The Hayseed","The Hierophant","The Juggle","The Jungle","The Poker Player","The Runesmith","The Servant 0.9.4","The Spell Scribe","The Valiant","TheBandit"],"gold_per_floor":[118,118,143,153,184,184,202,216,254,281,298,316,316,7,7,102,102,116,135,135,150,150,185,185,198,230,230,243,260,260,175,175,271,271,283,283,283,64,64,64,82,82,155,169,169,169],"floor_reached":45,"language":"ENG","playtime":3472,"items_purged":["Runesmith:Strike_RS","Runesmith:Strike_RS+1","Runesmith:Defend_RS"],"score":485,"play_id":"d55297c1-b850-4f79-8dc0-006792836fdd","local_time":"20210124210508","is_ascension_mode":false,"campfire_choices":[{"data":"Runesmith:Fortify","floor":6,"key":"SMITH"},{"data":"Runesmith:Reinforce","floor":13,"key":"SMITH"},{"floor":15,"key":"REST"},{"data":"Runesmith:ArcReactor","floor":24,"key":"SMITH"},{"floor":27,"key":"REST"},{"data":"Runesmith:CreatorForm","floor":32,"key":"SMITH"},{"data":"Runesmith:Refine","floor":40,"key":"SMITH"},{"data":"Runesmith:LithiumIon","floor":42,"key":"SMITH"}],"circlet_count":0,"master_deck":["Runesmith:Defend_RS","Runesmith:Defend_RS","Runesmith:Defend_RS","Runesmith:CraftFirestone","Runesmith:Fortify+1","Runesmith:Firewall","Runesmith:Discharge+1","Runesmith:BackupBattery","Runesmith:CraftMagma","Runesmith:CraftIndustria","Runesmith:Reinforce+1","Runesmith:ChargedHammer","Runesmith:DuctTape+1","Runesmith:ArcReactor+1","Runesmith:Permafrost+1","Runesmith:BackupBattery","Runesmith:LithiumIon+1","Runesmith:Reinforce","Runesmith:Refine+1","Runesmith:CraftMagma","Runesmith:CreatorForm+1","Pot Of Greed","Pot Of Greed","Runesmith:ShiftingStrike+1","Pot Of Greed","Runesmith:GoWithTheFlow"],"relics":["Runesmith:BrokenRuby","Tiny Chest","Happy Flower","Whetstone","construct:FoamFinger","hubris:EmptyBottle","construct:WeddingRing","hubris:Towel","hubris:CrystalStatue","Sozu","hubris:TinFlute","Iron Hammer","HornCleat","hubris:BottledRain","Grinning Jar","aspiration:RunicSpoon","hubris:Backtick","Runesmith:EmergencyProvisions","Replay:Bottled Snecko","Runesmith:AutoHammer","hubris:SphereOfDissonance"],"acts_visited":["Exordium","TheCity","TheBeyond"],"potions_floor_usage":[10],"damage_taken":[{"damage":2,"enemies":"Small Slimes","floor":1,"turns":4},{"damage":0,"enemies":"Jaw Worm","floor":4,"turns":5},{"damage":9,"enemies":"conspire:MimicChest","floor":5,"turns":6},{"damage":0,"enemies":"2 Louse","floor":7,"turns":3},{"damage":7,"enemies":"Exordium Wildlife","floor":8,"turns":5},{"damage":0,"enemies":"2 Fungi Beasts","floor":9,"turns":5},{"damage":28,"enemies":"Gremlin Nob","floor":10,"turns":5},{"damage":5,"enemies":"2 Fungi Beasts","floor":11,"turns":4},{"damage":0,"enemies":"Large Slime","floor":12,"turns":4},{"damage":29,"enemies":"Fading Forest","floor":16,"turns":11},{"damage":13,"enemies":"2 Thieves","floor":18,"turns":5},{"damage":9,"enemies":"Spheric Guardian","floor":19,"turns":5},{"damage":24,"enemies":"Cultist and Chosen","floor":21,"turns":7},{"damage":7,"enemies":"Nightmare","floor":23,"turns":8},{"damage":9,"enemies":"Snake Plant","floor":25,"turns":3},{"damage":0,"enemies":"3 Cultists","floor":26,"turns":4},{"damage":0,"enemies":"3 Cultists","floor":28,"turns":4},{"damage":0,"enemies":"Chosen and Byrds","floor":29,"turns":7},{"damage":0,"enemies":"Automaton","floor":33,"turns":7},{"damage":0,"enemies":"3 Darklings","floor":35,"turns":5},{"damage":27,"enemies":"3 Shapes","floor":41,"turns":5},{"damage":16,"enemies":"Spire Growth","floor":44,"turns":4},{"damage":21,"enemies":"3 Darklings","floor":45,"turns":3}],"seed_played":"-1752252596382349504","potions_obtained":[{"floor":1,"key":"SpeedPotion"},{"floor":4,"key":"Dexterity Potion"},{"floor":5,"key":"Fire Potion"},{"floor":11,"key":"Elixir"}],"is_trial":false,"path_per_floor":["M","?","T","M","?","R","M","M","MIM","E","M","M","R","$","R","B",null,"M","M","?","M","AVR","NM","R","M","MIM","R","M","M","T","?","R","B",null,"M","AVR","?","$","?","R","M","R","T","M","M"],"character_chosen":"RUNESMITH_CLASS","items_purchased":["Runesmith:DuctTape","hubris:EmptyBottle","Runesmith:AutoHammer"],"campfire_rested":2,"item_purchase_floors":[14,14,38],"current_hp_per_floor":[61,61,61,61,52,52,52,45,45,17,12,12,12,12,30,11,63,50,41,41,17,17,10,10,1,1,19,19,19,19,19,19,19,63,63,63,63,63,63,63,36,36,36,20,0,0],"gold":169,"neow_bonus":"REMOVE_TWO","is_daily":false,"chose_seed":false,"campfire_upgraded":6,"win_rate":0.0,"timestamp":1611540308,"path_taken":["M","?","?","M","?","R","?","M","MIM","E","M","M","R","$","R","BOSS","M","M","?","M","AVR","NM","R","M","MIM","R","M","M","?","?","R","BOSS","M","AVR","?","$","?","R","M","R","T","M","M"],"items_purchased_type":["Card","Relic","Relic"],"build_version":"2020-12-22","purchased_purges":3,"victory":false,"max_hp_per_floor":[63,63,63,63,63,63,63,63,63,63,63,63,63,63,63,63,63,63,63,63,63,63,63,63,63,63,63,63,63,63,63,63,63,63,63,63,63,63,63,63,63,63,63,63,63,63],"card_choices":[{"not_picked":["Runesmith:UnstableHammer","Runesmith:HeatExchange"],"picked":"Runesmith:Firewall","floor":1},{"not_picked":["Runesmith:CraftProtectio","Runesmith:ChiselStab"],"picked":"Runesmith:Discharge","floor":4},{"not_picked":["Runesmith:HeatExchange","Runesmith:ElementalConversion"],"picked":"Runesmith:BackupBattery","floor":5},{"not_picked":["Runesmith:HeatExchange","Runesmith:ShiftingStrike"],"picked":"Runesmith:CraftMagma","floor":7},{"not_picked":["Runesmith:BackupBattery","Runesmith:MakeshiftArmor","Runesmith:StaticCage"],"picked":"SKIP","floor":8},{"not_picked":["Runesmith:BackupBattery","Runesmith:MakeshiftArmor","Runesmith:StaticCage"],"picked":"SKIP","floor":8},{"not_picked":["Runesmith:HammerTime","Runesmith:UnstableHammer"],"picked":"Runesmith:CraftIndustria","floor":9},{"not_picked":["Runesmith:StaticCage","Runesmith:MakeshiftArmor","Runesmith:RuneHurl"],"picked":"SKIP","floor":10},{"not_picked":["Runesmith:HeatExchange","Runesmith:EarthShield"],"picked":"Runesmith:Reinforce","floor":11},{"not_picked":["Runesmith:MakeshiftArmor","Runesmith:HeatedChisel"],"picked":"Runesmith:ChargedHammer","floor":12},{"not_picked":["Runesmith:CraftIndustria","Runesmith:LastStand"],"picked":"Runesmith:ArcReactor","floor":16},{"not_picked":["Runesmith:ChiselStab","Runesmith:Terraform"],"picked":"Runesmith:Permafrost+1","floor":18},{"not_picked":["Runesmith:CraftProtectio","Runesmith:BackupBattery","Runesmith:HeatExchange"],"picked":"SKIP","floor":19},{"not_picked":["Runesmith:ChiselStab","Runesmith:RuneHurl"],"picked":"Runesmith:BackupBattery","floor":21},{"not_picked":["Runesmith:BackupBattery","Runesmith:Overpower"],"picked":"Runesmith:LithiumIon","floor":23},{"not_picked":["Runesmith:UnstableHammer","Runesmith:StaticCage"],"picked":"Runesmith:Reinforce","floor":25},{"not_picked":["Runesmith:EarthShield","Runesmith:HeatExchange"],"picked":"Runesmith:Refine","floor":26},{"not_picked":["Runesmith:CraftProtectio+1","Runesmith:BackupBattery"],"picked":"Runesmith:CraftMagma","floor":28},{"not_picked":["Runesmith:HeatExchange+1","Runesmith:GoWithTheFlow"],"picked":"Runesmith:CreatorForm","floor":29},{"not_picked":["Runesmith:RuneHurl+1","Runesmith:BackupBattery+1","Runesmith:StaticCage"],"picked":"SKIP","floor":35},{"not_picked":["Runesmith:StaticCage+1","Runesmith:UnstableHammer"],"picked":"Runesmith:ShiftingStrike+1","floor":41},{"not_picked":["Runesmith:GenerateForcefield","Runesmith:FrozenChisel+1"],"picked":"Runesmith:GoWithTheFlow","floor":44}],"player_experience":1778393,"relics_obtained":[{"floor":3,"key":"Tiny Chest"},{"floor":5,"key":"Happy Flower"},{"floor":9,"key":"Whetstone"},{"floor":10,"key":"construct:FoamFinger"},{"floor":23,"key":"hubris:TinFlute"},{"floor":26,"key":"Iron Hammer"},{"floor":26,"key":"HornCleat"},{"floor":30,"key":"hubris:BottledRain"},{"floor":43,"key":"hubris:SphereOfDissonance"}],"event_choices":[{"damage_healed":0,"gold_gain":0,"player_choice":"Obtained Relic","damage_taken":0,"relics_obtained":["Grinning Jar"],"max_hp_gain":0,"max_hp_loss":0,"event_name":"Addict","floor":31,"gold_loss":85}],"is_beta":false,"boss_relics":[{"not_picked":["hubris:HollowSoul","Velvet Choker"],"picked":"construct:WeddingRing"},{"not_picked":["SacredBark","Tiny House"],"picked":"aspiration:RunicSpoon"}],"items_purged_floors":[22,36,38],"is_endless":false,"potions_floor_spawned":[1,4,5,11,12,16,19,21,28,29,33,41],"killed_by":"3 Darklings","ascension_level":0}}