{"host":"wmz27iczv4t8azac","time":1611614309,"event":{"mods":["AchievementEnabler","BaseMod","Colored Powertips","Minty Spire (QoL Compilation)","Quick Restart","Relic Stats","StSLib"],"gold_per_floor":[13,13,30,30,44,44,75,38,38,38,58,92,107,107,107,185,185,201,201,211,230,250,281,281,281,281],"floor_reached":25,"language":"ENG","playtime":965,"items_purged":[],"score":566,"play_id":"0c378727-6b42-4816-8a11-696de096af2a","local_time":"20210125143829","is_ascension_mode":true,"campfire_choices":[{"data":"1","floor":6.0,"key":"LIFT"},{"floor":10.0,"key":"REST"},{"data":"2","floor":15.0,"key":"LIFT"},{"floor":24,"key":"REST"}],"circlet_count":0,"master_deck":["AscendersBane","Strike_G","Strike_G+1","Strike_G","Strike_G","Strike_G","Defend_G","Defend_G","Defend_G","Defend_G+1","Defend_G","Survivor","Neutralize+1","Heel Hook","Sucker Punch","Dagger Throw","Crippling Poison","Caltrops","Dash","Blade Dance","Corpse Explosion","Riddle With Holes","Flechettes","Cloak And Dagger","Dash+1","Footwork"],"relics":["Ring of the Snake","Girya","Shuriken","Bottled Tornado","Oddly Smooth Stone","Bronze Scales","SlaversCollar","PreservedInsect"],"acts_visited":["Exordium","TheCity"],"potions_floor_usage":[22,23],"damage_taken":[{"damage":2.0,"enemies":"Jaw Worm","floor":1.0,"turns":7.0},{"damage":0.0,"enemies":"2 Louse","floor":3.0,"turns":4.0},{"damage":2.0,"enemies":"Small Slimes","floor":5.0,"turns":2.0},{"damage":22.0,"enemies":"Gremlin Nob","floor":7.0,"turns":4.0},{"damage":9.0,"enemies":"Gremlin Gang","floor":11.0,"turns":4.0},{"damage":7.0,"enemies":"Lagavulin","floor":12.0,"turns":6.0},{"damage":1.0,"enemies":"3 Louse","floor":13.0,"turns":3.0},{"damage":0.0,"enemies":"Hexaghost","floor":16.0,"turns":6.0},{"damage":0,"enemies":"Chosen","floor":18,"turns":3},{"damage":5,"enemies":"Spheric Guardian","floor":20,"turns":3},{"damage":5,"enemies":"Centurion and Healer","floor":21,"turns":4},{"damage":25,"enemies":"Shelled Parasite and Fungi","floor":22,"turns":4},{"damage":13,"enemies":"Slavers","floor":23,"turns":4},{"damage":32,"enemies":"Gremlin Leader","floor":25,"turns":3}],"seed_played":"-3587652924233492084","potions_obtained":[{"floor":1.0,"key":"Dexterity Potion"},{"floor":11.0,"key":"AttackPotion"},{"floor":12.0,"key":"Strength Potion"},{"floor":21,"key":"Swift Potion"},{"floor":22,"key":"FearPotion"}],"is_trial":false,"path_per_floor":["M","?","M","?","M","R","E","$","T","R","M","E","M","?","R","B",null,"M","?","M","M","M","E","R","E"],"character_chosen":"THE_SILENT","items_purchased":["Caltrops"],"campfire_rested":2,"item_purchase_floors":[8],"current_hp_per_floor":[57,57,57,37,35,35,13,13,13,32,23,16,15,10,10,10,52,52,52,47,42,17,4,23,0,0],"gold":281,"neow_bonus":"ONE_RARE_RELIC","is_daily":false,"chose_seed":false,"campfire_upgraded":0,"win_rate":0.0,"timestamp":1611614309,"path_taken":["M","?","M","?","M","R","E","$","T","R","M","E","M","?","R","BOSS","M","?","M","?","M","E","R","E"],"items_purchased_type":["Card"],"build_version":"2020-12-22","purchased_purges":0,"victory":false,"max_hp_per_floor":[66,66,66,66,66,66,66,66,66,66,66,66,66,66,66,66,66,66,66,66,66,66,66,66,66,66],"relic_stats":{"counters":[14,57],"Shuriken":[24],"Bronze Scales":[78],"PreservedInsect":48,"obtain_stats":[{"Girya":0,"SlaversCollar":17,"Shuriken":7,"Bronze Scales":14,"Oddly Smooth Stone":12,"PreservedInsect":23,"Bottled Tornado":9,"Ring of the Snake":0},{"Girya":0,"SlaversCollar":8,"Shuriken":4,"Bronze Scales":7,"Oddly Smooth Stone":6,"PreservedInsect":13,"Bottled Tornado":4,"Ring of the Snake":0},{"Girya":0,"SlaversCollar":36,"Shuriken":17,"Bronze Scales":30,"Oddly Smooth Stone":27,"PreservedInsect":54,"Bottled Tornado":17,"Ring of the Snake":0}],"Ring of the Snake":[28]},"card_choices":[{"not_picked":["Footwork","Deadly Poison"],"picked":"Heel Hook","floor":1.0},{"not_picked":["Eviscerate","Poisoned Stab"],"picked":"Sucker Punch","floor":3.0},{"not_picked":["Acrobatics","Eviscerate"],"picked":"Dagger Throw","floor":5.0},{"not_picked":["Blur","Skewer"],"picked":"Crippling Poison","floor":7.0},{"not_picked":["Reflex","Outmaneuver","Bane"],"picked":"SKIP","floor":11.0},{"not_picked":["Poisoned Stab","Deadly Poison"],"picked":"Dash","floor":12.0},{"not_picked":["Deadly Poison","Cloak And Dagger"],"picked":"Blade Dance","floor":13.0},{"not_picked":["Doppelganger","Tools of the Trade"],"picked":"Corpse Explosion","floor":16.0},{"not_picked":["Bouncing Flask","Bane"],"picked":"Riddle With Holes","floor":18},{"not_picked":["PiercingWail","Dagger Throw"],"picked":"Cloak And Dagger","floor":20},{"not_picked":["Outmaneuver","Crippling Poison","Bane"],"picked":"SKIP","floor":21},{"not_picked":["Dagger Spray","Quick Slash+1"],"picked":"Dash+1","floor":22},{"not_picked":["Underhanded Strike","Backflip"],"picked":"Footwork","floor":23}],"player_experience":934239,"relics_obtained":[{"floor":7.0,"key":"Shuriken"},{"floor":9.0,"key":"Bottled Tornado"},{"floor":12.0,"key":"Oddly Smooth Stone"},{"floor":23,"key":"PreservedInsect"}],"event_choices":[{"damage_healed":0.0,"max_hp_gain":0.0,"max_hp_loss":0.0,"gold_gain":0.0,"event_name":"Living Wall","player_choice":"Grow","floor":2.0,"gold_loss":0.0,"damage_taken":0.0,"cards_upgraded":["Neutralize"]},{"damage_healed":0.0,"max_hp_gain":0.0,"max_hp_loss":0.0,"gold_gain":0.0,"event_name":"Shining Light","player_choice":"Entered Light","floor":4.0,"gold_loss":0.0,"damage_taken":20.0,"cards_upgraded":["Defend_G","Strike_G"]},{"damage_healed":0.0,"max_hp_gain":0.0,"max_hp_loss":0.0,"gold_gain":0.0,"event_name":"Scrap Ooze","player_choice":"Success","floor":14.0,"gold_loss":0.0,"damage_taken":5.0,"relics_obtained":["Bronze Scales"]},{"damage_healed":0,"gold_gain":0,"player_choice":"1 cards matched","damage_taken":0,"max_hp_gain":0,"max_hp_loss":0,"event_name":"Match and Keep!","floor":19,"gold_loss":0,"cards_obtained":["Flechettes"]}],"is_beta":false,"boss_relics":[{"not_picked":["Ring of the Serpent","Empty Cage"],"picked":"SlaversCollar"}],"items_purged_floors":[],"is_endless":false,"potions_floor_spawned":[1,11,12,21,22],"killed_by":"Gremlin Leader","ascension_level":20}}