{"host":"Mute","time":1611616923,"event":{"mods":["BaseMod","Colored Map","Downfall","Minty Spire (QoL Compilation)","StSLib"],"gold_per_floor":[99,118,137,137,137,137,137,151,151,185,199,212,231,231,244,244,244,244],"floor_reached":16,"language":"ENG","playtime":1034,"items_purged":[],"score":104,"play_id":"a1991e44-b8b4-4dba-b42b-e40fc328ce91","local_time":"20210125182203","is_ascension_mode":false,"campfire_choices":[{"data":"hexamod:Sear","floor":1,"key":"SMITH"},{"data":"hexamod:Sear","floor":9,"key":"SMITH"}],"circlet_count":0,"master_deck":["hexamod:Strike","hexamod:Strike","hexamod:Strike","hexamod:Defend","hexamod:Defend","hexamod:Defend","hexamod:Defend","hexamod:Sear+1","hexamod:Float","hexamod:FastForward","hexamod:DynamicBlow","hexamod:Sear+1","hexamod:TimeOfNeed","hexamod:InspiringFlames","hexamod:RecurringNightmare","hexamod:CatchUp","hexamod:EmpoweredFlame","hexamod:PowerFromBeyond","hexamod:PowerFromBeyond"],"relics":["hexamod:SpiritBrand","Incense Burner","Letter Opener","Matryoshka"],"acts_visited":["Exordium"],"potions_floor_usage":[],"damage_taken":[{"damage":0,"enemies":"2 Louse","floor":2,"turns":3},{"damage":6,"enemies":"Jaw Worm","floor":3,"turns":3},{"damage":0,"enemies":"Cultist","floor":6,"turns":1},{"damage":0,"enemies":"Large Slime","floor":8,"turns":3},{"damage":12,"enemies":"Lagavulin","floor":10,"turns":6},{"damage":0,"enemies":"3 Louse","floor":11,"turns":4},{"damage":7,"enemies":"Blue Slaver","floor":12,"turns":3},{"damage":5,"enemies":"Exordium Wildlife","floor":13,"turns":3},{"damage":26,"enemies":"Gremlin Gang","floor":15,"turns":5},{"damage":19,"enemies":"DF_ARCHETYPE_STREAMLINE","floor":16,"turns":3}],"seed_played":"2651906718082263142","potions_obtained":[{"floor":3,"key":"ColorlessPotion"},{"floor":8,"key":"SkillPotion"},{"floor":10,"key":"Swift Potion"}],"is_trial":false,"path_per_floor":["R","M","M","?","?","M","T","M","R","E","M","M","M","?","M","B"],"character_chosen":"THE_SPIRIT","items_purchased":[],"campfire_rested":0,"item_purchase_floors":[],"current_hp_per_floor":[63,63,57,57,57,57,57,57,57,45,45,38,33,33,7,0,0,0],"gold":244,"neow_bonus":"ONE_RARE_RELIC","is_daily":false,"chose_seed":false,"campfire_upgraded":2,"win_rate":0.0,"timestamp":1611616923,"path_taken":["R","M","M","?","?","M","T","M","R","E","M","M","?","?","M","BOSS"],"items_purchased_type":[],"build_version":"2020-12-18","purchased_purges":0,"victory":false,"max_hp_per_floor":[63,63,63,63,63,63,63,63,63,63,63,63,63,63,63,63,63,63],"card_choices":[{"not_picked":["hexamod:GhostLash","hexamod:BacktrackSmack"],"picked":"hexamod:FastForward","floor":2},{"not_picked":["hexamod:Rewind","hexamod:Incineration"],"picked":"hexamod:DynamicBlow","floor":3},{"not_picked":["hexamod:BurningTouch","hexamod:BacktrackSmack"],"picked":"hexamod:InspiringFlames","floor":6},{"not_picked":["hexamod:SecondSeal","hexamod:SpectersWail"],"picked":"hexamod:RecurringNightmare","floor":8},{"not_picked":["hexamod:UnlimitedPower","hexamod:NecessarySacrifice","hexamod:GhostOfSpirePast"],"picked":"SKIP","floor":10},{"not_picked":["hexamod:PhantomCloak","hexamod:ThermalTransfer"],"picked":"hexamod:CatchUp","floor":11},{"not_picked":["hexamod:NightmareStrike","hexamod:CatchUp"],"picked":"hexamod:EmpoweredFlame","floor":12},{"not_picked":["hexamod:NightmareStrike","hexamod:HauntingEcho"],"picked":"hexamod:PowerFromBeyond","floor":13},{"not_picked":["hexamod:ThermalTransfer","hexamod:SpectersWail"],"picked":"hexamod:PowerFromBeyond","floor":15}],"player_experience":448524,"relics_obtained":[{"floor":7,"key":"Letter Opener"},{"floor":10,"key":"Matryoshka"}],"event_choices":[],"is_beta":true,"boss_relics":[],"items_purged_floors":[],"is_endless":false,"potions_floor_spawned":[3,8,10,15],"killed_by":"DF_ARCHETYPE_STREAMLINE","ascension_level":0}}