{"host":"n9lc5i44t98l6pio","time":1611535171,"event":{"mods":["BaseMod","Curses Come First","Downfall","Minty Spire (QoL Compilation)","Replay The Spire","Say the Spire","StSLib"],"gold_per_floor":[117,292,310,382,395,395,425,425,425,425,80,105,118,105,105,208,208,228,143,143,143,143,143,159,184,252,252,252],"floor_reached":27,"language":"ENG","playtime":1266,"items_purged":["ReplayTheSpireMod:Splinters"],"score":275,"play_id":"b13e537a-16d7-467b-a75f-2524f2311f68","local_time":"20210125013931","is_ascension_mode":true,"campfire_choices":[{"floor":6.0,"key":"RECALL"},{"floor":10,"key":"REST"},{"floor":15,"key":"REST"},{"floor":23,"key":"REST"}],"circlet_count":0,"master_deck":["Strike_B","Strike_B","Strike_B","Strike_B","Defend_B","Defend_B","Defend_B","Defend_B","Zap","Dualcast","Heatsinks","Static Discharge","Conserve Battery","Buffer","Defragment","BasicCrystalCard","BasicCrystalCard","ReplayTheSpireMod:Calculation Training","Defragment","Coolheaded","Heatsinks","Lockon","Echo Form","BasicCrystalCard+1","Redo","Cold Snap"],"relics":["Cracked Core","NeowsBlessing","Pear","DollysMirror","Bag of Marbles","Ring of Chaos","Regal Pillow","sneckomod:BabySnecko","Spirit Poop","Incense Burner","Kunai"],"acts_visited":["Exordium","TheCity"],"potions_floor_usage":[13,16,16,24],"damage_taken":[{"damage":0.0,"enemies":"2 Louse","floor":1.0,"turns":1.0},{"damage":0.0,"enemies":"Small Slimes","floor":3.0,"turns":1.0},{"damage":0.0,"enemies":"Cultist","floor":5.0,"turns":1.0},{"damage":53.0,"enemies":"Gremlin Nob","floor":7.0,"turns":6.0},{"damage":22,"enemies":"Lagavulin","floor":12,"turns":7},{"damage":3,"enemies":"Large Slime","floor":13,"turns":5},{"damage":19,"enemies":"Exordium Thugs","floor":14,"turns":5},{"damage":52,"enemies":"Fading Forest","floor":16,"turns":11},{"damage":32,"enemies":"3 Byrds","floor":18,"turns":5},{"damage":40,"enemies":"2 Thieves","floor":24,"turns":3},{"damage":65,"enemies":"Slavers","floor":25,"turns":5},{"damage":14,"enemies":"Snake Plant","floor":27,"turns":1}],"seed_played":"9216260550506485186","potions_obtained":[{"floor":1.0,"key":"Elixir"},{"floor":4.0,"key":"Toxic Potion"},{"floor":4.0,"key":"FairyPotion"},{"floor":4.0,"key":"Fruit Juice"},{"floor":7.0,"key":"GamblersBrew"},{"floor":12,"key":"Explosive Potion"},{"floor":14,"key":"Block Potion"},{"floor":18,"key":"ColorlessPotion"},{"floor":25,"key":"PotionOfCapacity"}],"is_trial":false,"path_per_floor":["M","?","M","?","M","R","E","?","T","R","$","E","M","M","R","B",null,"M","?","?","?","?","R","M","E","T","M"],"character_chosen":"DEFECT","items_purchased":["BasicCrystalCard","ReplayTheSpireMod:Calculation Training","DollysMirror"],"campfire_rested":3,"item_purchase_floors":[11,11,11],"current_hp_per_floor":[75,75,75,80,80,80,37,37,37,64,64,42,39,20,47,13,90,58,58,58,58,58,90,50,13,13,0,0],"gold":252,"neow_bonus":"THREE_ENEMY_KILL","is_daily":false,"chose_seed":false,"campfire_upgraded":0,"win_rate":0.0,"timestamp":1611535171,"path_taken":["M","?","M","?","M","R","E","?","T","R","$","E","M","M","R","BOSS","M","?","?","?","?","R","M","E","T","M"],"items_purchased_type":["Card","Card","Relic"],"build_version":"2020-12-22","purchased_purges":1,"victory":false,"max_hp_per_floor":[75,75,75,80,80,80,90,90,90,90,90,90,90,90,90,90,90,90,90,90,90,90,90,90,90,90,90,90],"card_choices":[{"not_picked":["ReplayGash","Rebound"],"picked":"Heatsinks","floor":1.0},{"not_picked":["Time Bomb","Steam"],"picked":"Static Discharge","floor":3.0},{"not_picked":["Sweeping Beam","Stack"],"picked":"Conserve Battery","floor":4.0},{"not_picked":["Conserve Battery","Go for the Eyes"],"picked":"Buffer","floor":5.0},{"not_picked":["ReplayGash","Redo"],"picked":"Defragment","floor":7.0},{"not_picked":["Gash","ReplayTheSpireMod:Reroute Power"],"picked":"Coolheaded","floor":12},{"not_picked":["Rip and Tear","Compile Driver"],"picked":"Heatsinks","floor":13},{"not_picked":["Time Bomb","Auto Shields"],"picked":"Lockon","floor":14},{"not_picked":["Amplify","Thunder Strike"],"picked":"Echo Form","floor":16},{"not_picked":["Panic Button+1","Streamline+1"],"picked":"BasicCrystalCard+1","floor":18},{"not_picked":["ReplayGash","Turbo"],"picked":"Redo","floor":24},{"not_picked":["Barrage+1","Steam+1"],"picked":"Cold Snap","floor":25}],"player_experience":193631,"relics_obtained":[{"floor":7.0,"key":"Pear"},{"floor":12,"key":"Bag of Marbles"},{"floor":25,"key":"Incense Burner"},{"floor":26,"key":"Kunai"}],"event_choices":[{"damage_healed":0.0,"max_hp_gain":0.0,"max_hp_loss":0.0,"gold_gain":175.0,"event_name":"Liars Game","player_choice":"AGREE","floor":2.0,"gold_loss":0.0,"damage_taken":0.0,"cards_obtained":["Doubt"]},{"cards_removed":["Doubt"],"damage_healed":0,"gold_gain":0,"player_choice":"Forget","damage_taken":0,"max_hp_gain":0,"max_hp_loss":0,"event_name":"Living Wall","floor":8,"gold_loss":0},{"damage_healed":0,"gold_gain":0,"player_choice":"Obtained Relic","damage_taken":0,"relics_obtained":["Regal Pillow"],"max_hp_gain":0,"max_hp_loss":0,"event_name":"Addict","floor":19,"gold_loss":85},{"cards_removed":["downfall:Bewildered"],"damage_healed":0,"gold_gain":0,"player_choice":"Offered Curse","damage_taken":0,"relics_obtained":["Spirit Poop"],"max_hp_gain":0,"max_hp_loss":0,"event_name":"Bonfire Elementals","floor":22,"gold_loss":0}],"is_beta":false,"boss_relics":[{"not_picked":["Coffee Dripper","Empty Cage"],"picked":"Ring of Chaos"}],"items_purged_floors":[11],"is_endless":false,"potions_floor_spawned":[1,7,12,14,18,25],"killed_by":"Snake Plant","ascension_level":1}}