{"host":"v3mpq6flurzldi5g","time":1611617911,"event":{"mods":["AchievementEnabler","BaseMod","Colored Powertips","Highlight Path","Minty Spire (QoL Compilation)","StSLib"],"gold_per_floor":[114,127,146,146,2,2,332,347,347,347,362,67,67,83,83,181,181,201,50,50,67,93,93,112,137,137,152,152,163,163,163,163,260,260,271,95,95,95,114,114,114,114],"floor_reached":41,"language":"ENG","playtime":2338,"items_purged":["Strike_G","Parasite"],"score":658,"play_id":"1839bfed-64f0-478f-ba7d-ed698692620f","local_time":"20210125183831","is_ascension_mode":true,"campfire_choices":[{"data":"Defend_G","floor":6,"key":"SMITH"},{"floor":10,"key":"REST"},{"floor":15,"key":"REST"},{"data":"Defend_G","floor":23,"key":"SMITH"},{"floor":28,"key":"REST"},{"floor":32,"key":"REST"},{"data":"Footwork","floor":40,"key":"SMITH"}],"circlet_count":0,"master_deck":["AscendersBane","Strike_G","Strike_G","Strike_G","Defend_G","Defend_G","Defend_G","Defend_G+1","Defend_G+1","Survivor","Neutralize","Cloak And Dagger","Footwork+1","Poisoned Stab","Noxious Fumes","Bane","Well Laid Plans","Phantasmal Killer","Backflip","Catalyst","Noxious Fumes","Dagger Spray","Envenom","Footwork+1","Footwork+1","Blur"],"relics":["Ring of the Snake","Strawberry","Old Coin","Calipers","Incense Burner","Cursed Key","TwistedFunnel","Orichalcum","Letter Opener","Pantograph","Black Star"],"acts_visited":["Exordium","TheCity","TheBeyond"],"potions_floor_usage":[16,16,24,33],"damage_taken":[{"damage":4,"enemies":"Cultist","floor":1,"turns":6},{"damage":2,"enemies":"Small Slimes","floor":2,"turns":3},{"damage":3,"enemies":"Jaw Worm","floor":3,"turns":6},{"damage":20,"enemies":"Lagavulin","floor":7,"turns":8},{"damage":18,"enemies":"Lots of Slimes","floor":8,"turns":6},{"damage":1,"enemies":"Exordium Thugs","floor":11,"turns":6},{"damage":10,"enemies":"2 Fungi Beasts","floor":14,"turns":4},{"damage":14,"enemies":"Hexaghost","floor":16,"turns":11},{"damage":4,"enemies":"Spheric Guardian","floor":18,"turns":6},{"damage":7,"enemies":"Shell Parasite","floor":21,"turns":5},{"damage":13,"enemies":"Sentry and Sphere","floor":24,"turns":7},{"damage":29,"enemies":"Book of Stabbing","floor":25,"turns":7},{"damage":1,"enemies":"3 Cultists","floor":27,"turns":7},{"damage":1,"enemies":"Chosen and Byrds","floor":29,"turns":4},{"damage":59,"enemies":"Automaton","floor":33,"turns":12},{"damage":36,"enemies":"3 Darklings","floor":35,"turns":5},{"damage":8,"enemies":"Orb Walker","floor":39,"turns":5},{"damage":57,"enemies":"2 Orb Walkers","floor":41,"turns":4}],"seed_played":"-4732569159196053105","potions_obtained":[{"floor":8,"key":"Strength Potion"},{"floor":14,"key":"AttackPotion"},{"floor":21,"key":"DistilledChaos"},{"floor":27,"key":"Weak Potion"}],"is_trial":false,"path_per_floor":["M","M","M","?","$","R","E","M","T","R","M","$","?","M","R","B",null,"M","$","$","M","T","R","M","E","T","M","R","M","?","?","R","B",null,"M","$","?","?","M","R","?"],"character_chosen":"THE_SILENT","items_purchased":["Noxious Fumes","Incense Burner","TwistedFunnel","Footwork"],"campfire_rested":4,"item_purchase_floors":[5,12,19,36],"current_hp_per_floor":[66,64,61,61,61,61,41,23,23,46,45,45,45,35,58,44,69,65,65,65,58,58,58,45,16,16,15,38,37,37,37,60,18,62,26,26,65,65,57,57,0,0],"gold":114,"neow_bonus":"RANDOM_COMMON_RELIC","is_daily":false,"chose_seed":false,"campfire_upgraded":3,"win_rate":0.0,"timestamp":1611617911,"path_taken":["M","M","?","?","$","R","E","?","T","R","M","$","?","M","R","BOSS","M","?","$","M","?","R","M","E","T","M","R","M","?","?","R","BOSS","M","$","?","?","?","R","?"],"items_purchased_type":["Card","Relic","Relic","Card"],"build_version":"2020-12-22","purchased_purges":2,"victory":false,"max_hp_per_floor":[77,77,77,77,77,77,77,77,77,77,77,77,77,77,77,77,77,77,77,77,77,77,77,77,77,77,77,77,77,77,77,77,77,77,77,74,65,65,65,65,65,65],"card_choices":[{"not_picked":["Deadly Poison","Masterful Stab"],"picked":"Cloak And Dagger","floor":1},{"not_picked":["Sucker Punch","Cloak And Dagger"],"picked":"Footwork","floor":2},{"not_picked":["Deflect","Quick Slash"],"picked":"Poisoned Stab","floor":3},{"not_picked":["Acrobatics","Dagger Throw"],"picked":"Bane","floor":7},{"not_picked":["Eviscerate","Flying Knee","Cloak And Dagger"],"picked":"SKIP","floor":8},{"not_picked":["Concentrate","Setup","Flying Knee"],"picked":"SKIP","floor":11},{"not_picked":["Riddle With Holes","Bouncing Flask"],"picked":"Well Laid Plans","floor":14},{"not_picked":["Die Die Die","Grand Finale"],"picked":"Phantasmal Killer","floor":16},{"not_picked":["Reflex","Prepared"],"picked":"Backflip","floor":18},{"not_picked":["Expertise","Slice","Tactician"],"picked":"SKIP","floor":21},{"not_picked":["Deadly Poison","Skewer","Acrobatics"],"picked":"SKIP","floor":24},{"not_picked":["Poisoned Stab","Deflect"],"picked":"Catalyst","floor":25},{"not_picked":["Slice","Underhanded Strike"],"picked":"Noxious Fumes","floor":27},{"not_picked":["Flying Knee","Acrobatics"],"picked":"Dagger Spray","floor":29},{"not_picked":["Tools of the Trade","Grand Finale"],"picked":"Envenom","floor":33},{"not_picked":["Concentrate+1","Flying Knee","Dodge and Roll"],"picked":"SKIP","floor":35},{"not_picked":["Blade Dance","Crippling Poison+1"],"picked":"Blur","floor":39}],"player_experience":1065390,"relics_obtained":[{"floor":7,"key":"Old Coin"},{"floor":9,"key":"Calipers"},{"floor":22,"key":"Orichalcum"},{"floor":25,"key":"Letter Opener"},{"floor":26,"key":"Pantograph"}],"event_choices":[{"cards_removed":["Strike_G"],"damage_healed":0,"gold_gain":0,"player_choice":"Purged","damage_taken":0,"max_hp_gain":0,"max_hp_loss":0,"event_name":"Purifier","floor":4,"gold_loss":0},{"damage_healed":0,"gold_gain":0,"player_choice":"Forge","damage_taken":0,"max_hp_gain":0,"max_hp_loss":0,"event_name":"Accursed Blacksmith","floor":13,"gold_loss":0,"cards_upgraded":["Footwork"]},{"damage_healed":0,"gold_gain":0,"player_choice":"Ignored","damage_taken":0,"max_hp_gain":0,"max_hp_loss":0,"event_name":"Ghosts","floor":30,"gold_loss":0},{"cards_removed":["Regret"],"damage_healed":0,"gold_gain":0,"player_choice":"Purged","damage_taken":0,"max_hp_gain":0,"max_hp_loss":0,"event_name":"Purifier","floor":31,"gold_loss":0},{"damage_healed":65,"gold_gain":0,"player_choice":"Heal","damage_taken":0,"max_hp_gain":0,"max_hp_loss":9,"event_name":"The Moai Head","floor":37,"gold_loss":0},{"damage_healed":0,"gold_gain":0,"player_choice":"Copied","damage_taken":0,"max_hp_gain":0,"max_hp_loss":0,"event_name":"Duplicator","floor":38,"gold_loss":0,"cards_obtained":["Footwork"]},{"damage_healed":0,"gold_gain":0,"player_choice":"Fight","damage_taken":0,"max_hp_gain":0,"max_hp_loss":0,"event_name":"Mysterious Sphere","floor":41,"gold_loss":0}],"is_beta":false,"boss_relics":[{"not_picked":["Runic Pyramid","Astrolabe"],"picked":"Cursed Key"},{"not_picked":["WristBlade","HoveringKite"],"picked":"Black Star"}],"items_purged_floors":[5,36],"is_endless":false,"potions_floor_spawned":[8,14,21,27],"killed_by":"2 Orb Walkers","ascension_level":12}}