{"host":"z8galgznf6llawpn","time":1611604295,"event":{"mods":["AchievementEnabler","Act Like it!","BaseMod","Colored Map","Defuse TimeMaze Blight","Downfall","Friendly Minions","GifTheSpireLib","Minty Spire (QoL Compilation)","Permanent Neow","Somnambulant","StSLib","Unceasing Turn Reminder"],"gold_per_floor":[99,118,132,149,160,191,191,210,110,135,135,161,161,3,18,121,121,121,137,237,251,251,284,310,310,326,326,122,154,258,269,289,384,384,284,303,313,331,331,347,371,385,410,424,474,503,503,503,522,522],"floor_reached":51,"language":"ENG","playtime":4501,"items_purged":[],"score":871,"play_id":"8573b13c-9571-4a11-a581-ec616095857c","local_time":"20210125145135","is_ascension_mode":false,"campfire_choices":[{"data":"hexamod:Sear","floor":1.0,"key":"SMITH"},{"data":"hexamod:SoulSteal","floor":9.0,"key":"SMITH"},{"data":"hexamod:BurningTouch","floor":13.0,"key":"SMITH"},{"floor":18.0,"key":"RECALL"},{"data":"hexamod:HexaLevel","floor":25.0,"key":"SMITH"},{"data":"hexamod:ForkedFlame","floor":35.0,"key":"SMITH"},{"data":"hexamod:FastForward","floor":47,"key":"SMITH"}],"circlet_count":0,"master_deck":["hexamod:Strike+1","hexamod:Strike","hexamod:Strike+1","hexamod:Strike","hexamod:Defend","hexamod:Defend","hexamod:Defend","hexamod:Defend","hexamod:Sear+1","hexamod:Float","hexamod:NightmareGuise","hexamod:FastForward+1","hexamod:Hexaguard","hexamod:GhostOfSpireFuture","hexamod:SoulSteal+1","hexamod:ThermalTransfer","hexamod:FastForward","hexamod:RainOfEmbers","hexamod:BurningTouch+1","hexamod:ForkedFlame+1","hexamod:Firestarter","hexamod:HexaLevel+1","hexamod:EmpoweredFlame","hexamod:FastForward","hexamod:ForkedFlame+1","hexamod:SearingWound+1","hexamod:RadiantFlame","hexamod:BurningTouch+1","hexamod:CatchUp+1","hexamod:WildfireWeapon","hexamod:InspiringFlames+1","hexamod:ChargedBarrage+1","hexamod:ThermalTransfer+1"],"relics":["hexamod:SpiritBrand","MealTicket","Art of War","downfall:HeartBlessingGreen","Darkstone Periapt","Akabeko","FossilizedHelix","hexamod:MatchstickCase","Black Star","Turnip","Molten Egg 2","InkBottle","Toxic Egg 2","Dream Catcher","Pen Nib","sneckomod:BabySnecko","Whetstone","Meat on the Bone","Smiling Mask","Happy Flower","Busted Crown","downfall:HeartBlessingRed","Orichalcum","Nunchaku","PreservedInsect","Lizard Tail","Shuriken","Vajra"],"acts_visited":["Exordium","TheCity","TheBeyond"],"potions_floor_usage":[],"damage_taken":[{"damage":0.0,"enemies":"Cultist","floor":2.0,"turns":3.0},{"damage":0.0,"enemies":"2 Louse","floor":3.0,"turns":3.0},{"damage":0.0,"enemies":"Jaw Worm","floor":4.0,"turns":3.0},{"damage":6.0,"enemies":"2 Fungi Beasts","floor":5.0,"turns":3.0},{"damage":17.0,"enemies":"3 Sentries","floor":6.0,"turns":6.0},{"damage":4.0,"enemies":"3 Louse","floor":8.0,"turns":6.0},{"damage":5.0,"enemies":"Gremlin Nob","floor":10.0,"turns":4.0},{"damage":0.0,"enemies":"Lagavulin","floor":12.0,"turns":4.0},{"damage":0.0,"enemies":"downfall:FleeingMerchant","floor":14.0,"turns":4.0},{"damage":2.0,"enemies":"Exordium Thugs","floor":15.0,"turns":3.0},{"damage":22.0,"enemies":"DF_ARCHETYPE_STREAMLINE","floor":16.0,"turns":8.0},{"damage":0.0,"enemies":"Chosen","floor":19.0,"turns":3.0},{"damage":20.0,"enemies":"WA_ARCHETYPE_RETAIN","floor":20.0,"turns":7.0},{"damage":0.0,"enemies":"Spheric Guardian","floor":21.0,"turns":5.0},{"damage":24.0,"enemies":"Book of Stabbing","floor":23.0,"turns":5.0},{"damage":0.0,"enemies":"3 Cultists","floor":26.0,"turns":3.0},{"damage":0.0,"enemies":"downfall:FleeingMerchant","floor":28.0,"turns":4.0},{"damage":0.0,"enemies":"Gremlin Leader","floor":29.0,"turns":3.0},{"damage":0.0,"enemies":"downfall:FleeingMerchant","floor":30.0,"turns":3.0},{"damage":0.0,"enemies":"Chosen and Byrds","floor":31.0,"turns":3.0},{"damage":0.0,"enemies":"Centurion and Healer","floor":32.0,"turns":4.0},{"damage":23.0,"enemies":"SI_MIRROR_ARCHETYPE","floor":33.0,"turns":5.0},{"damage":0.0,"enemies":"3 Shapes","floor":36.0,"turns":3.0},{"damage":0.0,"enemies":"Orb Walker","floor":37.0,"turns":3.0},{"damage":0.0,"enemies":"4 Shapes","floor":38.0,"turns":4.0},{"damage":0.0,"enemies":"Sphere and 2 Shapes","floor":40.0,"turns":4.0},{"damage":0.0,"enemies":"Transient","floor":42.0,"turns":5.0},{"damage":4.0,"enemies":"Giant Head","floor":43.0,"turns":8.0},{"damage":8.0,"enemies":"Maw","floor":44.0,"turns":5.0},{"damage":12.0,"enemies":"Maw","floor":45.0,"turns":3.0},{"damage":13,"enemies":"Reptomancer","floor":46,"turns":3},{"damage":0,"enemies":"Spire Growth","floor":49,"turns":4},{"damage":22,"enemies":"WA_ARCHETYPE_DIVINITY","floor":50,"turns":7}],"seed_played":"-2961380754521419930","potions_obtained":[{"floor":3.0,"key":"DistilledChaos"},{"floor":5.0,"key":"hexamod:InfernoChargePotion"},{"floor":6.0,"key":"Block Potion"},{"floor":21.0,"key":"DistilledChaos"}],"is_trial":false,"path_per_floor":["R","M","M","M","M","E","T","M","R","E","?","E","R","$","M","B",null,"R","M","?","M","?","E","T","R","M","?","$","E","$","M","M","B",null,"R","M","M","M","?","M","T","M","E","M","?","E","R","?","M","B",null],"character_chosen":"THE_SPIRIT","items_purchased":["hexamod:MatchstickCase","Whetstone","hexamod:RadiantFlame","Happy Flower","hexamod:CatchUp+1"],"campfire_rested":0,"item_purchase_floors":[14,28,28,30,30],"current_hp_per_floor":[70,70,70,70,64,47,47,43,43,38,26,26,26,41,39,17,70,70,70,50,50,56,32,32,32,32,38,53,53,68,68,68,45,82,82,82,82,82,82,82,82,82,78,70,58,45,45,45,45,35],"gold":522,"neow_bonus":"THREE_CARDS","is_daily":false,"chose_seed":false,"campfire_upgraded":6,"win_rate":0.0,"timestamp":1611604295,"path_taken":["R","M","M","M","M","E","T","?","R","E","?","E","R","$","M","BOSS","R","M","?","M","?","E","T","R","M","?","?","E","$","M","M","BOSS","R","M","M","M","?","M","T","M","E","M","?","E","R","?","M","BOSS"],"items_purchased_type":["Relic","Relic","Card","Relic","Card"],"build_version":"2020-12-22","purchased_purges":0,"victory":true,"max_hp_per_floor":[70,70,70,70,70,70,70,70,70,70,70,70,70,70,70,70,70,70,70,70,70,76,76,76,76,76,82,82,82,82,82,82,82,82,82,82,82,82,82,82,82,82,82,82,82,82,82,82,82,82],"card_choices":[{"not_picked":["hexamod:FastForward","hexamod:SwordOfDarkness"],"picked":"hexamod:NightmareGuise","floor":0.0},{"not_picked":["hexamod:AdvancingGuard","hexamod:NightmareStrike"],"picked":"hexamod:FastForward","floor":2.0},{"not_picked":["hexamod:SwordOfDarkness","hexamod:RetreatToShadows"],"picked":"hexamod:Hexaguard","floor":3.0},{"not_picked":["hexamod:GhostOfSpirePast","hexamod:HauntingEcho"],"picked":"hexamod:GhostOfSpireFuture","floor":4.0},{"not_picked":["hexamod:NightmareGuise","hexamod:SearingWound"],"picked":"hexamod:SoulSteal","floor":5.0},{"not_picked":["hexamod:Haunt","hexamod:RecurringNightmare"],"picked":"hexamod:ThermalTransfer","floor":6.0},{"not_picked":["hexamod:ThermalTransfer","hexamod:SwordOfDarkness"],"picked":"hexamod:FastForward","floor":8.0},{"not_picked":["hexamod:AdvancingGuard","hexamod:FastForward"],"picked":"hexamod:RainOfEmbers","floor":10.0},{"not_picked":["hexamod:RecurringNightmare","hexamod:NightmareGuise"],"picked":"hexamod:BurningTouch","floor":12.0},{"not_picked":["hexamod:NightmareGuise","hexamod:GhostLash"],"picked":"hexamod:ForkedFlame","floor":14.0},{"not_picked":["hexamod:SpectralAdrenaline","hexamod:NightmareStrike"],"picked":"hexamod:Firestarter","floor":15.0},{"not_picked":["hexamod:GhostOfSpirePresent","hexamod:SixthSeal"],"picked":"hexamod:HexaLevel","floor":16.0},{"not_picked":["hexamod:Haunt","hexamod:FirstSeal"],"picked":"hexamod:EmpoweredFlame","floor":19.0},{"not_picked":["hexamod:HeatMetal+1","hexamod:BurningTouch"],"picked":"hexamod:FastForward","floor":20.0},{"not_picked":["hexamod:Firestarter+1","hexamod:SpectersWail+1","hexamod:HauntingEcho+1"],"picked":"SKIP","floor":21.0},{"not_picked":["hexamod:Rewind+1","hexamod:FastForward+1"],"picked":"hexamod:ForkedFlame+1","floor":23.0},{"not_picked":["hexamod:BurningTouch+1","hexamod:ThermalTransfer+1","hexamod:GhostLash+1"],"picked":"SKIP","floor":26.0},{"not_picked":["hexamod:GhostflameBarrier+1","hexamod:ChargedBarrage+1"],"picked":"hexamod:SearingWound+1","floor":28.0},{"not_picked":["hexamod:HauntingEcho+1","hexamod:ThirdSeal"],"picked":"hexamod:BurningTouch+1","floor":29.0},{"not_picked":["hexamod:GhostOfSpireFuture","hexamod:NightmareStrike+1","hexamod:Firestarter+1"],"picked":"SKIP","floor":30.0},{"not_picked":["hexamod:AdvancingGuard+1","hexamod:SwordOfDarkness+1","hexamod:HauntingEcho+1"],"picked":"SKIP","floor":31.0},{"not_picked":["hexamod:GhostOfSpirePresent","hexamod:NightmareGuise+1","hexamod:GhostLash+1"],"picked":"SKIP","floor":32.0},{"not_picked":["hexamod:SearingWound+1","hexamod:SixthSeal"],"picked":"hexamod:WildfireWeapon","floor":33.0},{"not_picked":["hexamod:FourthSeal"],"picked":"SKIP","floor":36.0},{"not_picked":[],"picked":"hexamod:InspiringFlames+1","floor":37.0},{"not_picked":["hexamod:NightmareStrike+1"],"picked":"SKIP","floor":38.0},{"not_picked":["hexamod:Haunt+1"],"picked":"SKIP","floor":40.0},{"not_picked":["hexamod:GhostLash+1"],"picked":"SKIP","floor":42.0},{"not_picked":[],"picked":"hexamod:ChargedBarrage+1","floor":43.0},{"not_picked":["hexamod:RecurringNightmare+1"],"picked":"SKIP","floor":44.0},{"not_picked":[],"picked":"hexamod:ThermalTransfer+1","floor":45.0},{"not_picked":["hexamod:NightmareStrike+1"],"picked":"SKIP","floor":46},{"not_picked":["hexamod:SpectersWail+1"],"picked":"SKIP","floor":49}],"player_experience":415551,"relics_obtained":[{"floor":6.0,"key":"MealTicket"},{"floor":7.0,"key":"Art of War"},{"floor":10.0,"key":"Darkstone Periapt"},{"floor":12.0,"key":"FossilizedHelix"},{"floor":20.0,"key":"Turnip"},{"floor":20.0,"key":"Molten Egg 2"},{"floor":23.0,"key":"Toxic Egg 2"},{"floor":23.0,"key":"Dream Catcher"},{"floor":24.0,"key":"Pen Nib"},{"floor":29.0,"key":"Meat on the Bone"},{"floor":29.0,"key":"Smiling Mask"},{"floor":41.0,"key":"Orichalcum"},{"floor":43.0,"key":"Nunchaku"},{"floor":43.0,"key":"PreservedInsect"},{"floor":45.0,"key":"Lizard Tail"},{"floor":46,"key":"Shuriken"},{"floor":46,"key":"Vajra"}],"event_choices":[{"damage_healed":0.0,"max_hp_gain":0.0,"max_hp_loss":0.0,"gold_gain":0.0,"event_name":"Scrap Ooze","player_choice":"Success","floor":11.0,"gold_loss":0.0,"damage_taken":12.0,"relics_obtained":["Akabeko"]}],"is_beta":false,"boss_relics":[{"not_picked":["hexamod:UnbrokenSoul","Philosopher\u0027s Stone"],"picked":"Black Star"},{"not_picked":["Runic Pyramid","hexamod:IceCube"],"picked":"Busted Crown"}],"items_purged_floors":[],"is_endless":false,"potions_floor_spawned":[3,5,6,8,15,19,21,29,31,37,42,43,46,49],"ascension_level":0}}