{"host":"rl5ku05escnl5kxo","time":1611551084,"event":{"mods":["Act Like it!","BaseMod","Hallownest","Minty Spire (QoL Compilation)","StSLib","The Bug Knight"],"gold_per_floor":[12,12,23,41,58,58,58,73,73,73,73,46,102,136,136,241,241,256,256,267,267,282,282,126,158,158,158,158,158,158,187,187,283,283,299,314,23,23,23],"floor_reached":38,"language":"ENG","playtime":2152,"items_purged":[],"score":429,"play_id":"6b095495-74bc-46b6-b42c-0595f76f39c2","local_time":"20210124210444","is_ascension_mode":true,"campfire_choices":[{"data":"HollowMod:SoulStrike","floor":6,"key":"SMITH"},{"data":"HollowMod:CycloneSlash","floor":11,"key":"SMITH"},{"floor":15,"key":"REST"},{"floor":23,"key":"DIG"},{"floor":28,"key":"REST"},{"floor":30,"key":"DIG"},{"floor":32,"key":"REST"}],"circlet_count":0,"master_deck":["HollowMod:NailStrikeStart","HollowMod:NailStrikeStart","HollowMod:NailStrikeStart","HollowMod:QuickDashStart","HollowMod:QuickDashStart","HollowMod:QuickDashStart","HollowMod:FocusHealStart+1","HollowMod:PogoStrike","HollowMod:HowlingWraiths","HollowMod:CycloneSlash+1","HollowMod:SoulStrike+1","HollowMod:NewJinnsSoul","HollowMod:QuirrelsAssistance+1","HollowMod:PureVessel","HollowMod:SoulEater","HollowMod:SoulVessel","HollowMod:SiblingsSouls","HollowMod:QuirrelsAssistance+1","Hallownest:attackMasterCycloneSlash+1","HollowMod:theNailsmith+1","HollowMod:CornifersMapStart+1"],"relics":["HollowMod:VesselMask","Kunai","Vajra","Shovel","Molten Egg 2","Velvet Choker","Singing Bowl","Bronze Scales","Lantern","Toxic Egg 2","HollowMod:MillibellesNoteRelic","HollowMod:QueensCombRelic","StrikeDummy","Empty Cage","FossilizedHelix"],"acts_visited":["Exordium","Exordium","Hallownest:CityofTears"],"potions_floor_usage":[8,13,13,33],"damage_taken":[{"damage":0,"enemies":"2 Louse","floor":1,"turns":3},{"damage":0,"enemies":"Cultist","floor":3,"turns":3},{"damage":0,"enemies":"Small Slimes","floor":4,"turns":4},{"damage":8,"enemies":"Blue Slaver","floor":5,"turns":5},{"damage":18,"enemies":"Exordium Thugs","floor":8,"turns":5},{"damage":0,"enemies":"3 Sentries","floor":13,"turns":2},{"damage":42,"enemies":"Lagavulin","floor":14,"turns":7},{"damage":75,"enemies":"Hexaghost","floor":16,"turns":13},{"damage":26,"enemies":"Hallownest:Guard_and_Sentry","floor":18,"turns":5},{"damage":0,"enemies":"Hallownest:3_Youths","floor":20,"turns":4},{"damage":13,"enemies":"Hallownest:2_Flukemon","floor":22,"turns":5},{"damage":61,"enemies":"Hallownest:eliteWatcherKnight","floor":25,"turns":12},{"damage":34,"enemies":"Hallownest:eliteSoulWarrior","floor":31,"turns":7},{"damage":61,"enemies":"Hallownest:BossGrimm","floor":33,"turns":15},{"damage":15,"enemies":"Hallownest:Shield_Heavy","floor":35,"turns":3},{"damage":26,"enemies":"Hallownest:2_Littles","floor":36,"turns":3},{"damage":39,"enemies":"Hallownest:Slobbering_and_Violent","floor":38,"turns":3}],"seed_played":"4362533101760668375","potions_obtained":[{"floor":3,"key":"Strength Potion"},{"floor":4,"key":"Energy Potion"},{"floor":5,"key":"Fruit Juice"},{"floor":22,"key":"SneckoOil"},{"floor":25,"key":"SkillPotion"},{"floor":36,"key":"FearPotion"}],"is_trial":false,"path_per_floor":["M","?","M","M","M","R","?","M","T","?","R","$","?","E","R","B",null,"M","?","M","?","M","R","$","E","T","?","R","?","R","E","R","B",null,"M","M","$","M"],"character_chosen":"THE_BUGKNIGHT","items_purchased":["HollowMod:NewJinnsSoul","Bronze Scales","FossilizedHelix"],"campfire_rested":3,"item_purchase_floors":[12,24,37],"current_hp_per_floor":[89,89,89,89,87,87,87,80,80,73,73,73,79,43,71,8,94,70,66,76,76,69,69,69,20,20,20,48,48,48,26,45,12,64,51,29,29,0,0],"gold":23,"neow_bonus":"TWENTY_PERCENT_HP_BONUS","is_daily":false,"chose_seed":false,"campfire_upgraded":2,"win_rate":0.0,"timestamp":1611551084,"path_taken":["M","?","M","M","M","R","?","?","T","?","R","$","?","E","R","BOSS","M","?","M","?","M","R","$","E","T","?","R","?","R","E","R","BOSS","M","M","$","M"],"items_purchased_type":["Card","Relic","Relic"],"build_version":"2020-12-22","purchased_purges":0,"victory":false,"max_hp_per_floor":[89,89,89,89,89,89,89,94,94,94,94,94,94,94,94,94,94,94,94,94,94,94,94,94,94,94,94,94,94,62,64,64,64,64,66,66,66,66,66],"card_choices":[{"not_picked":["HollowMod:FallenFury","HollowMod:GreatSlash"],"picked":"HollowMod:HowlingWraiths","floor":1},{"not_picked":["HollowMod:DungDefenderAura","HollowMod:VengefulVoid","HollowMod:InfectedAttack"],"picked":"SKIP","floor":3},{"not_picked":["HollowMod:Grubsong","HollowMod:DescendingDark"],"picked":"HollowMod:CycloneSlash","floor":4},{"not_picked":["HollowMod:CornifersMapStart","HollowMod:HeavyBlow"],"picked":"HollowMod:SoulStrike","floor":5},{"not_picked":["HollowMod:DescendingDark","HollowMod:MonarchWings","HollowMod:SharpenedNail"],"picked":"SKIP","floor":8},{"not_picked":["HollowMod:MantisMark","HollowMod:ShapeofUnn"],"picked":"HollowMod:CycloneSlash","floor":13},{"not_picked":["HollowMod:SoulSplash","HollowMod:NewJinnsSoul"],"picked":"HollowMod:QuirrelsAssistance+1","floor":14},{"not_picked":["HollowMod:WhiteLadysBlessing","HollowMod:ZotesMagnificence+1"],"picked":"HollowMod:PureVessel","floor":16},{"not_picked":["HollowMod:CloakDash","HollowMod:ShadowDash"],"picked":"HollowMod:SoulEater","floor":18},{"not_picked":["HollowMod:ChannelNail","HollowMod:ShapeofUnn"],"picked":"HollowMod:SoulVessel","floor":20},{"not_picked":["HollowMod:SoulSplash","HollowMod:InfectionAssault+1"],"picked":"HollowMod:SiblingsSouls","floor":22},{"not_picked":["HollowMod:WraithStrike+1","HollowMod:SoulSplash"],"picked":"HollowMod:QuirrelsAssistance+1","floor":25},{"not_picked":["HollowMod:CoiledNail+1","HollowMod:LuriensSpire+1","HollowMod:DescendingDark+1"],"picked":"Singing Bowl","floor":31},{"not_picked":["HollowMod:Weaversong","HollowMod:LordofShades"],"picked":"HollowMod:theNailsmith+1","floor":33},{"not_picked":["HollowMod:ChannelNail+1","HollowMod:InfectedCysts+1","HollowMod:SoulSplash+1"],"picked":"Singing Bowl","floor":35},{"not_picked":["HollowMod:DashSlash+1","HollowMod:SoulShaman+1"],"picked":"HollowMod:CornifersMapStart+1","floor":36}],"player_experience":524297,"relics_obtained":[{"floor":9,"key":"Kunai"},{"floor":13,"key":"Shovel"},{"floor":14,"key":"Molten Egg 2"},{"floor":23,"key":"Singing Bowl"},{"floor":25,"key":"Lantern"},{"floor":26,"key":"Toxic Egg 2"},{"floor":30,"key":"HollowMod:QueensCombRelic"},{"floor":31,"key":"StrikeDummy"}],"event_choices":[{"damage_healed":0,"gold_gain":0,"player_choice":"Grow","damage_taken":0,"max_hp_gain":0,"max_hp_loss":0,"event_name":"Living Wall","floor":2,"gold_loss":0,"cards_upgraded":["HollowMod:FocusHealStart"]},{"damage_healed":0,"gold_gain":0,"player_choice":"Cursed","damage_taken":0,"max_hp_gain":0,"max_hp_loss":0,"event_name":"Wheel of Change","floor":7,"gold_loss":0,"cards_obtained":["Decay"]},{"damage_healed":0,"gold_gain":0,"player_choice":"Success","damage_taken":7,"relics_obtained":["Vajra"],"max_hp_gain":0,"max_hp_loss":0,"event_name":"Scrap Ooze","floor":10,"gold_loss":0},{"damage_healed":0,"gold_gain":30,"player_choice":"Searched \u00272\u0027 times","damage_taken":0,"max_hp_gain":0,"max_hp_loss":0,"event_name":"Dead Adventurer","floor":13,"gold_loss":0}],"is_beta":false,"boss_relics":[{"not_picked":["Cursed Key","Fusion Hammer"],"picked":"Velvet Choker"},{"not_picked":["HollowMod:VoidIdolRelic","Calling Bell"],"picked":"Empty Cage"}],"items_purged_floors":[],"is_endless":false,"potions_floor_spawned":[3,4,5,22,25,36],"killed_by":"Hallownest:Slobbering_and_Violent","ascension_level":1}}