{"host":"roto7j7840a50pxh","time":1611559059,"event":{"mods":["Act Like it!","BaseMod","Better Altar","Better Note","Better Sensory Stone","Better Skull","Better Third Choice","BetterRewards","Colored Map","Colored Powertips","Downfall","Hermit","Highlight Path","Hubris","Infinite Spire","Minty Spire (QoL Compilation)","Robot Space Explorer","Shade Mod","Spicy Shops","StSLib","The Cursed","The Dragon Tamer","The Hierophant","The Necromancer","The Runesmith","The Servant 0.9.4","TheVacant"],"gold_per_floor":[109,121,131,149,162,162,195,195,245,273,283,52,72,72,72,172,172,191,208,208,208,224,251,251,262,341,341,375,385,435,469,469,567,567,583,594,33,33,33,33,62,62,88,122,137,156,156,175,175,175],"floor_reached":51,"language":"ENG","playtime":5124,"items_purged":["RobotSpaceExplorer:Strike","RobotSpaceExplorer:Strike"],"score":1140,"play_id":"70cae84a-9f8f-43b6-949f-e019e29c778f","local_time":"20210125021739","is_ascension_mode":true,"campfire_choices":[{"data":"RobotSpaceExplorer:Electropulse","floor":6.0,"key":"SMITH"},{"floor":8.0,"key":"REST"},{"data":"RobotSpaceExplorer:MiniLasers","floor":15.0,"key":"SMITH"},{"data":"RobotSpaceExplorer:IronShell","floor":24.0,"key":"SMITH"},{"floor":32.0,"key":"REST"},{"floor":40.0,"key":"REST"},{"data":"RobotSpaceExplorer:TrailblazerForm","floor":42.0,"key":"SMITH"},{"floor":49,"key":"REST"}],"circlet_count":0,"master_deck":["RobotSpaceExplorer:Strike","RobotSpaceExplorer:Strike+1","RobotSpaceExplorer:Defend","RobotSpaceExplorer:Defend","RobotSpaceExplorer:Defend","RobotSpaceExplorer:Defend","RobotSpaceExplorer:Scan","RobotSpaceExplorer:MiniLasers+1","RobotSpaceExplorer:IronShell+1","RobotSpaceExplorer:FreezeRay","RobotSpaceExplorer:Electropulse+1","RobotSpaceExplorer:LuckyStrike","RobotSpaceExplorer:Reload","hubris:Wrath","RobotSpaceExplorer:GearShield","RobotSpaceExplorer:ImprovisedAttack","RobotSpaceExplorer:FrostMissile","RobotSpaceExplorer:ScrapMissile","RobotSpaceExplorer:LuckyStrike+1","RobotSpaceExplorer:StunGrenade","RobotSpaceExplorer:MetalStrike","RobotSpaceExplorer:Pulsar","RobotSpaceExplorer:GearShield","RobotSpaceExplorer:ScrapMissile","RobotSpaceExplorer:SurgingShield","RobotSpaceExplorer:Accelerator","RobotSpaceExplorer:Pulsar","RobotSpaceExplorer:ImprovisedAttack","infinitespire:TheBestDefense","RobotSpaceExplorer:MiniDrones","RobotSpaceExplorer:ScrapToss","RobotSpaceExplorer:DoubleFind","RobotSpaceExplorer:StunGrenade+1","RobotSpaceExplorer:ScrapToss","RobotSpaceExplorer:MakeshiftVolley+1","RobotSpaceExplorer:SurgingShield","RobotSpaceExplorer:Blaster","RobotSpaceExplorer:Pulsar","RobotSpaceExplorer:FreezingShield","RobotSpaceExplorer:PlasmaMissile","Metamorphosis","RobotSpaceExplorer:ToxicBomb+1","RobotSpaceExplorer:TrailblazerForm+1","RobotSpaceExplorer:Asteroid","RobotSpaceExplorer:Discharger+1","RobotSpaceExplorer:ShockMissile","RobotSpaceExplorer:MiniDrones+1","RobotSpaceExplorer:MiniBoosters+1"],"relics":["RobotSpaceExplorer:RoboCore","infinitespire:BottledMercury","hubris:OldNail","Juzu Bracelet","Gremlin Horn","Tiny Chest","hubris:Towel","hubris:RunicObelisk","Runesmith:AutoHammer","Mercury Hourglass","Shuriken","Nloth\u0027s Gift","Whetstone","Dream Catcher","Anchor","Runic Pyramid","RobotSpaceExplorer:FoglandsKnife","Boot","hubris:SlimyHat","Blood Vial","hubris:Icosahedron"],"acts_visited":["Exordium","TheCity","TheBeyond"],"potions_floor_usage":[45,46],"damage_taken":[{"damage":3.0,"enemies":"Jaw Worm","floor":1.0,"turns":2.0},{"damage":0.0,"enemies":"Small Slimes","floor":2.0,"turns":3.0},{"damage":0.0,"enemies":"2 Louse","floor":3.0,"turns":2.0},{"damage":3.0,"enemies":"Blue Slaver","floor":4.0,"turns":4.0},{"damage":1.0,"enemies":"Red Slaver","floor":5.0,"turns":3.0},{"damage":12.0,"enemies":"Gremlin Nob","floor":7.0,"turns":3.0},{"damage":15.0,"enemies":"Lagavulin","floor":10.0,"turns":7.0},{"damage":10.0,"enemies":"Exordium Thugs","floor":11.0,"turns":3.0},{"damage":0.0,"enemies":"Looter","floor":13.0,"turns":2.0},{"damage":19.0,"enemies":"Hexaghost","floor":16.0,"turns":8.0},{"damage":0.0,"enemies":"Chosen","floor":18.0,"turns":4.0},{"damage":2.0,"enemies":"Shell Parasite","floor":19.0,"turns":4.0},{"damage":10.0,"enemies":"Centurion and Healer","floor":22.0,"turns":6.0},{"damage":5.0,"enemies":"Book of Stabbing","floor":23.0,"turns":4.0},{"damage":10.0,"enemies":"Snake Plant","floor":25.0,"turns":6.0},{"damage":2.0,"enemies":"Gremlin Leader","floor":28.0,"turns":2.0},{"damage":14.0,"enemies":"Shelled Parasite and Fungi","floor":29.0,"turns":4.0},{"damage":13.0,"enemies":"Book of Stabbing","floor":31.0,"turns":4.0},{"damage":28.0,"enemies":"hubris:MusketHawk","floor":33.0,"turns":6.0},{"damage":0.0,"enemies":"Orb Walker","floor":35.0,"turns":3.0},{"damage":27.0,"enemies":"3 Darklings","floor":36.0,"turns":4.0},{"damage":2.0,"enemies":"Giant Head","floor":41.0,"turns":6.0},{"damage":9,"enemies":"Reptomancer","floor":44,"turns":6},{"damage":13,"enemies":"4 Shapes","floor":45,"turns":3},{"damage":19,"enemies":"Maw","floor":46,"turns":7},{"damage":22,"enemies":"Jaw Worm Horde","floor":48,"turns":4},{"damage":31,"enemies":"Awakened One","floor":50,"turns":9}],"seed_played":"-660570857777170599","potions_obtained":[{"floor":1.0,"key":"SkillPotion"},{"floor":2.0,"key":"DuplicationPotion"},{"floor":4.0,"key":"RobotSpaceExplorer:PlasmaFlask"},{"floor":7.0,"key":"RobotSpaceExplorer:RecyclePotion"},{"floor":10.0,"key":"Explosive Potion"},{"floor":18.0,"key":"DistilledChaos"},{"floor":22.0,"key":"SteroidPotion"},{"floor":25.0,"key":"Fire Potion"},{"floor":28.0,"key":"DuplicationPotion"},{"floor":31.0,"key":"Ancient Potion"},{"floor":35.0,"key":"champ:CounterPotion"},{"floor":36.0,"key":"Regen Potion"}],"is_trial":false,"path_per_floor":["M","M","M","M","M","R","E","R","T","E","M","$","M","?","R","B",null,"M","M","AVR","?","M","E","R","M","T","?","E","M","T","E","R","B",null,"M","M","$","?","$","R","E","R","T","E","M","M","?","M","R","B",null],"character_chosen":"RobotSpaceExplorer","items_purchased":["infinitespire:BottledMercury","RobotSpaceExplorer:IronShell","RobotSpaceExplorer:FreezeRay","RobotSpaceExplorer:Electropulse","RobotSpaceExplorer:LuckyStrike","RobotSpaceExplorer:Reload","Tiny Chest","RobotSpaceExplorer:GearShield","RobotSpaceExplorer:ScrapMissile","RobotSpaceExplorer:PlasmaMissile","RobotSpaceExplorer:FoglandsKnife","Metamorphosis"],"campfire_rested":4,"item_purchase_floors":[0,0,0,0,0,0,12,12,12,37,37,37],"current_hp_per_floor":[43,43,43,40,39,39,27,49,49,34,24,24,24,24,24,5,75,75,73,73,73,63,58,58,48,48,48,46,32,32,19,41,13,75,75,48,48,48,48,70,68,68,68,59,53,36,36,16,38,9],"gold":175,"neow_bonus":"","is_daily":false,"chose_seed":false,"campfire_upgraded":4,"win_rate":0.0,"timestamp":1611559059,"path_taken":["M","M","M","M","M","R","E","R","T","E","M","$","M","?","R","BOSS","M","M","AVR","?","M","E","R","M","T","?","E","M","?","E","R","BOSS","M","M","$","?","?","R","E","R","T","E","M","M","?","M","R","BOSS"],"items_purchased_type":["Relic","Card","Card","Card","Card","Card","Relic","Card","Card","Card","Relic","Card"],"build_version":"2020-12-22","purchased_purges":2,"victory":true,"max_hp_per_floor":[75,75,75,75,75,75,75,75,75,75,75,75,75,75,75,75,75,75,75,75,75,75,75,75,75,75,75,75,75,75,75,75,75,75,75,75,75,75,75,75,75,75,75,75,75,75,75,75,75,75],"card_choices":[{"not_picked":["RobotSpaceExplorer:SlimeMissile","RobotSpaceExplorer:PowerCollector"],"picked":"RobotSpaceExplorer:GearShield","floor":1.0},{"not_picked":["RobotSpaceExplorer:SelfCleaning","RobotSpaceExplorer:DualCore"],"picked":"RobotSpaceExplorer:ImprovisedAttack","floor":2.0},{"not_picked":["RobotSpaceExplorer:SlimeMissile","RobotSpaceExplorer:SwiftStep"],"picked":"RobotSpaceExplorer:FrostMissile","floor":3.0},{"not_picked":["RobotSpaceExplorer:IronShell","RobotSpaceExplorer:Reload"],"picked":"RobotSpaceExplorer:ScrapMissile","floor":4.0},{"not_picked":["RobotSpaceExplorer:Counterblock","RobotSpaceExplorer:SlimeMissile"],"picked":"RobotSpaceExplorer:LuckyStrike","floor":5.0},{"not_picked":["RobotSpaceExplorer:MiniBoosters","RobotSpaceExplorer:FreezeRay"],"picked":"RobotSpaceExplorer:StunGrenade","floor":7.0},{"not_picked":["RobotSpaceExplorer:GlueShot","RobotSpaceExplorer:Discharger"],"picked":"RobotSpaceExplorer:MetalStrike","floor":10.0},{"not_picked":["RobotSpaceExplorer:GearShield","RobotSpaceExplorer:MetalStrike"],"picked":"RobotSpaceExplorer:Pulsar","floor":11.0},{"not_picked":["RobotSpaceExplorer:GlueShot","RobotSpaceExplorer:Fix"],"picked":"RobotSpaceExplorer:SurgingShield","floor":13.0},{"not_picked":["RobotSpaceExplorer:BlastShield","RobotSpaceExplorer:Arsenal"],"picked":"RobotSpaceExplorer:Accelerator","floor":16.0},{"not_picked":["RobotSpaceExplorer:ExhaustFan","RobotSpaceExplorer:MetalStrike"],"picked":"RobotSpaceExplorer:Pulsar","floor":18.0},{"not_picked":["RobotSpaceExplorer:MetalStrike","RobotSpaceExplorer:HighVoltage"],"picked":"RobotSpaceExplorer:ImprovisedAttack","floor":19.0},{"not_picked":["RobotSpaceExplorer:MetalStrike","RobotSpaceExplorer:Fix+1"],"picked":"RobotSpaceExplorer:MiniDrones","floor":22.0},{"not_picked":["RobotSpaceExplorer:Arsenal","RobotSpaceExplorer:SelfCleaning"],"picked":"RobotSpaceExplorer:ScrapToss","floor":23.0},{"not_picked":["RobotSpaceExplorer:Probe","RobotSpaceExplorer:Calculate"],"picked":"RobotSpaceExplorer:DoubleFind","floor":25.0},{"not_picked":["RobotSpaceExplorer:GlueShot","RobotSpaceExplorer:PowerGlove+1"],"picked":"RobotSpaceExplorer:StunGrenade+1","floor":28.0},{"not_picked":["RobotSpaceExplorer:FranticSearch","RobotSpaceExplorer:SwiftStep+1"],"picked":"RobotSpaceExplorer:ScrapToss","floor":29.0},{"not_picked":["RobotSpaceExplorer:Jetpack","RobotSpaceExplorer:Probe"],"picked":"RobotSpaceExplorer:MakeshiftVolley+1","floor":31.0},{"not_picked":["RobotSpaceExplorer:Probe","RobotSpaceExplorer:DualCore"],"picked":"RobotSpaceExplorer:SurgingShield","floor":32.0},{"not_picked":["RobotSpaceExplorer:HighVoltage","RobotSpaceExplorer:Scanner"],"picked":"RobotSpaceExplorer:Blaster","floor":33.0},{"not_picked":["RobotSpaceExplorer:PowerCollector","RobotSpaceExplorer:StunGrenade+1"],"picked":"RobotSpaceExplorer:Pulsar","floor":35.0},{"not_picked":["RobotSpaceExplorer:Probe","RobotSpaceExplorer:ShockKick"],"picked":"RobotSpaceExplorer:FreezingShield","floor":36.0},{"not_picked":["RobotSpaceExplorer:SlimeMissile","RobotSpaceExplorer:MakeshiftVolley"],"picked":"RobotSpaceExplorer:ToxicBomb+1","floor":40.0},{"not_picked":["RobotSpaceExplorer:BlastShield","RobotSpaceExplorer:Blaster"],"picked":"RobotSpaceExplorer:TrailblazerForm","floor":41.0},{"not_picked":["RobotSpaceExplorer:Pulsar","RobotSpaceExplorer:ShockKick+1"],"picked":"RobotSpaceExplorer:Asteroid","floor":44},{"not_picked":["RobotSpaceExplorer:DualCore+1","RobotSpaceExplorer:SelfCleaning"],"picked":"RobotSpaceExplorer:Discharger+1","floor":45},{"not_picked":["RobotSpaceExplorer:Electroshield","RobotSpaceExplorer:ShockKick+1"],"picked":"RobotSpaceExplorer:ShockMissile","floor":46},{"not_picked":["RobotSpaceExplorer:ShovelStrike+1","RobotSpaceExplorer:SlimeMissile+1"],"picked":"RobotSpaceExplorer:MiniDrones+1","floor":48},{"not_picked":["RobotSpaceExplorer:DualCore","RobotSpaceExplorer:SlimeMissile"],"picked":"RobotSpaceExplorer:MiniBoosters+1","floor":49}],"player_experience":1631450,"relics_obtained":[{"floor":7.0,"key":"hubris:OldNail"},{"floor":9.0,"key":"Juzu Bracelet"},{"floor":10.0,"key":"Gremlin Horn"},{"floor":23.0,"key":"Mercury Hourglass"},{"floor":26.0,"key":"Shuriken"},{"floor":28.0,"key":"Whetstone"},{"floor":30.0,"key":"Dream Catcher"},{"floor":31.0,"key":"Anchor"},{"floor":41.0,"key":"Boot"},{"floor":43,"key":"hubris:SlimyHat"},{"floor":44,"key":"Blood Vial"}],"event_choices":[{"damage_healed":0.0,"max_hp_gain":0.0,"max_hp_loss":0.0,"gold_gain":0.0,"event_name":"WeMeetAgain","player_choice":"Gave Potion","floor":21.0,"gold_loss":0.0,"damage_taken":0.0,"relics_obtained":["Unceasing Top"]},{"damage_healed":0.0,"max_hp_gain":0.0,"max_hp_loss":0.0,"gold_gain":0.0,"event_name":"N\u0027loth","player_choice":"Traded Relic","floor":27.0,"relics_lost":["Unceasing Top"],"gold_loss":0.0,"damage_taken":0.0,"relics_obtained":["Nloth\u0027s Gift"]},{"damage_healed":0.0,"max_hp_gain":0.0,"max_hp_loss":0.0,"gold_gain":0.0,"event_name":"Lab","player_choice":"Got Potions","floor":38.0,"gold_loss":0.0,"damage_taken":0.0}],"is_beta":false,"boss_relics":[{"not_picked":["Busted Crown","Black Star"],"picked":"hubris:RunicObelisk"},{"not_picked":["Philosopher\u0027s Stone","hubris:CrackedHourglass"],"picked":"Runic Pyramid"}],"items_purged_floors":[37,37],"is_endless":false,"potions_floor_spawned":[1,2,4,7,10,18,22,25,28,31,35,36,41],"ascension_level":4}}