{"host":"zomwe5n2owcqokh9","time":1611543234,"event":{"mods":["2.2 Compatiblity","AchievementEnabler","Act Like it!","BaseMod","BetterRewards","Colored Map","Colored Powertips","Highlight Path","Hubris","Marisa????????","Minty Spire (QoL Compilation)","Quick Restart","Rare Cards Sparkle","Replay The Spire","Shop Mod","StSLib","SuperFastMode"],"gold_per_floor":[116,130,205,205,380,410,29,29,54,54,68,68,68,87,87,190,190,208,208,579,595,595,130,147,147,172,199,199,129,44,54,54,154,154,169,391,35,46,46,65,100,100,100],"floor_reached":42,"language":"ENG","playtime":1097,"items_purged":["Defend_MRS","BlazeAway"],"score":712,"play_id":"877a56e3-42e0-4a3c-b79f-7c21b239aa09","local_time":"20210124205354","is_ascension_mode":false,"campfire_choices":[{"data":"ManaRampage","floor":8.0,"key":"SMITH"},{"data":"NonDirectionalLaser","floor":12.0,"key":"SMITH"},{"floor":15.0,"key":"DIG"},{"data":"PropBag","floor":28.0,"key":"SMITH"},{"data":"SuperPerseids","floor":32.0,"key":"SMITH"}],"circlet_count":0,"master_deck":["Strike_MRS","Strike_MRS","Strike_MRS","Strike_MRS","Defend_MRS","Defend_MRS","Defend_MRS","MasterSpark","UpSweep","NonDirectionalLaser+1","DC","ManaRampage+1","DC","Acceleration","AbsoluteMagnitude","ReplayTheSpireMod:IOU","ReplayTheSpireMod:IOU","ReplayTheSpireMod:IOU","BlazingStar","GasGiant+1","PropBag+1","Regret","SuperPerseids+1","ReplayTheSpireMod:IOU","PowerUp","hubris:DuctTapeCard"],"relics":["MiniHakkero","NeowsBlessing","hubris:Icosahedron","Chemical X","Replay:Mystery Machine","Bottled Lightning","hubris:SlimyHat","Cursed Key","MerchantsRug","Replay:Wax Seal","HandDrill","hubris:Metronome","hubris:Towel","Happy Flower","Nunchaku","Red Mask","Eternal Feather","hubris:TinFlute","ReplayTheSpireMod:DimensionalGlitch","hubris:HerbalPaste","ReplayTheSpireMod:TigerMarble","Replay:Rubber Ducky","hubris:DuctTape","Mummified Hand"],"acts_visited":["Exordium","TheCity","TheBeyond"],"potions_floor_usage":[40,42,42],"damage_taken":[{"damage":0.0,"enemies":"Cultist","floor":1.0,"turns":1.0},{"damage":0.0,"enemies":"2 Louse","floor":2.0,"turns":1.0},{"damage":0.0,"enemies":"Gremlin Nob","floor":6.0,"turns":1.0},{"damage":0.0,"enemies":"Jaw Worm","floor":11.0,"turns":1.0},{"damage":0.0,"enemies":"Blue Slaver","floor":14.0,"turns":1.0},{"damage":12.0,"enemies":"Slime Boss","floor":16.0,"turns":6.0},{"damage":0.0,"enemies":"3 Byrds","floor":18.0,"turns":2.0},{"damage":0.0,"enemies":"Shell Parasite","floor":21.0,"turns":1.0},{"damage":21.0,"enemies":"Gremlin Leader","floor":23.0,"turns":4.0},{"damage":0.0,"enemies":"Shelled Parasite and Fungi","floor":24.0,"turns":1.0},{"damage":0.0,"enemies":"Masked Bandits","floor":27.0,"turns":1.0},{"damage":0.0,"enemies":"Book of Stabbing","floor":29.0,"turns":1.0},{"damage":0.0,"enemies":"Snake Plant","floor":31.0,"turns":1.0},{"damage":33.0,"enemies":"Champ","floor":33.0,"turns":7.0},{"damage":67.0,"enemies":"3 Shapes","floor":35.0,"turns":1.0},{"damage":0.0,"enemies":"Orb Walker","floor":38.0,"turns":1.0},{"damage":0,"enemies":"3 Darklings","floor":40,"turns":2},{"damage":0,"enemies":"Giant Head","floor":41,"turns":1}],"seed_played":"8612338643009411271","potions_obtained":[{"floor":6.0,"key":"Fire Potion"},{"floor":11.0,"key":"Block Potion"},{"floor":23.0,"key":"PowerPotion"}],"is_trial":false,"path_per_floor":["M","M","?","?","?","E","$","R","T","T","M","R","?","M","R_BF","B",null,"M","?","$","M","?","E","M","?","T","?","R","E","?","M","R","B",null,"M","?","$","M","?","M","E","M"],"character_chosen":"MARISA","items_purchased":["Chemical X","ManaRampage","MerchantsRug","Replay:Wax Seal","HandDrill","hubris:Metronome","hubris:HerbalPaste","ReplayTheSpireMod:TigerMarble","Replay:Rubber Ducky"],"campfire_rested":0,"item_purchase_floors":[7,7,20,20,20,20,37,37,37],"current_hp_per_floor":[75,75,64,64,64,64,64,64,64,64,64,64,57,57,57,45,75,75,75,75,75,75,54,54,54,54,54,54,75,75,75,75,42,75,8,8,8,8,8,10,16,0,0],"gold":100,"neow_bonus":"THREE_ENEMY_KILL","is_daily":false,"chose_seed":false,"campfire_upgraded":4,"win_rate":0.0,"timestamp":1611543234,"path_taken":["M","M","?","?","?","E","?","R","T","?","M","R","?","M","R_BF","BOSS","M","?","$","M","?","E","M","?","T","?","R","E","?","M","R","BOSS","M","?","$","M","?","M","E","?"],"items_purchased_type":["Relic","Card","Relic","Relic","Relic","Relic","Relic","Relic","Relic"],"build_version":"2020-12-22","purchased_purges":2,"victory":false,"max_hp_per_floor":[75,75,75,75,75,75,75,75,75,75,75,75,75,75,75,75,75,75,75,75,75,75,75,75,75,75,75,75,75,75,75,75,75,75,75,75,75,75,75,75,75,75,75],"card_choices":[{"not_picked":["AlicesGift","StarlightTyphoon"],"picked":"NonDirectionalLaser","floor":1.0},{"not_picked":["GrandCross","WitchOfGreed"],"picked":"BlazeAway","floor":2.0},{"not_picked":["6A","ManaConvection"],"picked":"DC","floor":6.0},{"not_picked":["UnstableBomb","NonDirectionalLaser"],"picked":"DC","floor":11.0},{"not_picked":["DoubleSpark","DarkSpark"],"picked":"Acceleration","floor":14.0},{"not_picked":["JA","MaximisePower"],"picked":"AbsoluteMagnitude","floor":16.0},{"not_picked":["AsteroidBelt+1","MagicAbsorber","DC+1"],"picked":"SKIP","floor":18.0},{"not_picked":["ShootingEcho","RefractionSpark"],"picked":"PowerUp","floor":21.0},{"not_picked":["CasketOfStar","AbsoluteMagnitude"],"picked":"BlazingStar","floor":23.0},{"not_picked":["NonDirectionalLaser","DeepEcoloBomb+1"],"picked":"GasGiant+1","floor":24.0},{"not_picked":["EventHorizon","SuperNova","StarlightTyphoon"],"picked":"SKIP","floor":29.0},{"not_picked":["UnstableBomb+1","GalacticHalo+1"],"picked":"SuperPerseids","floor":31.0},{"not_picked":["SatelliteIllusion","TreasureHunter"],"picked":"ManaRampage","floor":33.0},{"not_picked":["SporeBomb+1","EventHorizon","IllusionStar+1"],"picked":"SKIP","floor":35.0},{"not_picked":["DoubleSpark","UnstableBomb+1"],"picked":"PowerUp","floor":38.0},{"not_picked":["AsteroidBelt","ShootingEcho","UnstableBomb+1"],"picked":"SKIP","floor":40},{"not_picked":["MillisecondPulsars","OortCloud+1","GravityBeat+1"],"picked":"SKIP","floor":41}],"player_experience":61198,"relics_obtained":[{"floor":6.0,"key":"Mirror"},{"floor":9.0,"key":"Replay:Mystery Machine"},{"floor":10.0,"key":"Bottled Lightning"},{"floor":15.0,"key":"hubris:SlimyHat"},{"floor":23.0,"key":"Happy Flower"},{"floor":26.0,"key":"Nunchaku"},{"floor":27.0,"key":"Red Mask"},{"floor":29.0,"key":"Eternal Feather"},{"floor":41,"key":"hubris:DuctTape"}],"event_choices":[{"damage_healed":0.0,"max_hp_gain":0.0,"max_hp_loss":0.0,"gold_gain":75.0,"event_name":"World of Goop","player_choice":"Gather Gold","floor":3.0,"gold_loss":0.0,"damage_taken":11.0},{"damage_healed":0.0,"max_hp_gain":0.0,"max_hp_loss":0.0,"gold_gain":175.0,"event_name":"Liars Game","player_choice":"AGREE","floor":5.0,"gold_loss":0.0,"damage_taken":0.0,"cards_obtained":["Doubt"]},{"cards_removed":["Doubt"],"damage_healed":0.0,"max_hp_gain":0.0,"max_hp_loss":0.0,"gold_gain":0.0,"event_name":"Golden Wing","player_choice":"Card Removal","floor":13.0,"gold_loss":0.0,"damage_taken":7.0},{"damage_healed":0.0,"max_hp_gain":0.0,"max_hp_loss":0.0,"gold_gain":0.0,"event_name":"The Library","player_choice":"Read","floor":25.0,"gold_loss":0.0,"damage_taken":0.0,"cards_obtained":["PropBag"]},{"damage_healed":0.0,"max_hp_gain":0.0,"max_hp_loss":0.0,"gold_gain":0.0,"event_name":"Masked Bandits","player_choice":"Fought Bandits","floor":27.0,"gold_loss":0.0,"damage_taken":0.0},{"damage_healed":0.0,"max_hp_gain":0.0,"max_hp_loss":0.0,"gold_gain":0.0,"event_name":"Addict","player_choice":"Obtained Relic","floor":30.0,"gold_loss":85.0,"damage_taken":0.0,"relics_obtained":["hubris:TinFlute"]},{"damage_healed":0.0,"max_hp_gain":0.0,"max_hp_loss":0.0,"gold_gain":222.0,"event_name":"Tomb of Lord Red Mask","player_choice":"Wore Mask","floor":36.0,"gold_loss":0.0,"damage_taken":0.0},{"damage_healed":0.0,"max_hp_gain":0.0,"max_hp_loss":0.0,"gold_gain":0.0,"event_name":"Accursed Blacksmith","player_choice":"Forge","floor":39.0,"gold_loss":0.0,"damage_taken":0.0,"cards_upgraded":["ManaRampage"]}],"is_beta":false,"boss_relics":[{"not_picked":["hubris:BlackHole","hubris:ScarierMask"],"picked":"Cursed Key"},{"not_picked":["Kintsugi","Black Star"],"picked":"ReplayTheSpireMod:DimensionalGlitch"}],"items_purged_floors":[7,20],"is_endless":false,"potions_floor_spawned":[6,11,23,27,29,31,33,35],"killed_by":"4 Shapes","ascension_level":0}}