{"host":"yqa5il53nhlo2jdd","time":1611562545,"event":{"mods":["AchievementEnabler","Arknights The Spire","BaseMod","BetterRewards","Minty Spire (QoL Compilation)","StSLib","[IsaacMod]ÒÔÈö¼âËþ"],"gold_per_floor":[111,128,90,104,120,120,120,120,165,179,213,52,62,62,62,160,160,178,178,194,210,147,147,159,74,74,74,101,101,112,122,122,219,219,230,230,243,96,107,136,149,166,166,166,166,232,245,171,171,171],"floor_reached":51,"language":"ZHS","playtime":2094,"items_purged":["ats:Strike V","ats:Defend","ats:Strike G","ats:Defend","ats:Strike C","ats:Defend+1"],"score":1665,"play_id":"94b7dab4-26d9-4bc5-b865-f4cf24526e10","local_time":"20210125161545","is_ascension_mode":true,"campfire_choices":[{"data":"ats:Emotion Absorption","floor":6.0,"key":"SMITH"},{"data":"ats:Burning Ground","floor":8.0,"key":"SMITH"},{"floor":15.0,"key":"REST"},{"data":"ats:Guardian Obelisk","floor":23.0,"key":"SMITH"},{"floor":27.0,"key":"REST"},{"floor":29.0,"key":"REST"},{"data":"ats:Defend","floor":32.0,"key":"SMITH"},{"floor":49,"key":"REST"}],"circlet_count":0,"master_deck":["ats:Armor Crushing Shot+1","ats:Emotion Absorption+1","ats:Burning Ground+1","ats:Very Hot Blade+1","ats:Guardian Obelisk+1"],"relics":["ats:Sanity","HushsDoor","BookofShadows","Habit","EdensBlessing","Gremlin Horn","SteamSale","TheBean","ats:Originium","Whetstone","ClockworkSouvenir","Sundial","Kunai","PreservedInsect","Potion Belt","ats:Omniscience","Vajra","Omamori","Blue Candle","Membership Card","D6","ats:Spiritual Recovery","ats:Rhine Circuitry","ats:Hidden Killer","Frozen Eye"],"acts_visited":["Exordium","TheCity","TheBeyond"],"potions_floor_usage":[],"damage_taken":[{"damage":9.0,"enemies":"2 Louse","floor":1.0,"turns":3.0},{"damage":0.0,"enemies":"Small Slimes","floor":2.0,"turns":3.0},{"damage":7.0,"enemies":"Jaw Worm","floor":4.0,"turns":3.0},{"damage":2.0,"enemies":"2 Fungi Beasts","floor":5.0,"turns":4.0},{"damage":5.0,"enemies":"Blue Slaver","floor":10.0,"turns":3.0},{"damage":25.0,"enemies":"Lagavulin","floor":11.0,"turns":5.0},{"damage":0.0,"enemies":"Gremlin Gang","floor":13.0,"turns":2.0},{"damage":3.0,"enemies":"Slime Boss","floor":16.0,"turns":7.0},{"damage":23.0,"enemies":"2 Thieves","floor":18.0,"turns":3.0},{"damage":0.0,"enemies":"Shell Parasite","floor":20.0,"turns":3.0},{"damage":5.0,"enemies":"Shelled Parasite and Fungi","floor":21.0,"turns":3.0},{"damage":9.0,"enemies":"Snake Plant","floor":24.0,"turns":2.0},{"damage":6.0,"enemies":"Book of Stabbing","floor":28.0,"turns":4.0},{"damage":0.0,"enemies":"Cultist and Chosen","floor":30.0,"turns":3.0},{"damage":5.0,"enemies":"Centurion and Healer","floor":31.0,"turns":3.0},{"damage":4.0,"enemies":"Automaton","floor":33.0,"turns":3.0},{"damage":0.0,"enemies":"Orb Walker","floor":35.0,"turns":2.0},{"damage":0.0,"enemies":"3 Darklings","floor":37.0,"turns":3.0},{"damage":0.0,"enemies":"Transient","floor":39.0,"turns":2.0},{"damage":0.0,"enemies":"Giant Head","floor":40.0,"turns":2.0},{"damage":0.0,"enemies":"Maw","floor":41.0,"turns":2.0},{"damage":0.0,"enemies":"Writhing Mass","floor":42.0,"turns":2.0},{"damage":0,"enemies":"Jaw Worm Horde","floor":47,"turns":2},{"damage":0,"enemies":"Time Eater","floor":50,"turns":2}],"seed_played":"918034498699101266","potions_obtained":[{"floor":1.0,"key":"Dexterity Potion"},{"floor":4.0,"key":"AttackPotion"},{"floor":5.0,"key":"GamblersBrew"},{"floor":11.0,"key":"DistilledChaos"},{"floor":16.0,"key":"Strength Potion"},{"floor":20.0,"key":"LiquidMemories"},{"floor":24.0,"key":"Explosive Potion"},{"floor":28.0,"key":"EssenceOfSteel"},{"floor":30.0,"key":"LiquidBronze"},{"floor":39.0,"key":"DuplicationPotion"},{"floor":42.0,"key":"Ancient Potion"},{"floor":47,"key":"ColorlessPotion"}],"is_trial":false,"path_per_floor":["M","M","$","M","M","R","?","R","T","M","E","$","M","?","R","B",null,"M","?","M","M","$","R","M","?","T","R","E","R","M","M","R","B",null,"M","?","M","$","M","E","M","M","T","?","?","?","M","$","R","B",null],"character_chosen":"DOCTOR_CLASS","items_purchased":["ats:Burning Ground","Habit","EdensBlessing","ats:Very Hot Blade","Gremlin Horn","SteamSale","ats:Guardian Obelisk","ClockworkSouvenir","Vajra","Membership Card","D6","ats:Spiritual Recovery","ats:Rhine Circuitry","ats:Hidden Killer","Frozen Eye","CultistPotion"],"campfire_rested":4,"item_purchase_floors":[0,0,0,0,0,0,12,12,38,48,48,48,48,48,48,48],"current_hp_per_floor":[56,56,56,49,59,59,52,52,52,47,22,22,22,22,43,40,64,41,41,41,36,36,36,27,27,27,48,42,63,63,58,58,54,68,68,68,68,68,68,68,68,68,68,72,72,57,57,57,72,72],"gold":171,"neow_bonus":"","is_daily":false,"chose_seed":false,"campfire_upgraded":4,"win_rate":0.0,"timestamp":1611562545,"path_taken":["M","M","$","M","M","R","?","R","T","M","E","$","M","?","R","BOSS","M","?","?","M","$","R","M","?","T","R","E","R","M","M","R","BOSS","M","?","M","$","?","E","M","M","T","?","?","?","?","$","R","BOSS"],"items_purchased_type":["Card","Relic","Relic","Card","Relic","Relic","Card","Relic","Relic","Relic","Relic","Relic","Relic","Relic","Relic","Potion"],"build_version":"2020-12-22","purchased_purges":6,"victory":true,"max_hp_per_floor":[72,72,72,72,72,72,72,72,72,72,72,72,72,72,72,72,72,72,72,72,72,72,72,72,72,72,72,72,72,72,72,72,72,72,72,72,72,72,72,72,72,72,72,72,72,72,72,72,72,72],"card_choices":[{"not_picked":["ats:Leaping Hammer","ats:Song Of Battle","ats:Poison Spread"],"picked":"SKIP","floor":1.0},{"not_picked":["ats:Very Hot Blade","ats:Absolute Focus","ats:Blood Oath"],"picked":"SKIP","floor":2.0},{"not_picked":["ats:Guard Mode","ats:Absolute Focus","ats:Consecutive Shot Auto"],"picked":"SKIP","floor":4.0},{"not_picked":["ats:Consecutive Shot Auto","ats:Leaping Hammer","ats:Support Order"],"picked":"SKIP","floor":5.0},{"not_picked":["ats:Overload","ats:Support Order","ats:Red Shift"],"picked":"SKIP","floor":10.0},{"not_picked":["ats:Overload","ats:Support Order","ats:Red Shift"],"picked":"SKIP","floor":10.0},{"not_picked":["ats:Leaping Hammer","ats:Durian","ats:Shell Defense"],"picked":"SKIP","floor":11.0},{"not_picked":["ats:Collapsing Strike","ats:Very Hot Blade","ats:Explosion Area Strengthen"],"picked":"SKIP","floor":13.0},{"not_picked":["ats:Collapsing Strike","ats:Very Hot Blade","ats:Explosion Area Strengthen"],"picked":"SKIP","floor":13.0},{"not_picked":["ats:Blood Oath","ats:Assault Order","ats:Absolute Focus"],"picked":"SKIP","floor":18.0},{"not_picked":["ats:Part Time Job","ats:Shell Defense","ats:Explosion Area Strengthen"],"picked":"SKIP","floor":20.0},{"not_picked":["ats:Explosion Area Strengthen","ats:Phantom","ats:Shell Defense+1"],"picked":"SKIP","floor":21.0},{"not_picked":["ats:Chain Hook","ats:Curse Doll","ats:Consecutive Shot Auto"],"picked":"SKIP","floor":24.0},{"not_picked":["ats:Healing Strengthening","ats:Disruption Kick","ats:Apocalypse"],"picked":"SKIP","floor":28.0},{"not_picked":["ats:Flexible Camouflage","ats:Chain Hook","ats:Blood Oath"],"picked":"SKIP","floor":30.0},{"not_picked":["ats:Shell Defense+1","ats:Explosion Area Strengthen","ats:Rat Pack"],"picked":"SKIP","floor":31.0},{"not_picked":["ats:Poison Spread","ats:Curse Doll+1","ats:LN2 Cannon+1"],"picked":"SKIP","floor":35.0},{"not_picked":["ats:Serious Mode","ats:Shell Defense","ats:Charging Defense+1"],"picked":"SKIP","floor":37.0},{"not_picked":["ats:Apocalypse+1","ats:Healing Strengthening","ats:Blood Oath+1"],"picked":"SKIP","floor":39.0},{"not_picked":["ats:Blood Oath","ats:Hammer On","ats:Red Shift+1"],"picked":"SKIP","floor":40.0},{"not_picked":["ats:Poison Spread","ats:Red Shift","ats:Guard Mode+1"],"picked":"SKIP","floor":41.0},{"not_picked":["ats:Poison Spread","ats:Red Shift","ats:Guard Mode+1"],"picked":"SKIP","floor":41.0},{"not_picked":["ats:Chain Hook","ats:Consecutive Shot Auto+1","ats:Curse Doll+1"],"picked":"SKIP","floor":42.0},{"not_picked":["ats:Rat Pack","ats:Powerful Strike+1","ats:Hook Shot"],"picked":"SKIP","floor":47}],"player_experience":692121,"relics_obtained":[{"floor":9.0,"key":"TheBean"},{"floor":11.0,"key":"ats:Originium"},{"floor":11.0,"key":"Whetstone"},{"floor":26.0,"key":"PreservedInsect"},{"floor":28.0,"key":"ats:Originium"},{"floor":28.0,"key":"Potion Belt"},{"floor":40.0,"key":"ats:Originium"},{"floor":40.0,"key":"Omamori"},{"floor":43.0,"key":"Blue Candle"}],"event_choices":[{"cards_removed":["ats:Strike S"],"damage_healed":0.0,"max_hp_gain":0.0,"max_hp_loss":0.0,"gold_gain":0.0,"event_name":"Golden Wing","player_choice":"Card Removal","floor":7.0,"gold_loss":0.0,"damage_taken":7.0},{"cards_removed":["ats:Defend"],"damage_healed":0.0,"max_hp_gain":0.0,"max_hp_loss":0.0,"gold_gain":0.0,"event_name":"Living Wall","player_choice":"Forget","floor":14.0,"gold_loss":0.0,"damage_taken":0.0},{"damage_healed":0.0,"max_hp_gain":0.0,"max_hp_loss":0.0,"gold_gain":0.0,"event_name":"The Mausoleum","player_choice":"Opened","floor":19.0,"gold_loss":0.0,"damage_taken":0.0,"relics_obtained":["Sundial"]},{"damage_healed":0.0,"max_hp_gain":0.0,"max_hp_loss":0.0,"gold_gain":0.0,"event_name":"Addict","player_choice":"Obtained Relic","floor":25.0,"gold_loss":85.0,"damage_taken":0.0,"relics_obtained":["Kunai"]},{"damage_healed":0.0,"max_hp_gain":0.0,"max_hp_loss":0.0,"gold_gain":0.0,"event_name":"Mysterious Sphere","player_choice":"Ignored","floor":36.0,"gold_loss":0.0,"damage_taken":0.0},{"damage_healed":18,"gold_gain":0,"player_choice":"Writhe","damage_taken":0,"max_hp_gain":0,"max_hp_loss":0,"event_name":"Winding Halls","floor":44,"gold_loss":0,"cards_obtained":["Writhe"]},{"damage_healed":0,"gold_gain":0,"player_choice":"Memory 1","damage_taken":0,"max_hp_gain":0,"max_hp_loss":0,"event_name":"SensoryStone","floor":45,"gold_loss":0}],"is_beta":false,"boss_relics":[{"not_picked":["Fusion Hammer","ats:Tactical Delivery","Ectoplasm"]},{"not_picked":["Astrolabe","Sozu"],"picked":"ats:Omniscience"},{"not_picked":[]}],"items_purged_floors":[3,12,22,38,48,48],"is_endless":false,"potions_floor_spawned":[1,4,5,11,16,20,24,28,30,39,42,47],"ascension_level":9}}