{"host":"wn5psrz55l2vtftw","time":1611593415,"event":{"mods":["BaseMod","Colored Powertips","Good Game Mod","Minty Spire (QoL Compilation)","Relic Filter Mod","Spicy Shops","StSLib","UnlockEverythingMod"],"gold_per_floor":[117,292,367,367,367,367,391,391,391,391,427,427,450,468,468,589,589,610,129,54,54,68,99,99,112,112,125,125,148,148,148,148,274,274,294,294,312,325,77,77,97,131,156,189,207,207,231,34,34,34,34,34,34,77,77,77],"floor_reached":55,"language":"ZHS","playtime":4792,"items_purged":["Sweeping Beam","Redo","Streamline"],"score":692,"play_id":"a54e2045-51d6-4ae8-a4d7-e402463d1026","local_time":"20210126005015","daily_mods":["Draft"],"is_ascension_mode":false,"campfire_choices":[{"data":"Streamline","floor":6,"key":"SMITH"},{"data":"Conserve Battery","floor":8,"key":"SMITH"},{"data":"Conserve Battery","floor":10,"key":"SMITH"},{"data":"Leap","floor":12,"key":"SMITH"},{"data":"Loop","floor":15,"key":"SMITH"},{"data":"Leap","floor":24,"key":"SMITH"},{"data":"Auto Shields","floor":28,"key":"SMITH"},{"floor":30,"key":"RECALL"},{"data":"Leap","floor":32,"key":"SMITH"},{"data":"Buffer","floor":40,"key":"SMITH"},{"floor":49,"key":"REST"},{"data":"Echo Form","floor":52,"key":"SMITH"}],"circlet_count":0,"master_deck":["Ball Lightning","Leap+1","Auto Shields+1","Streamline+1","Go for the Eyes","Leap+1","Capacitor","Conserve Battery+1","Compile Driver","Conserve Battery+1","Leap+1","Ball Lightning","Loop+1","Echo Form+1","Ball Lightning","Aggregate+1","Buffer+1","Auto Shields+1","BootSequence","Defragment+1","Parasite","White Noise+1"],"relics":["Cracked Core","REME:ComplimentaryCards","Golden Idol","Eternal Feather","Cables","White Beast Statue","Runic Pyramid","Runic Capacitor","Singing Bowl","DataDisk","Philosopher\u0027s Stone","Anchor","Potion Belt","CeramicFish","Omamori","Centennial Puzzle"],"acts_visited":["Exordium","TheCity","TheBeyond","TheEnding"],"potions_floor_usage":[29,29,29,29,50,50,55,55,55,55],"damage_taken":[{"damage":0,"enemies":"2 Louse","floor":1,"turns":2},{"damage":2,"enemies":"Jaw Worm","floor":7,"turns":2},{"damage":9,"enemies":"3 Sentries","floor":11,"turns":6},{"damage":0,"enemies":"Small Slimes","floor":13,"turns":3},{"damage":0,"enemies":"3 Louse","floor":14,"turns":2},{"damage":29,"enemies":"Hexaghost","floor":16,"turns":8},{"damage":0,"enemies":"Spheric Guardian","floor":18,"turns":4},{"damage":0,"enemies":"Chosen","floor":22,"turns":4},{"damage":33,"enemies":"Slavers","floor":23,"turns":6},{"damage":21,"enemies":"3 Cultists","floor":25,"turns":5},{"damage":0,"enemies":"Sentry and Sphere","floor":27,"turns":4},{"damage":5,"enemies":"Snake Plant","floor":29,"turns":3},{"damage":36,"enemies":"Collector","floor":33,"turns":8},{"damage":19,"enemies":"3 Darklings","floor":35,"turns":6},{"damage":0,"enemies":"3 Shapes","floor":37,"turns":3},{"damage":11,"enemies":"Sphere and 2 Shapes","floor":38,"turns":4},{"damage":6,"enemies":"Jaw Worm Horde","floor":41,"turns":5},{"damage":33,"enemies":"Reptomancer","floor":42,"turns":6},{"damage":13,"enemies":"Writhing Mass","floor":44,"turns":6},{"damage":2,"enemies":"Spire Growth","floor":45,"turns":5},{"damage":0,"enemies":"Transient","floor":47,"turns":5},{"damage":39,"enemies":"Donu and Deca","floor":50,"turns":8},{"damage":65,"enemies":"Shield and Spear","floor":54,"turns":8},{"damage":67,"enemies":"The Heart","floor":55,"turns":3}],"seed_played":"-8091948634943790419","potions_obtained":[{"floor":11,"key":"Swift Potion"},{"floor":13,"key":"ColorlessPotion"},{"floor":14,"key":"FocusPotion"},{"floor":18,"key":"SpeedPotion"},{"floor":22,"key":"EntropicBrew"},{"floor":25,"key":"FocusPotion"},{"floor":29,"key":"Dexterity Potion"},{"floor":33,"key":"FocusPotion"},{"floor":37,"key":"ColorlessPotion"},{"floor":38,"key":"Energy Potion"},{"floor":42,"key":"GamblersBrew"},{"floor":44,"key":"Weak Potion"},{"floor":45,"key":"SkillPotion"},{"floor":54,"key":"SneckoOil"}],"is_trial":true,"path_per_floor":["M","?","?","?","T","R","M","R","T","R","E","R","M","M","R","B",null,"M","$","?","$","M","E","R","M","T","M","R","M","R","?","R","B",null,"M","?","M","M","$","R","M","E","T","M","M","?","M","$","R","B",null,"R","$","E","B"],"character_chosen":"DEFECT","items_purchased":["Runic Capacitor","Singing Bowl","Anchor","Omamori"],"campfire_rested":1,"item_purchase_floors":[19,19,39,48],"current_hp_per_floor":[75,75,64,46,46,55,53,62,62,71,62,71,71,71,75,46,75,75,75,75,75,77,46,55,36,36,38,47,42,51,78,83,47,83,66,66,68,57,57,69,63,32,32,21,21,21,21,21,60,21,93,93,93,30,0,0],"gold":77,"neow_bonus":"","is_daily":false,"chose_seed":false,"campfire_upgraded":10,"win_rate":0.0,"timestamp":1611593415,"path_taken":["M","?","?","?","?","R","M","R","T","R","E","R","M","M","R","BOSS","M","$","?","$","M","E","R","M","T","M","R","M","R","?","R","BOSS","M","?","M","M","$","R","M","E","T","?","M","?","M","?","R","BOSS","R","$","E","BOSS"],"items_purchased_type":["Relic","Relic","Relic","Relic"],"build_version":"2020-12-22","purchased_purges":3,"victory":false,"max_hp_per_floor":[75,75,75,75,75,75,75,75,75,75,75,75,75,75,75,75,75,75,75,75,75,77,79,79,81,81,83,83,83,83,83,83,83,83,85,85,87,87,87,87,87,89,89,91,93,93,93,93,93,93,93,93,93,95,95,95],"card_choices":[{"not_picked":["Rebound","Conserve Battery"],"picked":"Ball Lightning","floor":0},{"not_picked":["Streamline","Go for the Eyes"],"picked":"Leap","floor":0},{"not_picked":["FTL","Beam Cell"],"picked":"Auto Shields","floor":0},{"not_picked":["Beam Cell","Cold Snap"],"picked":"Streamline","floor":0},{"not_picked":["Blizzard","Barrage"],"picked":"Go for the Eyes","floor":0},{"not_picked":["Reinforced Body","Rip and Tear"],"picked":"Leap","floor":0},{"not_picked":["Redo","Defragment"],"picked":"Sweeping Beam","floor":0},{"not_picked":["Consume","Stack"],"picked":"Capacitor","floor":0},{"not_picked":["Cold Snap","Compile Driver"],"picked":"Redo","floor":0},{"not_picked":["Barrage","Double Energy"],"picked":"Conserve Battery","floor":0},{"not_picked":["Beam Cell","Coolheaded"],"picked":"Compile Driver","floor":0},{"not_picked":["Chill","Stack"],"picked":"Conserve Battery","floor":0},{"not_picked":["Beam Cell","Barrage"],"picked":"Leap","floor":0},{"not_picked":["Stack","Streamline"],"picked":"Ball Lightning","floor":0},{"not_picked":["Melter","Auto Shields"],"picked":"Streamline","floor":0},{"not_picked":["Rebound","Steam"],"picked":"Redo","floor":1},{"not_picked":["Static Discharge","Compile Driver","Coolheaded"],"picked":"SKIP","floor":7},{"not_picked":["Go for the Eyes","Streamline","Chaos"],"picked":"SKIP","floor":11},{"not_picked":["Double Energy","Hologram","Turbo"],"picked":"SKIP","floor":13},{"not_picked":["Hyperbeam","Sunder"],"picked":"Loop","floor":14},{"not_picked":["Thunder Strike","Rainbow"],"picked":"Echo Form","floor":16},{"not_picked":["Beam Cell","Go for the Eyes"],"picked":"Ball Lightning","floor":18},{"not_picked":["Compile Driver","Turbo","Ball Lightning"],"picked":"Singing Bowl","floor":22},{"not_picked":["Sweeping Beam","Stack","Multi-Cast"],"picked":"Singing Bowl","floor":23},{"not_picked":["Beam Cell","Static Discharge","Reprogram"],"picked":"Singing Bowl","floor":25},{"not_picked":["Go for the Eyes+1","Blizzard","Genetic Algorithm"],"picked":"Singing Bowl","floor":27},{"not_picked":["Chill+1","Sunder"],"picked":"Aggregate+1","floor":29},{"not_picked":["Hyperbeam","Amplify"],"picked":"Buffer","floor":33},{"not_picked":["Chill+1","Cold Snap","Melter+1"],"picked":"Singing Bowl","floor":35},{"not_picked":["Hologram","White Noise","Storm"],"picked":"Singing Bowl","floor":37},{"not_picked":["Coolheaded+1","Leap+1"],"picked":"BootSequence","floor":38},{"not_picked":["Barrage","Go for the Eyes+1"],"picked":"Defragment+1","floor":41},{"not_picked":["Leap+1","Loop","Capacitor"],"picked":"Singing Bowl","floor":42},{"not_picked":["Creative AI","Auto Shields+1","Cold Snap+1"],"picked":"Singing Bowl","floor":44},{"not_picked":["Gash+1","Hello World+1","Capacitor"],"picked":"Singing Bowl","floor":45},{"not_picked":["Capacitor+1","Ball Lightning"],"picked":"White Noise+1","floor":47},{"not_picked":["Streamline+1","Go for the Eyes+1","Echo Form"],"picked":"Singing Bowl","floor":54}],"player_experience":59942,"relics_obtained":[{"floor":5,"key":"Eternal Feather"},{"floor":9,"key":"Cables"},{"floor":11,"key":"White Beast Statue"},{"floor":23,"key":"DataDisk"},{"floor":42,"key":"Potion Belt"},{"floor":43,"key":"CeramicFish"},{"floor":54,"key":"Centennial Puzzle"}],"event_choices":[{"damage_healed":0,"gold_gain":175,"player_choice":"AGREE","damage_taken":0,"max_hp_gain":0,"max_hp_loss":0,"event_name":"Liars Game","floor":2,"gold_loss":0,"cards_obtained":["Doubt"]},{"damage_healed":0,"gold_gain":75,"player_choice":"Gather Gold","damage_taken":11,"max_hp_gain":0,"max_hp_loss":0,"event_name":"World of Goop","floor":3,"gold_loss":0},{"damage_healed":0,"gold_gain":0,"player_choice":"Take Damage","damage_taken":18,"relics_obtained":["Golden Idol"],"max_hp_gain":0,"max_hp_loss":0,"event_name":"Golden Idol","floor":4,"gold_loss":0},{"cards_removed":["Doubt"],"damage_healed":0,"gold_gain":0,"player_choice":"Gave Gold","damage_taken":0,"max_hp_gain":0,"max_hp_loss":0,"event_name":"Beggar","floor":20,"gold_loss":75},{"damage_healed":27,"gold_gain":0,"player_choice":"Heal","damage_taken":0,"max_hp_gain":0,"max_hp_loss":0,"event_name":"The Library","floor":31,"gold_loss":0},{"damage_healed":0,"gold_gain":0,"player_choice":"Copied","damage_taken":0,"max_hp_gain":0,"max_hp_loss":0,"event_name":"Duplicator","floor":36,"gold_loss":0,"cards_obtained":["Auto Shields"]},{"cards_removed":["Redo"],"damage_healed":0,"gold_gain":0,"player_choice":"Purged","damage_taken":0,"max_hp_gain":0,"max_hp_loss":0,"event_name":"Purifier","floor":46,"gold_loss":0}],"is_beta":false,"boss_relics":[{"not_picked":["Ectoplasm","Fusion Hammer"],"picked":"Runic Pyramid"},{"not_picked":["FrozenCore","SlaversCollar"],"picked":"Philosopher\u0027s Stone"}],"items_purged_floors":[19,39,48],"is_endless":false,"potions_floor_spawned":[11,13,14,16,18,22,23,25,27,29,33,35,37,38,41,42,44,45,47,54],"killed_by":"The Heart","ascension_level":0}}