{"host":"fligtxqnrbjmaaid","time":1611554920,"event":{"mods":["ATMod(°¢èªMod)","AchievementEnabler","Act Like it!","BaseMod","Dota2Spire","Downfall","Hallownest","Infinite Spire","Lobotomy","Marisa£¨ìFÓê¡¡Ä§ÀíÉ³£©","Minty Spire (QoL Compilation)","Replay The Spire","StSLib","The Blackbeard","The Construct","The Cursed","The Gatherer","The Runesmith","[IsaacMod]ÒÔÈö¼âËþ"],"gold_per_floor":[109,211,286,302,313,313,313],"floor_reached":6,"language":"ZHS","playtime":330,"items_purged":[],"score":36,"play_id":"a1b98cb3-e3b7-46bc-a543-f47b9dde6f9e","local_time":"20210125140840","is_ascension_mode":false,"campfire_choices":[],"circlet_count":0,"master_deck":["Strike_R","Strike_R","Strike_R","Strike_R","Defend_R","Defend_R","Defend_R","Defend_R","Bash","BettingIsNotGood","ReplayTheSpireMod:Strike From Hell","Infernal Blade","Warcry","Corruption","Shrug It Off"],"relics":["Burning Blood","HushsDoor","KeepersGift","AT_ATBox","Pet Ghost"],"acts_visited":["Exordium"],"potions_floor_usage":[],"damage_taken":[{"damage":0,"enemies":"2 Louse","floor":1,"turns":1},{"damage":3,"enemies":"Small Slimes","floor":4,"turns":3},{"damage":0,"enemies":"Cultist","floor":5,"turns":3},{"damage":26,"enemies":"3 Sentries","floor":6,"turns":4}],"seed_played":"-2533623906265753596","potions_obtained":[{"floor":1,"key":"Guardian:BlockOnCardUsePotion"}],"is_trial":false,"path_per_floor":["M","?","?","M","M","E"],"character_chosen":"IRONCLAD","items_purchased":[],"campfire_rested":0,"item_purchase_floors":[],"current_hp_per_floor":[80,80,69,72,78,52,52],"gold":313,"neow_bonus":"REMOVE_CARD","is_daily":false,"chose_seed":false,"campfire_upgraded":0,"win_rate":0.0,"timestamp":1611554920,"path_taken":["M","?","?","M","M","E"],"items_purchased_type":[],"build_version":"2020-12-22","purchased_purges":0,"victory":false,"max_hp_per_floor":[80,80,80,80,80,80,80],"card_choices":[{"not_picked":[],"picked":"BettingIsNotGood","floor":0},{"not_picked":["Bomb","Iron Wave"],"picked":"ReplayTheSpireMod:Strike From Hell","floor":1},{"not_picked":["Wild Strike","Warcry"],"picked":"Infernal Blade","floor":2},{"not_picked":["AT_IchimonjiDouble","ReplayTheSpireMod:Corrosion Curse"],"picked":"Warcry","floor":2},{"not_picked":["Flame Barrier","ReplayReversal"],"picked":"Corruption","floor":4},{"not_picked":["Clash","ReplayTheSpireMod:Corrosion Curse"],"picked":"Shrug It Off","floor":5}],"player_experience":71899,"relics_obtained":[{"floor":2,"key":"Pet Ghost"}],"event_choices":[{"damage_healed":0,"gold_gain":75,"player_choice":"Gather Gold","damage_taken":11,"max_hp_gain":0,"max_hp_loss":0,"event_name":"World of Goop","floor":3,"gold_loss":0}],"is_beta":false,"boss_relics":[],"items_purged_floors":[],"is_endless":false,"potions_floor_spawned":[1],"killed_by":"3 Sentries","ascension_level":0}}