{"host":"78pbttriv9wi8lgr","time":1611590212,"event":{"mods":["AchievementEnabler","Act Like it!","Astrologer","BaseMod","Gensokyo","GifTheSpireLib","Koishi","Marisa（霧雨　魔理沙）","Minty Spire (QoL Compilation)","Quick Restart","Remilia（蕾米莉?）","Remove Card Discount Mod","StSLib","The Administrix"],"gold_per_floor":[113,43,43,61,73,73,73,73,123,123,119,119,172,192,192,192,192],"floor_reached":16,"language":"ENG","playtime":676,"items_purged":["Koishi:BasicStrike","Koishi:BasicDefend"],"score":123,"play_id":"cbd4825f-c097-474d-87e4-77f70ce6798c","local_time":"20210126005652","is_ascension_mode":true,"campfire_choices":[{"data":"Koishi:Untouchable","floor":6,"key":"SMITH"},{"data":"Koishi:PhilosophyOfTheDespised","floor":8,"key":"SMITH"},{"data":"Koishi:HauntingSlash","floor":10,"key":"SMITH"},{"floor":15,"key":"REST"}],"circlet_count":0,"master_deck":["Koishi:BasicStrike","Koishi:BasicStrike+1","Koishi:BasicStrike","Koishi:BasicDefend","Koishi:BasicDefend","Koishi:BasicDefend","Koishi:Provoke+1","Koishi:HauntingSlash+1","Koishi:Untouchable+1","Koishi:PhilosophyOfTheDespised+1","Clumsy"],"relics":["Koishi:ImaginaryFriend","Gensokyo:OccultBall","Gensokyo:CelestialsFlawlessClothing","Regal Pillow","Gensokyo:NagashiBinaDoll","Bag of Preparation"],"acts_visited":["Exordium"],"potions_floor_usage":[],"damage_taken":[{"damage":1,"enemies":"Gensokyo:2_Kodama","floor":1,"turns":8},{"damage":0,"enemies":"Gensokyo:3_Fairies","floor":4,"turns":5},{"damage":1,"enemies":"Gensokyo:Gryphon","floor":5,"turns":5},{"damage":4,"enemies":"Gensokyo:Kitsune","floor":14,"turns":6},{"damage":0,"enemies":"Gensokyo:Reimu","floor":16,"turns":2}],"seed_played":"-4552442252432658263","potions_obtained":[{"floor":4,"key":"PowerPotion"},{"floor":5,"key":"Explosive Potion"}],"is_trial":false,"path_per_floor":["M","?","?","M","M","R","?","R","T","R","$","?","T","M","R","B"],"character_chosen":"KOISHI","items_purchased":[],"campfire_rested":1,"item_purchase_floors":[],"current_hp_per_floor":[55,55,55,55,56,56,41,41,41,41,41,41,41,41,60,60,60],"gold":192,"neow_bonus":"ONE_RANDOM_RARE_CARD","is_daily":false,"chose_seed":false,"campfire_upgraded":3,"win_rate":0.0,"timestamp":1611590212,"path_taken":["M","?","?","M","?","R","?","R","T","R","$","?","?","M","R","BOSS"],"items_purchased_type":[],"build_version":"2020-12-22","purchased_purges":2,"victory":false,"max_hp_per_floor":[60,60,60,60,60,60,60,60,60,60,60,60,60,60,60,60,60],"card_choices":[{"not_picked":["Koishi:ParalyzingFear","Koishi:JumpScare"],"picked":"Koishi:Untouchable","floor":1},{"not_picked":["Koishi:ParalyzingFear","Koishi:FreudianInstinct"],"picked":"Koishi:PhilosophyOfTheDespised","floor":4},{"not_picked":["Koishi:HeartfeltFancy","Koishi:UnansweredLove","Koishi:IdleWhim"],"picked":"SKIP","floor":5},{"not_picked":["Koishi:SpiritedAway","Koishi:PhantomBarrier","Koishi:FourthEye"],"picked":"SKIP","floor":14}],"player_experience":776063,"relics_obtained":[{"floor":9,"key":"Regal Pillow"},{"floor":13,"key":"Bag of Preparation"},{"floor":14,"key":"Gensokyo:OccultBall"}],"event_choices":[],"is_beta":false,"boss_relics":[],"items_purged_floors":[11,11],"is_endless":false,"potions_floor_spawned":[4,5],"killed_by":"Gensokyo:Reimu","ascension_level":8}}