{"host":"uv5ws9rdk87e8i5k","time":1611593959,"event":{"mods":["AchievementEnabler","BaseMod","Colored Map","Minty Spire (QoL Compilation)","StSLib","SuperFastMode","The Necromancer"],"gold_per_floor":[13,33,47,60,77,77,150,177,177,192,205,205,235,245,245,341,341,351,365,464,33,33,67,67,98,180,194,223,223,233,261,261,364,364,377,427,439,451,451,476,476,502,502,125,125,156,156,173,173,173],"floor_reached":51,"language":"ENG","playtime":1981,"items_purged":["Strike_W","Parasite"],"score":1124,"play_id":"5d565bc1-6c11-44b1-af2b-e44eff39cb32","local_time":"20210125105919","is_ascension_mode":true,"campfire_choices":[{"data":"Grasp_Heart","floor":6.0,"key":"SMITH"},{"data":"Bone_Prison","floor":12.0,"key":"SMITH"},{"data":"Spectral_Walk","floor":15.0,"key":"SMITH"},{"data":"Summon_Death_Knight","floor":24.0,"key":"SMITH"},{"data":"Summon_Undead_Army","floor":29.0,"key":"SMITH"},{"data":"Summon_Lich","floor":32.0,"key":"SMITH"},{"data":"Summon_Death_Knight","floor":41,"key":"SMITH"},{"floor":49,"key":"REST"}],"circlet_count":0,"master_deck":["Strike_W","Strike_W","Strike_W","Defend_W","Defend_W","Defend_W","Defend_W","Negative_Energy_Arrows","Bone_Wall","Flesh_Made_Foul","Grasp_Heart+1","Bone_Prison+1","Spectral_Walk+1","Summon_Death_Knight+1","Summon_Lich+1","Parasite","Summon_Undead_Army+1","Necrotic_Claws","Summon_Death_Knight+1","Spectral_Walk","Clumsy","Summon_Lich"],"relics":["Vampire_Amulet","CaptainsWheel","Happy Flower","Shuriken","Torii","Cursed Key","Lee\u0027s Waffle","Nunchaku","Pantograph","PreservedInsect","Bottled Lightning","Blue Candle","Anchor","Black Star","Shovel","Regal Pillow","Incense Burner","MealTicket","Calipers","Gremlin Horn","ClockworkSouvenir","Pear","TungstenRod"],"acts_visited":["Exordium","TheCity","TheBeyond"],"potions_floor_usage":[46,46,50,50],"damage_taken":[{"damage":8.0,"enemies":"Jaw Worm","floor":1.0,"turns":6.0},{"damage":0.0,"enemies":"Small Slimes","floor":2.0,"turns":4.0},{"damage":0.0,"enemies":"2 Louse","floor":3.0,"turns":4.0},{"damage":0.0,"enemies":"2 Fungi Beasts","floor":4.0,"turns":4.0},{"damage":4.0,"enemies":"Looter","floor":5.0,"turns":4.0},{"damage":5.0,"enemies":"Lagavulin","floor":8.0,"turns":5.0},{"damage":5.0,"enemies":"Red Slaver","floor":10.0,"turns":3.0},{"damage":14.0,"enemies":"Gremlin Gang","floor":11.0,"turns":4.0},{"damage":7.0,"enemies":"3 Sentries","floor":13.0,"turns":6.0},{"damage":6.0,"enemies":"Large Slime","floor":14.0,"turns":5.0},{"damage":22.0,"enemies":"Slime Boss","floor":16.0,"turns":8.0},{"damage":2.0,"enemies":"2 Thieves","floor":18.0,"turns":4.0},{"damage":6.0,"enemies":"3 Byrds","floor":19.0,"turns":5.0},{"damage":24.0,"enemies":"Slavers","floor":23.0,"turns":7.0},{"damage":6.0,"enemies":"Gremlin Leader","floor":25.0,"turns":6.0},{"damage":2.0,"enemies":"Snecko","floor":27.0,"turns":4.0},{"damage":1.0,"enemies":"Slavers","floor":28.0,"turns":3.0},{"damage":18.0,"enemies":"Shelled Parasite and Fungi","floor":30.0,"turns":5.0},{"damage":2.0,"enemies":"Book of Stabbing","floor":31.0,"turns":5.0},{"damage":43.0,"enemies":"Champ","floor":33.0,"turns":9.0},{"damage":9.0,"enemies":"Orb Walker","floor":35.0,"turns":3.0},{"damage":12.0,"enemies":"Mind Bloom Boss Battle","floor":36.0,"turns":7.0},{"damage":2.0,"enemies":"3 Darklings","floor":37.0,"turns":4.0},{"damage":12,"enemies":"Writhing Mass","floor":38,"turns":6},{"damage":35,"enemies":"Giant Head","floor":40,"turns":9},{"damage":14,"enemies":"Nemesis","floor":42,"turns":7},{"damage":10,"enemies":"Reptomancer","floor":46,"turns":5},{"damage":17,"enemies":"Maw","floor":48,"turns":8},{"damage":43,"enemies":"Time Eater","floor":50,"turns":13}],"seed_played":"-1312518267627913036","potions_obtained":[{"floor":2.0,"key":"FearPotion"},{"floor":3.0,"key":"Block Potion"},{"floor":4.0,"key":"Block Potion"},{"floor":8.0,"key":"FairyPotion"},{"floor":14.0,"key":"ColorlessPotion"},{"floor":18.0,"key":"Ancient Potion"},{"floor":25.0,"key":"Weak Potion"},{"floor":27.0,"key":"AttackPotion"},{"floor":28.0,"key":"SkillPotion"},{"floor":33.0,"key":"BlessingOfTheForge"},{"floor":36.0,"key":"LiquidMemories"},{"floor":40,"key":"Explosive Potion"},{"floor":46,"key":"FearPotion"},{"floor":48,"key":"Fire Potion"}],"is_trial":false,"path_per_floor":["M","M","M","M","M","R","?","E","T","M","M","R","E","M","R","B",null,"M","M","?","$","?","E","R","E","T","M","E","R","M","E","R","B",null,"M","?","M","M","?","E","R","E","T","$","?","E","?","M","R","B",null],"character_chosen":"NECROMANCER","items_purchased":["Lee\u0027s Waffle","Nunchaku","PowerPotion","Summon_Lich","ClockworkSouvenir","Block Potion"],"campfire_rested":1,"item_purchase_floors":[21,21,21,44,44,44],"current_hp_per_floor":[62,66,70,74,72,72,72,69,69,66,60,60,59,57,57,43,67,69,69,69,82,82,64,64,64,64,64,69,69,55,55,55,39,71,64,72,72,62,62,29,29,17,17,32,32,40,40,25,65,44],"gold":173,"neow_bonus":"ONE_RARE_RELIC","is_daily":false,"chose_seed":false,"campfire_upgraded":7,"win_rate":0.0,"timestamp":1611593959,"path_taken":["M","M","M","M","M","R","?","E","T","M","M","R","E","M","R","BOSS","M","M","?","$","?","E","R","E","T","M","E","R","M","E","R","BOSS","M","?","M","M","?","E","R","E","T","$","?","E","?","M","R","BOSS"],"items_purchased_type":["Relic","Relic","Potion","Card","Relic","Potion"],"build_version":"2020-12-22","purchased_purges":2,"victory":true,"max_hp_per_floor":[75,75,75,75,75,75,75,75,75,75,75,75,75,75,75,75,75,75,75,75,82,82,82,82,82,82,82,82,82,82,82,82,82,82,82,82,82,82,82,82,82,82,82,79,79,89,85,85,85,85],"card_choices":[{"not_picked":["Bone_Bullets","Stop_Heart"],"picked":"Negative_Energy_Sphere","floor":1.0},{"not_picked":["Shackles_Of_Pain","Bones_to_Steel","Slay_Living"],"picked":"SKIP","floor":2.0},{"not_picked":["Toxic_Smoke_Screen","Violent_Necrosis"],"picked":"Flesh_Made_Foul","floor":3.0},{"not_picked":["Blood_Curse","Negative_Energy_Shield","Life_Drain"],"picked":"SKIP","floor":4.0},{"not_picked":["Summon_Lich","Bone_Armor"],"picked":"Grasp_Heart","floor":5.0},{"not_picked":["Blood_Curse","Death_March_Dance"],"picked":"Bone_Prison","floor":8.0},{"not_picked":["Necromantic_Selection","Death_Coil","Deaths_Shadow"],"picked":"SKIP","floor":10.0},{"not_picked":["Thousand_Bone_Knives","Slay_Living","Stop_Heart"],"picked":"SKIP","floor":11.0},{"not_picked":["Vampiric_Strike","Bone_Shift"],"picked":"Spectral_Walk","floor":13.0},{"not_picked":["Flesh_Made_Foul","Toxic_Smoke_Screen","Bone_Spikes"],"picked":"SKIP","floor":14.0},{"not_picked":["Detonate_Bones","Negative_Energy_Bomb"],"picked":"Summon_Death_Knight","floor":16.0},{"not_picked":["Bone_Bullets","Death_March_Dance+1","Blood_Is_Power"],"picked":"SKIP","floor":18.0},{"not_picked":["Strike_from_Beyond","Bone_Shift","Bones_to_Steel+1"],"picked":"SKIP","floor":19.0},{"not_picked":["Blood_Shield","Bones_to_Steel","Death_Knell"],"picked":"SKIP","floor":23.0},{"not_picked":["Negative_Energy_Sphere","Bone_Armory+1"],"picked":"Summon_Lich","floor":25.0},{"not_picked":["Scare","Exploit+1"],"picked":"Summon_Undead_Army","floor":27.0},{"not_picked":["Finger_Of_Death+1","Strike_from_Beyond+1","Blood_Shield+1"],"picked":"SKIP","floor":28.0},{"not_picked":["Scare","Blood_Whip"],"picked":"Necrotic_Claws","floor":30.0},{"not_picked":["Blood_for_Blood","Bone_Shift","Shackles_Of_Pain"],"picked":"SKIP","floor":31.0},{"not_picked":["Blood_Wake","Cloudkill"],"picked":"Summon_Death_Knight","floor":33.0},{"not_picked":["Bone_Armor","Finger_Of_Death","Plague_Bolt+1"],"picked":"SKIP","floor":35.0},{"not_picked":["Blood_Is_Power+1","Bone_Bullets+1","Bone_Armor+1"],"picked":"SKIP","floor":37.0},{"not_picked":["Negative_Energy_Javelin+1","Death_Knell","Flesh_Made_Foul"],"picked":"SKIP","floor":38},{"not_picked":["Cloudkill","Blood_Wake","Pandemic+1"],"picked":"SKIP","floor":40},{"not_picked":["Bone_Spikes","Negative_Energy_Javelin"],"picked":"Spectral_Walk","floor":42},{"not_picked":["Negative_Energy_Javelin","Blood_Whip","Scare"],"picked":"SKIP","floor":46},{"not_picked":["Vampiric_Strike","Violent_Necrosis+1","Bone_Shift"],"picked":"SKIP","floor":48}],"player_experience":272459,"relics_obtained":[{"floor":8.0,"key":"Happy Flower"},{"floor":9.0,"key":"Shuriken"},{"floor":13.0,"key":"Torii"},{"floor":23.0,"key":"Pantograph"},{"floor":25.0,"key":"PreservedInsect"},{"floor":26.0,"key":"Bottled Lightning"},{"floor":28.0,"key":"Blue Candle"},{"floor":31.0,"key":"Anchor"},{"floor":36.0,"key":"Shovel"},{"floor":40,"key":"Regal Pillow"},{"floor":40,"key":"Incense Burner"},{"floor":42,"key":"MealTicket"},{"floor":42,"key":"Calipers"},{"floor":43,"key":"Gremlin Horn"},{"floor":46,"key":"Pear"},{"floor":46,"key":"TungstenRod"}],"event_choices":[{"damage_healed":0.0,"max_hp_gain":0.0,"max_hp_loss":0.0,"gold_gain":73.0,"event_name":"Golden Wing","player_choice":"Gained Gold","floor":7.0,"gold_loss":0.0,"damage_taken":0.0},{"damage_healed":0.0,"max_hp_gain":0.0,"max_hp_loss":0.0,"gold_gain":99.0,"event_name":"Nest","player_choice":"Stole From Cult","floor":20.0,"gold_loss":0.0,"damage_taken":0.0},{"damage_healed":0.0,"max_hp_gain":0.0,"max_hp_loss":0.0,"gold_gain":0.0,"event_name":"Ghosts","player_choice":"Ignored","floor":22.0,"gold_loss":0.0,"damage_taken":0.0},{"damage_healed":0.0,"max_hp_gain":0.0,"max_hp_loss":0.0,"gold_gain":0.0,"event_name":"MindBloom","player_choice":"Fight","floor":36.0,"gold_loss":0.0,"damage_taken":0.0},{"damage_healed":0,"gold_gain":0,"player_choice":"Memory 1","damage_taken":0,"max_hp_gain":0,"max_hp_loss":0,"event_name":"SensoryStone","floor":39,"gold_loss":0},{"cards_removed":["Negative_Energy_Sphere"],"damage_healed":0,"gold_gain":0,"player_choice":"Removed Attack","damage_taken":0,"max_hp_gain":0,"max_hp_loss":0,"event_name":"Falling","floor":45,"gold_loss":0},{"damage_healed":0,"gold_gain":0,"player_choice":"Max HP","damage_taken":0,"max_hp_gain":0,"max_hp_loss":4,"event_name":"Winding Halls","floor":47,"gold_loss":0}],"is_beta":false,"boss_relics":[{"not_picked":["Fusion Hammer","Empty Cage"],"picked":"Cursed Key"},{"not_picked":["Busted Crown","Tiny House"],"picked":"Black Star"}],"items_purged_floors":[21,44],"is_endless":false,"potions_floor_spawned":[2,3,4,8,14,18,25,27,28,33,36,40,46,48],"ascension_level":7}}