{"host":"l5zfpd2l2htson6l","time":1611594655,"event":{"mods":["AchievementEnabler","BaseMod","Colored Map","Colored Powertips","Minty Spire (QoL Compilation)","Permanent Neow","Quick Restart","Rare Cards Sparkle","Relic Stats","SuperFastMode"],"gold_per_floor":[117,137,154,154,173,173,207,227,227,227,239,271,296,325,325,422,422,438,138,118,118,128,153,153,153,229,35,55,55,55,85,85,185,185,202,221,239,34,44,70,70,95,150,1,15,15,44,57,57,57],"floor_reached":51,"language":"ENG","playtime":4376,"items_purged":["Strike_R","Strike_R"],"score":849,"play_id":"eff04f02-a407-4ec1-b9ef-17edf3d3619e","local_time":"20210125091055","is_ascension_mode":true,"campfire_choices":[{"data":"Rage","floor":6.0,"key":"SMITH"},{"data":"Fiend Fire","floor":10.0,"key":"SMITH"},{"floor":15.0,"key":"REST"},{"data":"Dual Wield","floor":24,"key":"SMITH"},{"floor":30,"key":"REST"},{"floor":32,"key":"REST"},{"data":"Uppercut","floor":41,"key":"SMITH"},{"data":"Burning Pact","floor":46,"key":"SMITH"},{"data":"Inflame","floor":49,"key":"SMITH"}],"circlet_count":0,"master_deck":["Strike_R","Strike_R","Defend_R","Defend_R","Defend_R","Defend_R","Bash","Limit Break+1","Flame Barrier+1","Inflame+1","Cleave","Rage+1","Fiend Fire+1","Inflame","Dual Wield+1","Burning Pact+1","Berserk+1","Demon Form+1","Metallicize+1","Shockwave+1","Uppercut+1","Disarm+1","Reaper","Heavy Blade+1","Heavy Blade+1","Parasite","Power Through+1"],"relics":["Burning Blood","War Paint","Smiling Mask","Frozen Egg 2","Bottled Lightning","Odd Mushroom","Sundial","Snecko Eye","Question Card","Art of War","Enchiridion","Paper Frog","OrangePellets","Blue Candle","Cursed Key","ClockworkSouvenir","Shuriken","Toxic Egg 2","Vajra","Juzu Bracelet"],"acts_visited":["Exordium","TheCity","TheBeyond"],"potions_floor_usage":[23,31,33,40,47],"damage_taken":[{"damage":5.0,"enemies":"Cultist","floor":1.0,"turns":4.0},{"damage":0.0,"enemies":"Small Slimes","floor":2.0,"turns":3.0},{"damage":7.0,"enemies":"2 Louse","floor":3.0,"turns":3.0},{"damage":22.0,"enemies":"Large Slime","floor":5.0,"turns":5.0},{"damage":6.0,"enemies":"Gremlin Nob","floor":7.0,"turns":4.0},{"damage":4.0,"enemies":"Red Slaver","floor":8.0,"turns":4.0},{"damage":15.0,"enemies":"Exordium Wildlife","floor":11.0,"turns":4.0},{"damage":13.0,"enemies":"Lagavulin","floor":12.0,"turns":5.0},{"damage":3.0,"enemies":"The Mushroom Lair","floor":13.0,"turns":5.0},{"damage":17.0,"enemies":"3 Sentries","floor":14.0,"turns":6.0},{"damage":38.0,"enemies":"The Guardian","floor":16.0,"turns":9.0},{"damage":20.0,"enemies":"Shell Parasite","floor":18.0,"turns":6.0},{"damage":12,"enemies":"2 Thieves","floor":20,"turns":4},{"damage":22,"enemies":"Shelled Parasite and Fungi","floor":22,"turns":4},{"damage":16,"enemies":"Slavers","floor":23,"turns":6},{"damage":0,"enemies":"Centurion and Healer","floor":28,"turns":5},{"damage":23,"enemies":"Gremlin Leader","floor":31,"turns":5},{"damage":29,"enemies":"Collector","floor":33,"turns":7},{"damage":21,"enemies":"Orb Walker","floor":35,"turns":4},{"damage":27,"enemies":"3 Darklings","floor":36,"turns":6},{"damage":18,"enemies":"Spire Growth","floor":37,"turns":4},{"damage":28,"enemies":"Jaw Worm Horde","floor":39,"turns":4},{"damage":25,"enemies":"Reptomancer","floor":40,"turns":9},{"damage":4,"enemies":"Giant Head","floor":42,"turns":5},{"damage":22,"enemies":"Maw","floor":45,"turns":5},{"damage":49,"enemies":"Reptomancer","floor":47,"turns":4},{"damage":16,"enemies":"3 Darklings","floor":48,"turns":5},{"damage":12,"enemies":"Time Eater","floor":50,"turns":6}],"seed_played":"-3332606463943167865","potions_obtained":[{"floor":1.0,"key":"Weak Potion"},{"floor":2.0,"key":"DuplicationPotion"},{"floor":11.0,"key":"LiquidBronze"},{"floor":13.0,"key":"Dexterity Potion"},{"floor":14.0,"key":"Dexterity Potion"},{"floor":18.0,"key":"PowerPotion"},{"floor":28,"key":"Fire Potion"},{"floor":31,"key":"LiquidMemories"},{"floor":33,"key":"Fire Potion"},{"floor":37,"key":"AttackPotion"},{"floor":45,"key":"SkillPotion"},{"floor":47,"key":"GamblersBrew"}],"is_trial":false,"path_per_floor":["M","M","M","?","M","R","E","M","T","R","M","E","?","E","R","B",null,"M","$","M","?","M","E","R","?","T","$","M","?","R","E","R","B",null,"M","M","M","$","M","E","R","E","T","$","M","R","E","M","R","B",null],"character_chosen":"IRONCLAD","items_purchased":["Question Card","OrangePellets","Uppercut","ClockworkSouvenir","Vajra"],"campfire_rested":3,"item_purchase_floors":[19,27,27,38,44],"current_hp_per_floor":[80,80,79,72,56,56,56,58,58,58,49,42,45,34,58,26,80,66,66,60,60,44,34,34,18,18,18,24,24,48,31,55,32,80,71,80,68,68,59,40,40,42,42,42,64,64,46,66,66,80],"gold":57,"neow_bonus":"ONE_RANDOM_RARE_CARD","is_daily":false,"chose_seed":false,"campfire_upgraded":6,"win_rate":0.0,"timestamp":1611594655,"path_taken":["M","M","?","?","M","R","E","M","T","R","M","E","?","E","R","BOSS","M","$","M","?","?","E","R","?","T","$","M","?","R","E","R","BOSS","M","?","M","$","M","E","R","E","T","$","M","R","E","M","R","BOSS"],"items_purchased_type":["Relic","Relic","Card","Relic","Relic"],"build_version":"2020-12-22","purchased_purges":2,"victory":true,"max_hp_per_floor":[80,80,80,80,80,80,80,80,80,80,80,80,80,80,80,80,80,80,80,80,80,80,80,80,80,80,80,80,80,80,80,80,80,80,80,80,80,80,80,80,80,80,80,80,80,80,80,80,80,80],"relic_stats":{"counters":[28,141],"Blue Candle":[0],"Juzu Bracelet":0,"War Paint":["Flame Barrier","Limit Break"],"Smiling Mask":75,"Question Card":15,"Cursed Key":1,"Burning Blood":149,"OrangePellets":[19],"Sundial":[18],"Shuriken":[2],"Snecko Eye":[86,87,70,87],"Art of War":[18],"obtain_stats":[{"Blue Candle":31,"Enchiridion":25,"Vajra":44,"Juzu Bracelet":47,"War Paint":4,"Frozen Egg 2":9,"Odd Mushroom":13,"Smiling Mask":7,"Question Card":19,"Cursed Key":34,"Burning Blood":0,"ClockworkSouvenir":38,"OrangePellets":27,"Sundial":14,"Shuriken":40,"Snecko Eye":17,"Art of War":23,"Bottled Lightning":12,"Toxic Egg 2":42,"Paper Frog":26},{"Blue Candle":17,"Enchiridion":15,"Vajra":24,"Juzu Bracelet":26,"War Paint":3,"Frozen Egg 2":6,"Odd Mushroom":9,"Smiling Mask":5,"Question Card":12,"Cursed Key":18,"Burning Blood":0,"ClockworkSouvenir":21,"OrangePellets":15,"Sundial":10,"Shuriken":23,"Snecko Eye":11,"Art of War":15,"Bottled Lightning":8,"Toxic Egg 2":24,"Paper Frog":15},{"Blue Candle":82,"Enchiridion":72,"Vajra":121,"Juzu Bracelet":130,"War Paint":10,"Frozen Egg 2":23,"Odd Mushroom":37,"Smiling Mask":19,"Question Card":58,"Cursed Key":89,"Burning Blood":0,"ClockworkSouvenir":103,"OrangePellets":72,"Sundial":43,"Shuriken":116,"Snecko Eye":52,"Art of War":72,"Bottled Lightning":32,"Toxic Egg 2":121,"Paper Frog":72}]},"card_choices":[{"not_picked":["True Grit","Shrug It Off"],"picked":"Flame Barrier","floor":1.0},{"not_picked":["Heavy Blade","Dual Wield"],"picked":"Inflame","floor":2.0},{"not_picked":["Perfected Strike","Evolve"],"picked":"Cleave","floor":3.0},{"not_picked":["Perfected Strike","Clash"],"picked":"Rage","floor":5.0},{"not_picked":["Sword Boomerang","Battle Trance"],"picked":"Fiend Fire","floor":7.0},{"not_picked":["Anger","Bloodletting"],"picked":"Inflame","floor":8.0},{"not_picked":["Iron Wave","Body Slam"],"picked":"Dual Wield","floor":11.0},{"not_picked":["Havoc","Thunderclap","True Grit"],"picked":"SKIP","floor":12.0},{"not_picked":["Evolve+1","Dropkick"],"picked":"Burning Pact","floor":13.0},{"not_picked":["Armaments","Infernal Blade"],"picked":"Berserk+1","floor":14.0},{"not_picked":["Berserk+1","Impervious"],"picked":"Demon Form+1","floor":16.0},{"not_picked":["Anger+1","Spot Weakness"],"picked":"Metallicize+1","floor":18.0},{"not_picked":["Dropkick","Rupture+1","Havoc","Cleave"],"picked":"SKIP","floor":20},{"not_picked":["Rupture+1","Uppercut","Havoc"],"picked":"Shockwave+1","floor":22},{"not_picked":["Bloodletting","Inflame+1","Havoc","Spot Weakness"],"picked":"SKIP","floor":23},{"not_picked":["Shrug It Off+1","Clash","Combust+1"],"picked":"Disarm+1","floor":28},{"not_picked":["Sentinel","Disarm","Power Through","Armaments+1"],"picked":"SKIP","floor":31},{"not_picked":["Exhume","Berserk+1","Bludgeon"],"picked":"Reaper","floor":33},{"not_picked":["Flex","Shrug It Off","Pommel Strike+1","Iron Wave"],"picked":"SKIP","floor":35},{"not_picked":["Shrug It Off","Disarm+1","Armaments"],"picked":"Heavy Blade+1","floor":36},{"not_picked":["Headbutt+1","Battle Trance+1","Infernal Blade+1"],"picked":"Heavy Blade+1","floor":37},{"not_picked":["Reaper","Warcry","Reckless Charge","Burning Pact+1"],"picked":"SKIP","floor":39},{"not_picked":["Anger+1","Clash","Sever Soul+1","Cleave"],"picked":"SKIP","floor":40},{"not_picked":["Twin Strike","Burning Pact+1","Barricade+1","Fire Breathing+1"],"picked":"SKIP","floor":42},{"not_picked":["Thunderclap","Battle Trance+1","Dual Wield+1"],"picked":"Power Through+1","floor":45},{"not_picked":["Intimidate+1","Sword Boomerang+1","Rage+1","Flex+1"],"picked":"SKIP","floor":47},{"not_picked":["Sword Boomerang+1","Disarm+1","Sever Soul","Wild Strike+1"],"picked":"SKIP","floor":48}],"player_experience":675135,"relics_obtained":[{"floor":7.0,"key":"Smiling Mask"},{"floor":9.0,"key":"Frozen Egg 2"},{"floor":12.0,"key":"Bottled Lightning"},{"floor":13.0,"key":"Odd Mushroom"},{"floor":14.0,"key":"Sundial"},{"floor":23,"key":"Art of War"},{"floor":25,"key":"Enchiridion"},{"floor":26,"key":"Paper Frog"},{"floor":31,"key":"Blue Candle"},{"floor":40,"key":"Shuriken"},{"floor":42,"key":"Toxic Egg 2"},{"floor":47,"key":"Juzu Bracelet"}],"event_choices":[{"damage_healed":0.0,"max_hp_gain":0.0,"max_hp_loss":0.0,"gold_gain":0.0,"event_name":"Scrap Ooze","player_choice":"Success","floor":4.0,"gold_loss":0.0,"damage_taken":7.0,"relics_obtained":["War Paint"]},{"damage_healed":0.0,"max_hp_gain":0.0,"max_hp_loss":0.0,"gold_gain":0.0,"event_name":"Mushrooms","player_choice":"Fought Mushrooms","floor":13.0,"gold_loss":0.0,"damage_taken":0.0},{"cards_removed":["Strike_R"],"damage_healed":0,"gold_gain":0,"player_choice":"Purged","damage_taken":0,"max_hp_gain":0,"max_hp_loss":0,"event_name":"Purifier","floor":21,"gold_loss":0},{"damage_healed":0,"gold_gain":0,"player_choice":"Obtained Book","damage_taken":16,"max_hp_gain":0,"max_hp_loss":0,"event_name":"Cursed Tome","floor":25,"gold_loss":0},{"damage_healed":0,"gold_gain":0,"player_choice":"0 cards matched","damage_taken":0,"max_hp_gain":0,"max_hp_loss":0,"event_name":"Match and Keep!","floor":29,"gold_loss":0,"cards_obtained":[]}],"is_beta":false,"boss_relics":[{"not_picked":["Astrolabe","Calling Bell"],"picked":"Snecko Eye"},{"not_picked":["Sozu","Philosopher\u0027s Stone"],"picked":"Cursed Key"}],"items_purged_floors":[19,38],"is_endless":false,"potions_floor_spawned":[1,2,11,13,14,18,28,31,33,37,39,45,47,48],"ascension_level":2}}