{"host":"36umirwmj0u9xjg7","time":1611605866,"event":{"mods":["Aspiration","BaseMod","CCEM","Downfall","Minty Spire (QoL Compilation)","Reliquary","Replay The Spire","StS++","StSLib","The Construct","The Gatherer","The Necromancer","The Runesmith"],"gold_per_floor":[112,13,13,27,27,27,58,77,77,120,120,4,25,44,44,174,174,193,193,217,217,217,217,252,252,252,265,165,357,357,357],"floor_reached":30,"language":"ENG","playtime":1416,"items_purged":["Runesmith:CraftFirestone","Runesmith:HammerAndChisel"],"score":269,"play_id":"31bf6a50-11ef-4782-acc0-315ec48e4ba8","local_time":"20210125211746","is_ascension_mode":true,"campfire_choices":[{"data":"Runesmith:PoweredAnvil","floor":6,"key":"SMITH"},{"floor":11,"key":"REST"},{"floor":15,"key":"DIG"},{"floor":23,"key":"REST"},{"floor":25,"key":"REST"}],"circlet_count":0,"master_deck":["Runesmith:Strike_RS+1","Runesmith:Strike_RS+1","Runesmith:Strike_RS+1","Runesmith:Strike_RS+1","Runesmith:Defend_RS+1","Runesmith:Defend_RS+1","Runesmith:Defend_RS+1","Runesmith:Defend_RS+1","Runesmith:Fortify","Runesmith:PoweredAnvil+1","Runesmith:CraftMagma","Runesmith:EarthShield","Runesmith:HammerThrow+1","Runesmith:PoweredAnvil","Runesmith:DoubleUp","Runesmith:GrandSlam+1","Runesmith:CraftProtectio","Runesmith:Grindstone+1"],"relics":["Runesmith:CoreCrystal","aspiration:Nostalgia","Cracked Core","Bloody Idol","Molten Egg 2","reliquary:Aerogel","CCEMRelics:JestersCrown","reliquary:Knoch","Pet Ghost","Nilry\u0027s Codex","Eternal Feather","Shuriken"],"acts_visited":["Exordium","TheCity"],"potions_floor_usage":[10,20,24,24],"damage_taken":[{"damage":9,"enemies":"2 Louse","floor":1,"turns":2},{"damage":0,"enemies":"Jaw Worm","floor":4,"turns":4},{"damage":11,"enemies":"Lagavulin","floor":7,"turns":6},{"damage":0,"enemies":"Cultist","floor":8,"turns":4},{"damage":27,"enemies":"Gremlin Nob","floor":10,"turns":5},{"damage":11,"enemies":"Blue Slaver","floor":13,"turns":4},{"damage":5,"enemies":"3 Louse","floor":14,"turns":4},{"damage":15,"enemies":"Hexaghost","floor":16,"turns":12},{"damage":22,"enemies":"Shell Parasite","floor":18,"turns":8},{"damage":7,"enemies":"3 Byrds","floor":20,"turns":6},{"damage":28,"enemies":"Book of Stabbing","floor":24,"turns":9},{"damage":13,"enemies":"Centurion and Healer","floor":27,"turns":11},{"damage":44,"enemies":"3 Cultists","floor":30,"turns":5}],"seed_played":"5685207412475301570","potions_obtained":[{"floor":8,"key":"Fire Potion"},{"floor":10,"key":"ColorlessPotion"},{"floor":13,"key":"Swift Potion"},{"floor":16,"key":"BlessingOfTheForge"},{"floor":27,"key":"SteroidPotion"}],"is_trial":false,"path_per_floor":["M","$","?","M","T","R","E","M","T","E","R","$","M","M","R","B",null,"M","?","M","?","?","R","E","R","T","M","$","?","M"],"character_chosen":"RUNESMITH_CLASS","items_purchased":["Runesmith:CraftMagma","Runesmith:EarthShield","Runesmith:PoweredAnvil"],"campfire_rested":3,"item_purchase_floors":[2,2,12],"current_hp_per_floor":[61,61,61,61,61,61,50,50,50,23,42,42,31,26,26,11,65,43,27,20,20,20,39,16,44,44,36,36,41,0,0],"gold":357,"neow_bonus":"NOSTALGIA","is_daily":false,"chose_seed":false,"campfire_upgraded":1,"win_rate":0.0,"timestamp":1611605866,"path_taken":["M","$","?","M","?","R","E","M","T","E","R","?","M","M","R","BOSS","M","?","M","?","?","R","E","R","T","?","$","?","M"],"items_purchased_type":["Card","Card","Card"],"build_version":"2020-12-22","purchased_purges":2,"victory":false,"max_hp_per_floor":[70,70,65,65,65,65,65,65,65,65,65,65,65,65,65,65,65,65,65,65,65,65,65,65,65,65,65,65,65,65,65],"card_choices":[{"not_picked":["Runesmith:Grindstone","Runesmith:EarthShield"],"picked":"Runesmith:PoweredAnvil","floor":1},{"not_picked":["Runesmith:MakeshiftArmor","Runesmith:StaticCage","Runesmith:BackupBattery"],"picked":"SKIP","floor":4},{"not_picked":["Runesmith:ChaoticBlast+1","Runesmith:EnergizedChisel+1","Runesmith:Malloc"],"picked":"SKIP","floor":7},{"not_picked":["Runesmith:ChaoticBlast+1","Runesmith:EnergizedChisel+1","Runesmith:Malloc"],"picked":"SKIP","floor":7},{"not_picked":["Runesmith:Permafrost","Runesmith:GoWithTheFlow+1"],"picked":"Runesmith:HammerThrow+1","floor":8},{"not_picked":["Runesmith:EarthShield","Runesmith:ChiselStab+1"],"picked":"Runesmith:HammerAndChisel","floor":10},{"not_picked":["Runesmith:HeatExchange+1","Runesmith:Discharge+1","Runesmith:UnstableHammer+1"],"picked":"SKIP","floor":13},{"not_picked":["Runesmith:HeatedChisel+1","Runesmith:ChaoticBlast+1"],"picked":"Runesmith:DoubleUp","floor":14},{"not_picked":["Runesmith:GenerateForcefield","Runesmith:LastStand"],"picked":"Runesmith:GrandSlam+1","floor":16},{"not_picked":["Runesmith:CraftMagma","Runesmith:EnergizedChisel+1","Runesmith:FrozenChisel+1"],"picked":"SKIP","floor":18},{"not_picked":["Runesmith:Empowerment+1","Runesmith:ChiselStab+1"],"picked":"Runesmith:CraftProtectio","floor":20},{"not_picked":["Runesmith:EnergizedChisel+1","Runesmith:HammerThrow+1"],"picked":"Runesmith:Grindstone+1","floor":24},{"not_picked":["Runesmith:HeatedChisel+1","Runesmith:EnergizedChisel+1","Runesmith:Empowerment"],"picked":"SKIP","floor":27}],"player_experience":147988,"relics_obtained":[{"floor":5,"key":"Molten Egg 2"},{"floor":7,"key":"reliquary:Aerogel"},{"floor":9,"key":"CCEMRelics:JestersCrown"},{"floor":10,"key":"reliquary:Knoch"},{"floor":15,"key":"Pet Ghost"},{"floor":19,"key":"Nilry\u0027s Codex"},{"floor":24,"key":"Eternal Feather"},{"floor":26,"key":"Shuriken"}],"event_choices":[{"damage_healed":0,"gold_gain":0,"player_choice":"Lose Max HP","damage_taken":0,"relics_obtained":["Golden Idol"],"max_hp_gain":0,"max_hp_loss":5,"event_name":"Golden Idol","floor":3,"gold_loss":0},{"damage_healed":0,"gold_gain":0,"player_choice":"Obtained Book","damage_taken":16,"max_hp_gain":0,"max_hp_loss":0,"event_name":"Cursed Tome","floor":19,"gold_loss":0},{"damage_healed":0,"gold_gain":0,"player_choice":"Gave Idol","damage_taken":0,"relics_obtained":["Bloody Idol"],"max_hp_gain":0,"max_hp_loss":0,"event_name":"Forgotten Altar","floor":21,"relics_lost":["Golden Idol"],"gold_loss":0},{"damage_healed":0,"gold_gain":0,"player_choice":"Simplicity","damage_taken":0,"max_hp_gain":0,"max_hp_loss":0,"event_name":"Back to Basics","floor":22,"gold_loss":0,"cards_upgraded":["Runesmith:Strike_RS","Runesmith:Strike_RS","Runesmith:Strike_RS","Runesmith:Strike_RS","Runesmith:Defend_RS","Runesmith:Defend_RS","Runesmith:Defend_RS","Runesmith:Defend_RS"]}],"is_beta":false,"boss_relics":[{"not_picked":["reliquary:WritOfMandamus","aspiration:SecretTechniqueScroll"],"picked":"Runesmith:CoreCrystal"}],"items_purged_floors":[12,28],"is_endless":false,"potions_floor_spawned":[8,10,13,16,18,27],"killed_by":"3 Cultists","ascension_level":1}}