{"host":"zk71suw73lg2r165","time":1611542133,"event":{"mods":["BaseMod","Colored Map","Minty Spire (QoL Compilation)","Permanent Neow","Relic Stats","StSLib"],"gold_per_floor":[116,116,132,48,66,66,92,92,118,145,110,139,22,33,33,33,33],"floor_reached":16,"language":"ENG","playtime":512,"items_purged":["Strike_G"],"score":236,"play_id":"7479a022-cce6-498f-96ac-7379911fcefc","local_time":"20210124213533","is_ascension_mode":true,"campfire_choices":[{"data":"Noxious Fumes","floor":6.0,"key":"SMITH"},{"data":"Bouncing Flask","floor":8.0,"key":"SMITH"},{"floor":15.0,"key":"REST"}],"circlet_count":0,"master_deck":["AscendersBane","Strike_G","Strike_G","Strike_G","Strike_G","Defend_G","Defend_G","Defend_G","Defend_G","Defend_G","Survivor","Neutralize+1","Leg Sweep","Dagger Throw","Blade Dance","Escape Plan","Noxious Fumes+1","Well Laid Plans","PiercingWail","Bouncing Flask+1","Poisoned Stab","Noxious Fumes","Accuracy","Predator","Crippling Poison"],"relics":["Ring of the Snake","Prayer Wheel","Juzu Bracelet","Vajra","Art of War","StrikeDummy"],"acts_visited":["Exordium"],"potions_floor_usage":[16],"damage_taken":[{"damage":2.0,"enemies":"Jaw Worm","floor":1.0,"turns":8.0},{"damage":4.0,"enemies":"Cultist","floor":3.0,"turns":4.0},{"damage":0.0,"enemies":"2 Louse","floor":5.0,"turns":4.0},{"damage":16.0,"enemies":"Lagavulin","floor":7.0,"turns":7.0},{"damage":32.0,"enemies":"Gremlin Nob","floor":10.0,"turns":4.0},{"damage":13.0,"enemies":"3 Sentries","floor":12.0,"turns":6.0},{"damage":0.0,"enemies":"Large Slime","floor":14.0,"turns":3.0},{"damage":41,"enemies":"Slime Boss","floor":16,"turns":6}],"seed_played":"-7654754484056254110","potions_obtained":[{"floor":5.0,"key":"SteroidPotion"},{"floor":7.0,"key":"ColorlessPotion"},{"floor":10.0,"key":"CunningPotion"},{"floor":14.0,"key":"SneckoOil"}],"is_trial":false,"path_per_floor":["M","?","M","$","M","R","E","R","T","E","?","E","$","M","R","B"],"character_chosen":"THE_SILENT","items_purchased":["Noxious Fumes","Accuracy"],"campfire_rested":1,"item_purchase_floors":[4,13],"current_hp_per_floor":[57,57,53,53,53,53,37,37,37,5,20,7,7,7,25,0,0],"gold":33,"neow_bonus":"ONE_RARE_RELIC","is_daily":false,"chose_seed":false,"campfire_upgraded":2,"win_rate":0.0,"timestamp":1611542133,"path_taken":["M","?","M","?","M","R","E","R","T","E","?","E","$","M","R","BOSS"],"items_purchased_type":["Card","Card"],"build_version":"2020-12-22","purchased_purges":1,"victory":false,"max_hp_per_floor":[60,60,60,60,60,60,60,60,60,60,60,60,60,60,60,60,60],"relic_stats":{"counters":[8,42],"Prayer Wheel":4,"Juzu Bracelet":1,"Art of War":[1],"obtain_stats":[{"Vajra":9,"Prayer Wheel":0,"Juzu Bracelet":7,"Art of War":10,"StrikeDummy":12,"Ring of the Snake":0},{"Vajra":4,"Prayer Wheel":0,"Juzu Bracelet":4,"Art of War":5,"StrikeDummy":6,"Ring of the Snake":0},{"Vajra":23,"Prayer Wheel":0,"Juzu Bracelet":23,"Art of War":27,"StrikeDummy":33,"Ring of the Snake":0}],"Ring of the Snake":[16]},"card_choices":[{"not_picked":["Quick Slash","Choke"],"picked":"Leg Sweep","floor":1.0},{"not_picked":["Acrobatics","Masterful Stab"],"picked":"Dagger Throw","floor":1.0},{"not_picked":["Dodge and Roll","Dagger Throw"],"picked":"Blade Dance","floor":3.0},{"not_picked":["Bane","Dagger Throw"],"picked":"Escape Plan","floor":3.0},{"not_picked":["Flying Knee","Deflect"],"picked":"Well Laid Plans","floor":5.0},{"not_picked":["Sucker Punch","Prepared"],"picked":"PiercingWail","floor":5.0},{"not_picked":["Unload","Leg Sweep"],"picked":"Bouncing Flask","floor":7.0},{"not_picked":["Setup","Flying Knee"],"picked":"Poisoned Stab","floor":10.0},{"not_picked":["Acrobatics","Endless Agony"],"picked":"Noxious Fumes","floor":12.0},{"not_picked":["All Out Attack","Eviscerate"],"picked":"Predator","floor":14.0},{"not_picked":["Distraction","Slice"],"picked":"Crippling Poison","floor":14.0}],"player_experience":1360521,"relics_obtained":[{"floor":7.0,"key":"Juzu Bracelet"},{"floor":9.0,"key":"Vajra"},{"floor":10.0,"key":"Art of War"},{"floor":12.0,"key":"StrikeDummy"}],"event_choices":[{"damage_healed":0.0,"max_hp_gain":0.0,"max_hp_loss":0.0,"gold_gain":0.0,"event_name":"Upgrade Shrine","player_choice":"Upgraded","floor":2.0,"gold_loss":0.0,"damage_taken":0.0,"cards_upgraded":["Neutralize"]},{"damage_healed":15.0,"max_hp_gain":0.0,"max_hp_loss":0.0,"gold_gain":0.0,"event_name":"The Cleric","player_choice":"Healed","floor":11.0,"gold_loss":35.0,"damage_taken":0.0}],"is_beta":false,"boss_relics":[],"items_purged_floors":[13],"is_endless":false,"potions_floor_spawned":[5,7,10,14],"killed_by":"Slime Boss","ascension_level":20}}