{"host":"i09pxcjttd31eh4q","time":1611555454,"event":{"mods":["AchievementEnabler","BaseMod","Colored Map","Keyboard Shortcuts","Minty Spire (QoL Compilation)","StSLib","SuperFastMode"],"gold_per_floor":[15,34,53,66,66,66,66,95,95,20,20,30,42,59,59,59,59,72,85,85,85,102,112,146,146,198,198,217,40,40,40,40,118,118,130,130,80,100,112,112,112],"floor_reached":40,"language":"KOR","playtime":1351,"items_purged":["Strike_P","Strike_P"],"score":820,"play_id":"f0f1af34-e83e-4f93-939b-87aa97b1aba9","local_time":"20210125151734","is_ascension_mode":true,"campfire_choices":[{"data":"Eruption","floor":7.0,"key":"SMITH"},{"data":"EmptyFist","floor":11.0,"key":"SMITH"},{"data":"Wallop","floor":15.0,"key":"SMITH"},{"data":"PathToVictory","floor":25.0,"key":"SMITH"},{"floor":27.0,"key":"RECALL"},{"data":"Study","floor":32.0,"key":"SMITH"}],"circlet_count":0,"master_deck":["AscendersBane","Defend_P+1","Eruption+1","Vigilance+1","EmptyFist+1","PathToVictory+1","PathToVictory+1","PathToVictory+1","Study+1","Evaluate+1"],"relics":["PureWater","Yang","Coffee Dripper","WingedGreaves","Regal Pillow","Empty Cage"],"acts_visited":["Exordium","TheCity","TheBeyond"],"potions_floor_usage":[40],"damage_taken":[{"damage":4.0,"enemies":"Jaw Worm","floor":1.0,"turns":5.0},{"damage":0.0,"enemies":"2 Louse","floor":2.0,"turns":2.0},{"damage":0.0,"enemies":"Cultist","floor":3.0,"turns":3.0},{"damage":10.0,"enemies":"Gremlin Gang","floor":4.0,"turns":5.0},{"damage":8.0,"enemies":"Gremlin Nob","floor":8.0,"turns":3.0},{"damage":0.0,"enemies":"3 Louse","floor":12.0,"turns":2.0},{"damage":0.0,"enemies":"2 Fungi Beasts","floor":13.0,"turns":3.0},{"damage":2.0,"enemies":"Exordium Thugs","floor":14.0,"turns":3.0},{"damage":12.0,"enemies":"The Guardian","floor":16.0,"turns":8.0},{"damage":0.0,"enemies":"3 Byrds","floor":18.0,"turns":5.0},{"damage":0.0,"enemies":"2 Thieves","floor":19.0,"turns":4.0},{"damage":6.0,"enemies":"Cultist and Chosen","floor":22.0,"turns":5.0},{"damage":8.0,"enemies":"Snake Plant","floor":23.0,"turns":3.0},{"damage":19.0,"enemies":"Slavers","floor":24.0,"turns":5.0},{"damage":8.0,"enemies":"Chosen and Byrds","floor":28.0,"turns":4.0},{"damage":10.0,"enemies":"Automaton","floor":33.0,"turns":6.0},{"damage":27,"enemies":"3 Darklings","floor":35,"turns":3},{"damage":0,"enemies":"Orb Walker","floor":38,"turns":2},{"damage":1,"enemies":"4 Shapes","floor":39,"turns":4},{"damage":27,"enemies":"Nemesis","floor":40,"turns":3}],"seed_played":"-678755601073960755","potions_obtained":[{"floor":1.0,"key":"Ancient Potion"},{"floor":2.0,"key":"Block Potion"},{"floor":8.0,"key":"Block Potion"},{"floor":14.0,"key":"SpeedPotion"},{"floor":18.0,"key":"Weak Potion"},{"floor":23.0,"key":"Fire Potion"},{"floor":33.0,"key":"Dexterity Potion"},{"floor":35,"key":"Weak Potion"}],"is_trial":false,"path_per_floor":["M","M","M","M","?","?","R","E","T","$","R","M","M","M","R","B",null,"M","M","$","?","M","M","E","R","T","R","M","$","?","?","R","B",null,"M","?","?","M","M","E"],"character_chosen":"WATCHER","items_purchased":["Study"],"campfire_rested":0,"item_purchase_floors":[29],"current_hp_per_floor":[57,57,57,47,27,27,27,19,19,19,19,19,19,17,17,5,52,52,52,52,52,46,38,19,19,19,19,11,11,25,25,25,15,55,28,28,28,28,27,0,0],"gold":112,"neow_bonus":"REMOVE_TWO","is_daily":false,"chose_seed":false,"campfire_upgraded":5,"win_rate":0.0,"timestamp":1611555454,"path_taken":["M","M","M","M","?","?","R","E","T","$","R","M","M","M","R","BOSS","M","M","$","?","?","M","E","R","T","R","M","$","?","?","R","BOSS","M","?","?","?","M","E"],"items_purchased_type":["Card"],"build_version":"2020-12-22","purchased_purges":2,"victory":false,"max_hp_per_floor":[68,68,68,68,68,68,68,68,68,68,68,68,68,68,68,68,68,68,68,68,68,68,68,68,68,68,68,68,68,68,68,68,68,68,68,65,65,65,65,65,65],"card_choices":[{"not_picked":["Sanctity","Evaluate"],"picked":"EmptyFist","floor":1.0},{"not_picked":["Consecrate","FlyingSleeves","Halt"],"picked":"SKIP","floor":2.0},{"not_picked":["FlyingSleeves","WaveOfTheHand","EmptyFist"],"picked":"SKIP","floor":3.0},{"not_picked":["Halt","Collect","Fasting2"],"picked":"SKIP","floor":4.0},{"not_picked":["SashWhip","EmptyBody","WindmillStrike"],"picked":"SKIP","floor":8.0},{"not_picked":["FlyingSleeves","CutThroughFate"],"picked":"PathToVictory","floor":12.0},{"not_picked":["BowlingBash","Ragnarok"],"picked":"Wallop","floor":13.0},{"not_picked":["Perseverance","Consecrate","Wireheading"],"picked":"SKIP","floor":14.0},{"not_picked":["FlyingSleeves","Sanctity+1"],"picked":"PathToVictory+1","floor":18.0},{"not_picked":["WindmillStrike","FlurryOfBlows+1","ClearTheMind"],"picked":"SKIP","floor":19.0},{"not_picked":["SpiritShield","Halt","CrushJoints"],"picked":"SKIP","floor":22.0},{"not_picked":["SandsOfTime","FlyingSleeves","Wireheading+1"],"picked":"SKIP","floor":23.0},{"not_picked":["SignatureMove","LikeWater","Halt"],"picked":"SKIP","floor":24.0},{"not_picked":["Indignation","FollowUp"],"picked":"PathToVictory","floor":28.0},{"not_picked":["BowlingBash","CarveReality","FlurryOfBlows"],"picked":"SKIP","floor":35},{"not_picked":["EmptyFist+1","TalkToTheHand+1","Conclude"],"picked":"SKIP","floor":38},{"not_picked":["EmptyFist+1","TalkToTheHand+1","Conclude"],"picked":"SKIP","floor":38},{"not_picked":["LikeWater","Sanctity"],"picked":"Evaluate+1","floor":39}],"player_experience":872456,"relics_obtained":[{"floor":8.0,"key":"Yang"},{"floor":24.0,"key":"WingedGreaves"},{"floor":26.0,"key":"Regal Pillow"}],"event_choices":[{"damage_healed":0.0,"max_hp_gain":0.0,"max_hp_loss":0.0,"gold_gain":0.0,"event_name":"Shining Light","player_choice":"Entered Light","floor":5.0,"gold_loss":0.0,"damage_taken":20.0,"cards_upgraded":["Defend_P","Vigilance"]},{"cards_removed":["Defend_P"],"damage_healed":0.0,"max_hp_gain":0.0,"max_hp_loss":0.0,"gold_gain":0.0,"event_name":"Bonfire Elementals","player_choice":"Offered Basic","floor":6.0,"gold_loss":0.0,"damage_taken":0.0},{"cards_removed":["Strike_P"],"damage_healed":0.0,"max_hp_gain":0.0,"max_hp_loss":0.0,"gold_gain":0.0,"event_name":"Wheel of Change","player_choice":"Card Removal","floor":21.0,"gold_loss":0.0,"damage_taken":0.0},{"damage_healed":14.0,"max_hp_gain":0.0,"max_hp_loss":0.0,"gold_gain":0.0,"event_name":"The Library","player_choice":"Heal","floor":30.0,"gold_loss":0.0,"damage_taken":0.0},{"damage_healed":0,"gold_gain":0,"player_choice":"Max HP","damage_taken":0,"max_hp_gain":0,"max_hp_loss":3,"event_name":"Winding Halls","floor":36,"gold_loss":0},{"damage_healed":0,"gold_gain":0,"player_choice":"Tried to Upgrade","damage_taken":0,"max_hp_gain":0,"max_hp_loss":0,"event_name":"Designer","floor":37,"gold_loss":50,"cards_upgraded":["PathToVictory"]}],"is_beta":false,"boss_relics":[{"not_picked":["Busted Crown","HolyWater"],"picked":"Coffee Dripper"},{"not_picked":["Black Star","Calling Bell"],"picked":"Empty Cage"}],"items_purged_floors":[10,29],"is_endless":false,"potions_floor_spawned":[1,2,8,14,18,23,33,35,38],"killed_by":"Nemesis","ascension_level":20}}