{"host":"sc0o2qwpf9j16a4i","time":1611608928,"event":{"mods":["AchievementEnabler","BaseMod","BetterRewards","Block Reminder","Colored Map","Colored Powertips","Custom Start","Highlight Path","Minty Spire (QoL Compilation)","Relic Stats"],"gold_per_floor":[116,126,126,5,15,47,47,67,67,87,104,124,124,134,134,234,234,249,249,264,264,278,278,188,217,217,61,71,71,86,105,105,207,207,224,234,254,269,269,269,296,152,152,181,210,222,234,1,1,1],"floor_reached":51,"language":"ENG","playtime":2011,"items_purged":[],"score":803,"play_id":"f4ddf7a1-d91e-41f1-91b8-db3587a5ca6f","local_time":"20210125230848","daily_mods":["SealedDeck","Uncertain Future","Terminal"],"is_ascension_mode":false,"campfire_choices":[{"data":"Armaments","floor":7,"key":"SMITH"},{"data":"Spot Weakness","floor":13,"key":"SMITH"},{"data":"Whirlwind","floor":15,"key":"SMITH"},{"data":"Feel No Pain","floor":23,"key":"SMITH"},{"data":"RitualDagger","floor":29,"key":"SMITH"},{"data":"True Grit","floor":32,"key":"SMITH"},{"data":"Demon Form","floor":40,"key":"SMITH"},{"data":"Reaper","floor":46,"key":"SMITH"},{"data":"Shockwave","floor":49,"key":"SMITH"}],"circlet_count":0,"master_deck":["Havoc","Shockwave","Rage","Intimidate","True Grit+1","Ghostly Armor","Feel No Pain+1","Shockwave+1","Infernal Blade","Spot Weakness+1","Twin Strike+1","Whirlwind+1","Armaments+1","Dual Wield+1","Intimidate+1","Impervious+1","Havoc+1","Pommel Strike","Barricade","RitualDagger+1","True Grit+1","True Grit+1","Offering+1","Demon Form+1","CurseOfTheBell","Feel No Pain","Feel No Pain","Impervious+1","Reaper+1","Shrug It Off+1","Disarm+1","Corruption"],"relics":["Burning Blood","NlothsMask","Toxic Egg 2","Odd Mushroom","Snecko Eye","Torii","Thread and Needle","PreservedInsect","Calling Bell","Juzu Bracelet","Kunai","Ginger","Red Skull","Medical Kit","MawBank"],"acts_visited":["Exordium","TheCity","TheBeyond"],"potions_floor_usage":[8,8,16,20,20,25,31,33,50,50],"damage_taken":[{"damage":0,"enemies":"Jaw Worm","floor":1,"turns":3},{"damage":0,"enemies":"2 Louse","floor":2,"turns":3},{"damage":0,"enemies":"Cultist","floor":5,"turns":3},{"damage":0,"enemies":"Lagavulin","floor":6,"turns":7},{"damage":0,"enemies":"The Mushroom Lair","floor":8,"turns":3},{"damage":0,"enemies":"Blue Slaver","floor":10,"turns":2},{"damage":3,"enemies":"Exordium Wildlife","floor":11,"turns":4},{"damage":0,"enemies":"Large Slime","floor":12,"turns":5},{"damage":2,"enemies":"Looter","floor":14,"turns":3},{"damage":18,"enemies":"Slime Boss","floor":16,"turns":6},{"damage":0,"enemies":"Chosen","floor":18,"turns":4},{"damage":5,"enemies":"2 Thieves","floor":20,"turns":3},{"damage":0,"enemies":"Snecko","floor":22,"turns":5},{"damage":0,"enemies":"Book of Stabbing","floor":25,"turns":9},{"damage":0,"enemies":"Chosen and Byrds","floor":28,"turns":10},{"damage":0,"enemies":"Cultist and Chosen","floor":30,"turns":7},{"damage":2,"enemies":"3 Cultists","floor":31,"turns":6},{"damage":7,"enemies":"Collector","floor":33,"turns":8},{"damage":0,"enemies":"3 Darklings","floor":35,"turns":9},{"damage":6,"enemies":"3 Shapes","floor":36,"turns":6},{"damage":6,"enemies":"Maw","floor":37,"turns":8},{"damage":15,"enemies":"Jaw Worm Horde","floor":38,"turns":3},{"damage":0,"enemies":"Nemesis","floor":41,"turns":9},{"damage":6,"enemies":"3 Darklings","floor":44,"turns":7},{"damage":6,"enemies":"Spire Growth","floor":45,"turns":7},{"damage":12,"enemies":"Awakened One","floor":50,"turns":9}],"seed_played":"7547811606095077897","potions_obtained":[{"floor":2,"key":"Fire Potion"},{"floor":6,"key":"Energy Potion"},{"floor":8,"key":"Fire Potion"},{"floor":14,"key":"Weak Potion"},{"floor":18,"key":"Explosive Potion"},{"floor":22,"key":"Weak Potion"},{"floor":28,"key":"AttackPotion"},{"floor":30,"key":"ColorlessPotion"},{"floor":37,"key":"LiquidBronze"},{"floor":45,"key":"Regen Potion"}],"is_trial":true,"path_per_floor":["M","M","?","$","M","E","R","?","T","M","M","M","R","M","R","B",null,"M","?","M","?","M","R","?","E","T","$","M","R","M","M","R","B",null,"M","M","M","M","?","R","E","$","T","M","M","R","?","$","R","B",null],"character_chosen":"IRONCLAD","items_purchased":["Whirlwind","SteroidPotion","PreservedInsect","Medical Kit","Corruption","CultistPotion"],"campfire_rested":0,"item_purchase_floors":[4,4,27,42,48,48],"current_hp_per_floor":[78,77,76,75,74,73,72,71,70,69,68,67,66,65,64,52,62,61,60,59,53,57,56,55,54,53,52,51,50,49,48,47,46,45,44,43,42,33,33,33,38,37,36,35,34,33,30,29,28,27],"gold":1,"neow_bonus":"","is_daily":false,"chose_seed":false,"campfire_upgraded":9,"win_rate":0.0,"timestamp":1611608928,"path_taken":["M","M","?","$","?","E","R","?","T","M","M","M","R","M","R","BOSS","M","?","M","?","M","R","?","E","T","$","M","R","M","M","R","BOSS","M","M","M","M","?","R","E","?","T","M","M","R","?","$","R","BOSS"],"items_purchased_type":["Card","Potion","Relic","Relic","Card","Potion"],"build_version":"2020-12-22","purchased_purges":0,"victory":true,"max_hp_per_floor":[78,77,76,75,74,73,72,71,70,69,68,67,66,65,64,63,62,61,60,59,58,57,56,55,54,53,52,51,50,49,48,47,46,45,44,43,42,41,40,39,38,37,36,35,34,33,30,29,28,27],"relic_stats":{"Torii":1,"counters":[26,149],"Snecko Eye":[188,190,175,195],"PreservedInsect":47,"Juzu Bracelet":1,"Kunai":[6],"Ginger":[3],"Medical Kit":[1],"MawBank":60,"obtain_stats":[{"Torii":25,"Thread and Needle":26,"PreservedInsect":27,"Juzu Bracelet":34,"Ginger":34,"Odd Mushroom":8,"Medical Kit":42,"MawBank":43,"Burning Blood":0,"Calling Bell":34,"Snecko Eye":17,"Kunai":34,"Toxic Egg 2":6,"Red Skull":41,"NlothsMask":3},{"Torii":14,"Thread and Needle":14,"PreservedInsect":14,"Juzu Bracelet":18,"Ginger":18,"Odd Mushroom":5,"Medical Kit":23,"MawBank":23,"Burning Blood":0,"Calling Bell":18,"Snecko Eye":10,"Kunai":18,"Toxic Egg 2":4,"Red Skull":23,"NlothsMask":2},{"Torii":60,"Thread and Needle":60,"PreservedInsect":60,"Juzu Bracelet":91,"Ginger":91,"Odd Mushroom":19,"Medical Kit":126,"MawBank":126,"Burning Blood":0,"Calling Bell":91,"Snecko Eye":39,"Kunai":91,"Toxic Egg 2":16,"Red Skull":126,"NlothsMask":6}],"Burning Blood":53},"card_choices":[{"not_picked":["Wild Strike","True Grit"],"picked":"Spot Weakness","floor":1},{"not_picked":["Battle Trance","Cleave"],"picked":"Twin Strike","floor":2},{"not_picked":["Dark Embrace","Whirlwind"],"picked":"Armaments","floor":5},{"not_picked":["Cleave","Sword Boomerang"],"picked":"Dual Wield+1","floor":6},{"not_picked":["Iron Wave","Body Slam"],"picked":"Intimidate+1","floor":8},{"not_picked":["Headbutt","Warcry+1"],"picked":"Impervious+1","floor":10},{"not_picked":["Carnage","Sword Boomerang"],"picked":"Havoc+1","floor":11},{"not_picked":["Heavy Blade","Wild Strike","Cleave"],"picked":"SKIP","floor":12},{"not_picked":["Perfected Strike","Anger"],"picked":"Pommel Strike","floor":14},{"not_picked":["Impervious+1","Corruption"],"picked":"Barricade","floor":16},{"not_picked":["Wild Strike","Intimidate+1","Fire Breathing"],"picked":"SKIP","floor":18},{"not_picked":["Flex+1","Clash+1","Perfected Strike"],"picked":"SKIP","floor":20},{"not_picked":["Heavy Blade","Whirlwind+1"],"picked":"True Grit+1","floor":22},{"not_picked":["Havoc+1","Flex+1"],"picked":"True Grit+1","floor":25},{"not_picked":["Heavy Blade","Bloodletting+1","Flex+1"],"picked":"SKIP","floor":28},{"not_picked":["Carnage","Twin Strike","True Grit+1"],"picked":"SKIP","floor":30},{"not_picked":["Iron Wave","Perfected Strike"],"picked":"Offering+1","floor":31},{"not_picked":["Reaper","Brutality"],"picked":"Demon Form","floor":33},{"not_picked":["Combust+1","Perfected Strike","Armaments+1"],"picked":"SKIP","floor":35},{"not_picked":["Dual Wield+1","Cleave"],"picked":"Feel No Pain","floor":36},{"not_picked":["Anger","Carnage","Twin Strike+1"],"picked":"SKIP","floor":37},{"not_picked":["Inflame+1","Sever Soul+1"],"picked":"Feel No Pain","floor":38},{"not_picked":["Feel No Pain","Shrug It Off+1"],"picked":"Reaper","floor":41},{"not_picked":["Armaments+1","Twin Strike+1"],"picked":"Shrug It Off+1","floor":44},{"not_picked":["Thunderclap+1","Bloodletting+1"],"picked":"Disarm+1","floor":45}],"player_experience":970213,"relics_obtained":[{"floor":6,"key":"Toxic Egg 2"},{"floor":8,"key":"Odd Mushroom"},{"floor":25,"key":"Torii"},{"floor":26,"key":"Thread and Needle"},{"floor":34,"key":"Juzu Bracelet"},{"floor":34,"key":"Kunai"},{"floor":34,"key":"Ginger"},{"floor":41,"key":"Red Skull"},{"floor":43,"key":"MawBank"}],"event_choices":[{"damage_healed":0,"gold_gain":0,"player_choice":"Trade","damage_taken":0,"relics_obtained":["NlothsMask"],"max_hp_gain":0,"max_hp_loss":0,"event_name":"FaceTrader","floor":3,"gold_loss":0},{"damage_healed":0,"gold_gain":0,"player_choice":"Fought Mushrooms","damage_taken":0,"max_hp_gain":0,"max_hp_loss":0,"event_name":"Mushrooms","floor":8,"gold_loss":0},{"damage_healed":0,"gold_gain":0,"player_choice":"Ignored","damage_taken":0,"max_hp_gain":0,"max_hp_loss":0,"event_name":"Vampires","floor":19,"gold_loss":0},{"damage_healed":0,"gold_gain":0,"player_choice":"Joined the Cult","damage_taken":6,"max_hp_gain":0,"max_hp_loss":0,"event_name":"Nest","floor":21,"gold_loss":0,"cards_obtained":["RitualDagger"]},{"cards_removed":["Anger"],"damage_healed":0,"gold_gain":0,"player_choice":"Upgrade and Remove","damage_taken":0,"max_hp_gain":0,"max_hp_loss":0,"event_name":"Designer","floor":24,"gold_loss":90,"cards_upgraded":["Twin Strike"]},{"damage_healed":0,"gold_gain":0,"player_choice":"Copied","damage_taken":0,"max_hp_gain":0,"max_hp_loss":0,"event_name":"Duplicator","floor":39,"gold_loss":0,"cards_obtained":["Impervious"]},{"damage_healed":0,"gold_gain":0,"player_choice":"Max HP","damage_taken":0,"max_hp_gain":0,"max_hp_loss":2,"event_name":"Winding Halls","floor":47,"gold_loss":0}],"is_beta":false,"boss_relics":[{"not_picked":["Empty Cage","Runic Pyramid"],"picked":"Snecko Eye"},{"not_picked":["Runic Dome","Philosopher\u0027s Stone"],"picked":"Calling Bell"}],"items_purged_floors":[],"is_endless":false,"potions_floor_spawned":[2,6,8,14,18,22,28,30,37,45],"ascension_level":0}}