{"host":"d9tpyi6mde8z2n96","time":1611532870,"event":{"mods":["100% Spire Juice","2.2 Compatiblity","A Penny For Your Troubles","AchievementEnabler","Act Like it!","AlwaysNeverKeys","Aspiration","BaseMod","Beaked The Cultist","Better Altar","Better Note","CapriCore","Challenge The Spire","Colored Map","Colored Powertips","Conspire","Dark Map","Defuse TimeMaze Blight","Dota2Spire","Elementarium","Energized Spire","Fox Events","Friendly Minions","Gensokyo","GifTheSpireLib","Gold Saver","Halation","Hermit","HololiveMod","Hubris","Hyrulean Relics","Infinite Spire","Jess\u0027s Bottle","Jorbs\u0027s Wanderer Trilogy","Marisa????????","Melee Mod","Minty Spire (QoL Compilation)","MostiFishMod","Pale of the Ancients","Permanent Neow","Potionbrewer","Quick Restart","Railgun Mod","Reliquary","Replay The Spire","Robot Space Explorer","RumiaBox-????????","Shop Mod","Spikes Relics","StS++","StSLib","SuperFastMode","TestMod","The Alterego","The Animator","The Blue Laboratory","The Death Knight","The Fake Hero","The Marked","The Servant 0.9.4","The Spell Scribe","Trackpad","Transform Curses","Uncapped","Virulent Crown","Waifu the Spire","Wandering Minibosses","WarShipGirlsR/????R mod","Wide Potions","Yakumo Yukari mod"],"gold_per_floor":[908,927,927,1002,1002,1029,1029,1064,1090,1107,1121,1121,994,1013,1013,1114,1114,1134,1049,1049,819,819,819,846,859,859,876,876,876],"floor_reached":28,"language":"ENG","playtime":1038,"items_purged":[],"score":308,"play_id":"5d6ebbe9-fcaa-4f39-ba99-1badc681e2eb","local_time":"20210124190110","is_ascension_mode":true,"campfire_choices":[{"data":"True Grit","floor":7,"key":"SMITH"},{"data":"MostiFishMod:#F4004","floor":12,"key":"SMITH"},{"floor":15,"key":"DIG"},{"data":"conspire:Banana","floor":23,"key":"SMITH"}],"circlet_count":0,"master_deck":["Strike_R","Strike_R","Strike_R","Strike_R","Defend_R","Defend_R","Defend_R","Defend_R","Bash","ReplayTheSpireMod:Strike From Hell","Dark Embrace","True Grit+1","Inflame","MostiFishMod:#F4004+1","ReplayTheSpireMod:Strike From Hell","conspire:Banana+1","Anger","Feed","ReplayTheSpireMod:LeadingStrike+1","BlessedFruit","BlessedFruit","Pummel","infinitespire:OneForAll","Sentinel"],"relics":["Black Blood","testmod-TestBox","DaveBox","testmod-FatalChain","Membership Card","SynthV:TestCard","Pear","trackpad:AdjectivePendant","Orichalcum","hubris:TenFootPole","potionbrewer:BottledElixir","Dota2Spire:UrnOfShadows","hubris:Towel","HeavenlyBonsai","Chemical X","DeathKnight:SindragosasSkull","Replay:Ringing Soul"],"acts_visited":["Exordium","TheCity"],"potions_floor_usage":[8,24,24,28],"damage_taken":[{"damage":5,"enemies":"2 Louse","floor":1,"turns":3},{"damage":6,"enemies":"Jaw Worm","floor":2,"turns":3},{"damage":51,"enemies":"Gremlin Nob","floor":6,"turns":6},{"damage":31,"enemies":"3 Sentries","floor":8,"turns":9},{"damage":5,"enemies":"Cultist","floor":10,"turns":6},{"damage":0,"enemies":"Gremlin Gang","floor":11,"turns":1},{"damage":0,"enemies":"Large Slime","floor":14,"turns":5},{"damage":21,"enemies":"Slime Boss","floor":16,"turns":8},{"damage":59,"enemies":"3 Byrds","floor":18,"turns":7},{"damage":32,"enemies":"Book of Stabbing","floor":24,"turns":5},{"damage":19,"enemies":"Chosen","floor":25,"turns":6},{"damage":25,"enemies":"Centurion and Healer","floor":27,"turns":5},{"damage":44,"enemies":"Snake Plant","floor":28,"turns":4}],"seed_played":"5602793132107139423","potions_obtained":[{"floor":0,"key":"testmod-TimePotion"},{"floor":0,"key":"potionbrewer:CleansingPotion"},{"floor":1,"key":"Cursed Concoction"},{"floor":14,"key":"blueLaboratory:BubblePotion"},{"floor":27,"key":"GamblersBrew"}],"is_trial":false,"path_per_floor":["M","M","?","?","?","E","R","E","T","M","M","R","$","M","R_BF","B",null,"M","?","?","$","?","R","E","M","T","M","M"],"character_chosen":"IRONCLAD","items_purchased":["conspire:Banana","hubris:TenFootPole","HeavenlyBonsai","Chemical X"],"campfire_rested":0,"item_purchase_floors":[13,13,21,21],"current_hp_per_floor":[80,80,85,74,74,39,39,14,14,18,27,27,27,37,37,26,97,51,51,51,51,51,51,37,37,37,37,0,0],"gold":876,"neow_bonus":"THREE_SMALL_POTIONS","is_daily":false,"chose_seed":false,"campfire_upgraded":3,"win_rate":0.0,"timestamp":1611532870,"path_taken":["M","M","?","?","?","E","R","E","T","M","?","R","$","?","R_BF","BOSS","M","?","?","$","?","R","E","?","T","M","M"],"items_purchased_type":["Card","Relic","Relic","Relic"],"build_version":"2020-12-22","purchased_purges":0,"victory":false,"max_hp_per_floor":[80,80,85,85,85,95,95,95,95,95,95,95,95,96,96,97,97,98,98,98,98,98,98,101,105,105,115,118,118],"card_choices":[{"not_picked":["Thunderclap","StSpp:Sprint"],"picked":"ReplayTheSpireMod:Strike From Hell","floor":1},{"not_picked":["Replay:Undeath\u0027s Touch","Heavy Blade","Pommel Strike","Second Wind"],"picked":"Dark Embrace","floor":2},{"not_picked":["StSpp:BladeOfBlood","Heavy Blade","StSpp:Jab","ReplayTheSpireMod:Strike From Hell"],"picked":"True Grit","floor":6},{"not_picked":["Sever Soul","Armaments","ReplayTheSpireMod:Muscle Training","Ghostly Armor"],"picked":"Inflame","floor":8},{"not_picked":["Flex","Sever Soul","Armaments","Cleave"],"picked":"MostiFishMod:#F4004","floor":10},{"not_picked":["Run Through","ReplayTheSpireMod:Stacked","ReplayTheSpireMod:Muscle Training","StSpp:Sprint"],"picked":"ReplayTheSpireMod:Strike From Hell","floor":11},{"not_picked":["Shrug It Off","Bludgeon","ReplayTheSpireMod:Strike From Hell","Hemokinesis"],"picked":"Anger","floor":14},{"not_picked":["MostiFishMod:FireWorks","conspire:HitWhereItHurts","Impervious","Replay:Many Hands"],"picked":"Feed","floor":16},{"not_picked":["Headbutt","Rampage+1","Invigoration","Sentinel"],"picked":"ReplayTheSpireMod:LeadingStrike+1","floor":18},{"not_picked":["Fire Breathing","Run Through","MostiFishMod:RacingGame","ReplayTheSpireMod:Corrosion Curse"],"picked":"Pummel","floor":24},{"not_picked":["Clash+1","Anger","Cleave","StSpp:CounterStrike"],"picked":"infinitespire:OneForAll","floor":25},{"not_picked":["Clothesline","MostiFishMod:RacingGame","ReplayTheSpireMod:Stacked","Pommel Strike"],"picked":"Sentinel","floor":27}],"player_experience":1119908,"relics_obtained":[{"floor":1,"key":"SynthV:TestCard"},{"floor":6,"key":"Pear"},{"floor":8,"key":"trackpad:AdjectivePendant"},{"floor":9,"key":"Orichalcum"},{"floor":15,"key":"potionbrewer:BottledElixir"},{"floor":24,"key":"DeathKnight:SindragosasSkull"},{"floor":26,"key":"Replay:Ringing Soul"}],"event_choices":[{"damage_healed":0,"gold_gain":0,"player_choice":"Donut","damage_taken":0,"max_hp_gain":5,"max_hp_loss":0,"event_name":"Big Fish","floor":3,"gold_loss":0},{"damage_healed":0,"gold_gain":75,"player_choice":"Gather Gold","damage_taken":11,"max_hp_gain":0,"max_hp_loss":0,"event_name":"World of Goop","floor":4,"gold_loss":0},{"cards_removed":["Strike_R"],"damage_healed":0,"gold_gain":0,"player_choice":"Offered Basic","damage_taken":0,"max_hp_gain":0,"max_hp_loss":0,"event_name":"Bonfire Elementals","floor":5,"gold_loss":0},{"damage_healed":0,"gold_gain":0,"player_choice":"Obtained Relic","damage_taken":0,"relics_obtained":["Dota2Spire:UrnOfShadows"],"max_hp_gain":0,"max_hp_loss":0,"event_name":"Addict","floor":19,"gold_loss":85},{"damage_healed":0,"gold_gain":0,"player_choice":"Ignored","damage_taken":0,"max_hp_gain":0,"max_hp_loss":0,"event_name":"WeMeetAgain","floor":22,"gold_loss":0}],"is_beta":false,"boss_relics":[{"not_picked":["testmod-TimeTraveler","Runic Cube"],"picked":"Black Blood"}],"items_purged_floors":[],"is_endless":false,"potions_floor_spawned":[1,6,14,27],"killed_by":"Snake Plant","ascension_level":1}}