{"host":"70zhvo5nwrhp1mbg","time":1611611823,"event":{"mods":["BaseMod","Colored Map","Colored Powertips","Filter the Spire","Highlight Path","Minty Spire (QoL Compilation)","Rare Cards Sparkle","StSLib"],"gold_per_floor":[118,136,152,7,7,35,47,47,74,99,99,11,21,21,21,125,125,136,152,77,95,95,95,95],"floor_reached":23,"language":"ENG","playtime":1172,"items_purged":["Strike_R"],"score":271,"play_id":"8d830190-7f2d-45a5-acb1-21da952676a1","local_time":"20210125165703","is_ascension_mode":true,"campfire_choices":[{"data":"Bash","floor":8,"key":"SMITH"},{"floor":15,"key":"REST"}],"circlet_count":0,"master_deck":["Strike_R","Strike_R","Strike_R","Strike_R","Defend_R","Defend_R","Defend_R","Defend_R","Bash+1","Spot Weakness","Sword Boomerang","Clothesline+1","Inflame","Feel No Pain","Heavy Blade","Impervious","Corruption","Ghostly Armor","Reckless Charge"],"relics":["Burning Blood","Pen Nib","Bronze Scales","Dream Catcher","Tiny Chest","Orichalcum","Regal Pillow","Paper Frog","Runic Pyramid","MutagenicStrength"],"acts_visited":["Exordium","TheCity"],"potions_floor_usage":[3,6,23],"damage_taken":[{"damage":11,"enemies":"Cultist","floor":1,"turns":4},{"damage":2,"enemies":"2 Louse","floor":2,"turns":3},{"damage":8,"enemies":"Jaw Worm","floor":3,"turns":5},{"damage":18,"enemies":"Gremlin Nob","floor":6,"turns":4},{"damage":3,"enemies":"2 Fungi Beasts","floor":7,"turns":3},{"damage":30,"enemies":"3 Sentries","floor":10,"turns":5},{"damage":20,"enemies":"Exordium Thugs","floor":13,"turns":5},{"damage":38,"enemies":"Hexaghost","floor":16,"turns":9},{"damage":11,"enemies":"Shell Parasite","floor":18,"turns":4},{"damage":5,"enemies":"Spheric Guardian","floor":19,"turns":5},{"damage":51,"enemies":"3 Cultists","floor":21,"turns":6},{"damage":27,"enemies":"Gremlin Leader","floor":23,"turns":1}],"seed_played":"6736566043064898292","potions_obtained":[{"floor":2,"key":"Block Potion"},{"floor":3,"key":"SkillPotion"},{"floor":16,"key":"Dexterity Potion"}],"is_trial":false,"path_per_floor":["M","M","M","$","?","E","M","R","T","E","?","?","M","T","R","B",null,"M","M","$","M","?","E"],"character_chosen":"IRONCLAD","items_purchased":["Bronze Scales"],"campfire_rested":1,"item_purchase_floors":[4],"current_hp_per_floor":[67,71,69,69,74,62,65,65,65,41,41,41,27,27,67,35,73,68,69,69,24,24,0,0],"gold":95,"neow_bonus":"RANDOM_COMMON_RELIC","is_daily":false,"chose_seed":false,"campfire_upgraded":1,"win_rate":0.0,"timestamp":1611611823,"path_taken":["M","M","M","$","?","E","M","R","T","E","?","?","?","?","R","BOSS","M","M","$","M","?","E"],"items_purchased_type":["Relic"],"build_version":"2020-12-22","purchased_purges":1,"victory":false,"max_hp_per_floor":[80,80,80,80,85,85,85,85,85,85,85,85,85,85,85,85,85,85,85,85,85,85,85,85],"card_choices":[{"not_picked":["Twin Strike","Dual Wield"],"picked":"Spot Weakness","floor":1},{"not_picked":["Evolve","Wild Strike"],"picked":"Sword Boomerang","floor":2},{"not_picked":["Iron Wave","Dropkick"],"picked":"Clothesline","floor":3},{"not_picked":["Seeing Red","Spot Weakness","Havoc"],"picked":"SKIP","floor":6},{"not_picked":["Thunderclap","Feel No Pain"],"picked":"Inflame","floor":7},{"not_picked":["Sever Soul","Pommel Strike"],"picked":"Feel No Pain","floor":10},{"not_picked":["Wild Strike","Warcry"],"picked":"Heavy Blade","floor":13},{"not_picked":["Wild Strike","Burning Pact"],"picked":"Impervious","floor":15},{"not_picked":["Fiend Fire","Limit Break"],"picked":"Corruption","floor":16},{"not_picked":["Entrench+1","Seeing Red"],"picked":"Ghostly Armor","floor":18},{"not_picked":["Intimidate","Armaments"],"picked":"Reckless Charge","floor":19},{"not_picked":["Heavy Blade","Ghostly Armor","Wild Strike+1"],"picked":"SKIP","floor":21}],"player_experience":484049,"relics_obtained":[{"floor":6,"key":"Dream Catcher"},{"floor":9,"key":"Tiny Chest"},{"floor":10,"key":"Orichalcum"},{"floor":14,"key":"Paper Frog"}],"event_choices":[{"damage_healed":0,"gold_gain":0,"player_choice":"Donut","damage_taken":0,"max_hp_gain":5,"max_hp_loss":0,"event_name":"Big Fish","floor":5,"gold_loss":0},{"damage_healed":0,"gold_gain":0,"player_choice":"Grow","damage_taken":0,"max_hp_gain":0,"max_hp_loss":0,"event_name":"Living Wall","floor":11,"gold_loss":0,"cards_upgraded":["Clothesline"]},{"damage_healed":0,"gold_gain":0,"player_choice":"Paid Gold","damage_taken":0,"relics_obtained":["Regal Pillow"],"max_hp_gain":0,"max_hp_loss":0,"event_name":"WeMeetAgain","floor":12,"gold_loss":88},{"damage_healed":0,"gold_gain":0,"player_choice":"Inject Mutagens","damage_taken":0,"relics_obtained":["MutagenicStrength"],"max_hp_gain":0,"max_hp_loss":0,"event_name":"Drug Dealer","floor":22,"gold_loss":0}],"is_beta":false,"boss_relics":[{"not_picked":["SacredBark","Fusion Hammer"],"picked":"Runic Pyramid"}],"items_purged_floors":[20],"is_endless":false,"potions_floor_spawned":[2,3,16],"killed_by":"Gremlin Leader","ascension_level":7}}