{"host":"ygf22gznhdznt0qf","time":1611547906,"event":{"mods":["10 clothes from DAL","Act Like it!","Arknights The Spire","Ascension Reborn","BaseMod","Library of Ruina","Library of Ruina Extra","Lobotomy","LobotomyExtend","Minty Spire (QoL Compilation)","Quick Restart","StSLib","TestMod","The Runesmith","Waifu the Spire","【功能Mod】聪明的最终Boss","篝火指南"],"gold_per_floor":[114,131,131,142,153,153,185,185,185,217,4,4,4,36,36,138,138,149,149,149,549,563,596,596,631,631,5,5,5,21,46,46,146,146,167,179,179,27,127,159,180,180,203,221,221,221,8,8,8,17,17,17,17,17,17,33,42],"floor_reached":58,"language":"ZHS","playtime":2841,"items_purged":["Parasite","WhiteNight","Normality"],"score":1410,"play_id":"d2f0a0ce-2bb9-48fb-9678-5378769cd4ef","local_time":"20210125121146","is_ascension_mode":true,"campfire_choices":[{"floor":6.0,"key":"REST"},{"floor":8.0,"key":"REST"},{"floor":13.0,"key":"REST"},{"data":"ChargeUp","floor":15.0,"key":"SMITH"},{"floor":24.0,"key":"REST"},{"floor":28.0,"key":"RECALL"},{"data":"LeRegole","floor":49,"key":"SMITH"},{"data":"FierceCharge","floor":54,"key":"SMITH"}],"circlet_count":0,"master_deck":["Dodge","LightDefense+1","LightAttack+1","LightAttack+1","LightAttack+1","LightDefense+1","LightDefense+1","LightDefense+1","ChargeAndCover+1","FocusedStrikes+1","Scorched","TendonChords","SnakesPrey","OSAHOGD","Multislash","UniverseFragment","SuppressingShot","QueenOfHatred","CleanUp","Parry2","Unlock1","GuardingStance","LongBird","ChargeUp+1","TieShanKao","FaintMemories+1","SingingMachine","IngredientHunt","BlowItUp","DreamingCurrent","GuidanceOfTheGears","Quickness","Parry","SilentMist","MHz","Unlock1","LeRegole+1","SomberProcuration+1","Crush","Pain","GuidanceOfTheGears","FervidEmotions+1","Freischutz","Madness","Madness","SilentMist","FaintMemories","Dramatic Entrance","SilentMist","FierceCharge+1","Rudolta","Tailoring+1"],"relics":["PageOfLibrarian","testmod-BatchProcessingSystem","CogitoBucket","Juzu Bracelet","PageOfQueenBee","DALC_TWO","testmod-ObsoleteBoomerang","LetterFromLob","testmod-Nine","HellTrain","PageOfSnowWhitesApple","testmod-BlackFramedGlasses","testmod-BalancedPeriapt","PageOfUniverseFragment","Lee\u0027s Waffle","Gambling Chip","testmod-DeterminationOfClimber","TreeSap","WarpedTongs","Question Card","Orichalcum","Lantern","PageOfTodaysShyLook"],"acts_visited":["Exordium","TheCity","TheBeyond","TheEnding"],"potions_floor_usage":[56,57,57],"damage_taken":[{"damage":2.0,"enemies":"Small Slimes","floor":1.0,"turns":5.0},{"damage":9.0,"enemies":"Cultist","floor":2.0,"turns":4.0},{"damage":11.0,"enemies":"Jaw Worm","floor":4.0,"turns":3.0},{"damage":0.0,"enemies":"Lots of Slimes","floor":5.0,"turns":2.0},{"damage":62.0,"enemies":"3 Sentries","floor":7.0,"turns":8.0},{"damage":34.0,"enemies":"Lagavulin","floor":10.0,"turns":6.0},{"damage":14.0,"enemies":"3 Sentries","floor":14.0,"turns":4.0},{"damage":26.0,"enemies":"Hexaghost","floor":16.0,"turns":5.0},{"damage":54.0,"enemies":"Shell Parasite","floor":18.0,"turns":3.0},{"damage":0.0,"enemies":"3 Byrds","floor":22.0,"turns":2.0},{"damage":12.0,"enemies":"Book of Stabbing","floor":23.0,"turns":3.0},{"damage":43.0,"enemies":"Slavers","floor":25.0,"turns":3.0},{"damage":6.0,"enemies":"Cultist and Chosen","floor":30.0,"turns":2.0},{"damage":0.0,"enemies":"Gremlin Leader","floor":31.0,"turns":3.0},{"damage":58.0,"enemies":"KingOfGreed","floor":33.0,"turns":6.0},{"damage":30.0,"enemies":"Orb Walker","floor":35.0,"turns":3.0},{"damage":4.0,"enemies":"3 Darklings","floor":36.0,"turns":1.0},{"damage":19.0,"enemies":"Giant Head","floor":40.0,"turns":5.0},{"damage":8.0,"enemies":"Writhing Mass","floor":41.0,"turns":4.0},{"damage":8.0,"enemies":"Reptomancer","floor":44.0,"turns":3.0},{"damage":55,"enemies":"Time Eater","floor":50,"turns":6},{"damage":5,"enemies":"Shield and Spear","floor":56,"turns":3},{"damage":52,"enemies":"The Heart","floor":57,"turns":4}],"seed_played":"1439880492713617406","potions_obtained":[{"floor":3.0,"key":"Fruit Juice"},{"floor":3.0,"key":"SkillPotion"},{"floor":3.0,"key":"PowerPotion"},{"floor":4.0,"key":"EssenceOfSteel"},{"floor":5.0,"key":"SteroidPotion"},{"floor":14.0,"key":"Energy Potion"},{"floor":16.0,"key":"Strength Potion"},{"floor":35.0,"key":"Regen Potion"},{"floor":36.0,"key":"ColorlessPotion"},{"floor":44.0,"key":"SkillPotion"}],"is_trial":false,"path_per_floor":["M","M","?","M","M","R","E","R","T","E","$","?","R","E","R","B",null,"M","?","?","?","M","E","R","E","T","$","R","E","M","E","R","B",null,"M","M","?","$","?","E","M","?","T","E","?","?","$","$","R","B",null,null,null,"R","$","E","B",null],"character_chosen":"Librarian","items_purchased":["DALC_TWO","Unlock1","GuardingStance","PageOfUniverseFragment","Lee\u0027s Waffle","Quickness","Parry","SilentMist","GuidanceOfTheGears","SilentMist","FierceCharge"],"campfire_rested":4,"item_purchase_floors":[11,11,11,27,27,27,27,27,38,47,47],"current_hp_per_floor":[58,49,49,43,43,69,10,36,36,11,11,31,55,50,50,30,92,44,44,44,44,44,35,61,24,24,86,86,86,89,89,89,47,47,54,74,74,74,74,90,90,79,79,90,90,90,90,90,90,40,40,40,90,90,90,90,62],"gold":42,"neow_bonus":"","is_daily":false,"chose_seed":false,"campfire_upgraded":3,"win_rate":0.0,"timestamp":1611547906,"path_taken":["M","M","?","M","M","R","E","R","T","E","?","?","R","E","R","BOSS","M","?","?","?","M","E","R","E","T","?","R","E","M","E","R","BOSS","M","M","?","?","?","E","M","?","T","E","?","?","?","$","R","BOSS","R","$","E","BOSS"],"items_purchased_type":["Relic","Card","Card","Relic","Relic","Card","Card","Card","Card","Card","Card"],"build_version":"2020-12-22","purchased_purges":3,"victory":true,"max_hp_per_floor":[63,82,82,87,87,87,87,87,87,83,83,83,83,83,83,92,92,89,89,89,89,89,89,89,89,89,89,89,89,89,89,89,89,89,89,90,90,90,90,90,90,90,90,90,90,90,90,90,90,90,90,90,90,90,90,90,90],"card_choices":[{"not_picked":["MeatLantern","WallGazer","BlackSwan"],"picked":"Singing Bowl","floor":1.0},{"not_picked":["CherryBlossoms","UniverseFragment"],"picked":"Scorched","floor":1.0},{"not_picked":["NightInTheBackstreets","FleetFootsteps","AutonomousRush","RhinoRam","SilentMist","Pound","FrontalAssault","Rewind"],"picked":"TendonChords","floor":1.0},{"not_picked":["HappyTeddy","BeautyBeast","BlackSwan"],"picked":"Singing Bowl","floor":2.0},{"not_picked":["Preparation","BulkyImpact","WillOfThePrescript","Pound","HighKick","SunsetBlade","Wallop_lor","FleetEdge"],"picked":"SnakesPrey","floor":2.0},{"not_picked":["BlackSwan","MeatLantern"],"picked":"OSAHOGD","floor":4.0},{"not_picked":["Creak","Decapitation","SharpSwipe","Quickness","Tailoring","StrikeDown","MultiBlock","YoureTooSlow"],"picked":"Multislash","floor":4.0},{"not_picked":["FieryBird","VoidDream"],"picked":"UniverseFragment","floor":5.0},{"not_picked":["Leap_lor","InhaleSmoke","SharpSwipe","NightInTheBackstreets","Outburst","Eliminate","UnavoidableGaze","MultiHit"],"picked":"SuppressingShot","floor":5.0},{"not_picked":["LittleHelper","FieryBird"],"picked":"QueenOfHatred","floor":7.0},{"not_picked":["FlamingDragonFist","Unlock1","GoinFirst","Thrust","EmotionalTurbulence","BlazingStrike","QuickSuppression","UnavoidableGaze"],"picked":"CleanUp","floor":7.0},{"not_picked":["MeatLantern","Funeral","SnowQueen"],"picked":"Singing Bowl","floor":10.0},{"not_picked":["FrontalAssault","MindPrepared","SharpNails","SpearedSweep","PuppetBlockade","ShrineToMusic","GaleKick","CrackOfDawn"],"picked":"Parry2","floor":10.0},{"not_picked":["WallGazer","Freischutz"],"picked":"LongBird","floor":14.0},{"not_picked":["ViolentFlame","BurningFlash","StrikeDown","FierceCharge","ElectricShock","TasteMyFlamingBat","GrazeTheGrass","EnergyBeam"],"picked":"ChargeUp","floor":14.0},{"not_picked":["LittleHelper","PunishingBird","DespairKnight"],"picked":"Singing Bowl","floor":16.0},{"not_picked":["LeRegole","Eradication"],"picked":"TieShanKao","floor":16.0},{"not_picked":["MeatLantern","BeautyBeast","FairyFestival"],"picked":"Singing Bowl","floor":18.0},{"not_picked":["TimeForALittleTest","GrazeTheGrass","Ripple+1","FlashOfSunup","AutonomousRush","EnergyShield","SummaryJudgment","MultiHit"],"picked":"FaintMemories+1","floor":18.0},{"not_picked":["Wellcheers","BodiesMountain"],"picked":"SingingMachine","floor":22.0},{"not_picked":["HighKick","Tailoring","DeepDrag","StartinOutLightly+1","Brawl","UncannyStrike","FierceCharge+1","CumulusWall"],"picked":"IngredientHunt","floor":22.0},{"not_picked":["VoidDream","LittleHelper","Alriune"],"picked":"Singing Bowl","floor":23.0},{"not_picked":["SerpentSwordTechnique+1","FrontalAssault","EnergyShield+1","Commandeering","AsThePrescriptOrders","FierceCharge","Bvapour","Brawl"],"picked":"BlowItUp","floor":23.0},{"not_picked":["FieryBird","Rudolta","CrumblingArmor"],"picked":"Singing Bowl","floor":25.0},{"not_picked":["BeautyBeast","GreedKing"],"picked":"DreamingCurrent","floor":25.0},{"not_picked":["Gamble","NightInTheBackstreets","QuickSuppression","VioletBlade","SunsetBlade","PinpointShot","Parry2","UpbeatPerformance"],"picked":"GuidanceOfTheGears","floor":25.0},{"not_picked":["LittleHelper","HeroicMonk","SnowQueen"],"picked":"Singing Bowl","floor":30.0},{"not_picked":["Murderer","NakedNest"],"picked":"MHz","floor":30.0},{"not_picked":["SinglePointStab","SharpSwipe","SpearedSweep","AsThePrescriptOrders","BiteOff+1","RushDown","TrimTheIngredients","ShockingBlow+1"],"picked":"Faith","floor":30.0},{"not_picked":["DespairKnight","BlueStar","WhitesApple"],"picked":"Singing Bowl","floor":31.0},{"not_picked":["Murderer","Woodsman"],"picked":"WhiteNight","floor":31.0},{"not_picked":["ICanCookAnything","DefenseOrder+1","Castigation","Collision","MultiHit","IronWall","GrazeTheGrass+1","Overpower+1"],"picked":"Unlock1","floor":31.0},{"not_picked":["Alriune","BigBadWolf","BeautyBeast"],"picked":"Singing Bowl","floor":33.0},{"not_picked":["SenseQuarry","Observe"],"picked":"LeRegole","floor":33.0},{"not_picked":["SnowQueen","RedShoes","LittleHelper"],"picked":"Singing Bowl","floor":35.0},{"not_picked":["AbsorbImpact+1","FierceCharge","HighKick","Endure","PinpointShot+1","Pound+1","UnavoidableGaze+1","FleetFootsteps"],"picked":"SomberProcuration+1","floor":35.0},{"not_picked":["SnowQueen","BlueStar","BlackSwan"],"picked":"Singing Bowl","floor":36.0},{"not_picked":["ConcentratedFire+1","QuickAttack+1","SerpentSwordTechnique","StartinOutLightly","GroundSmash","UpbeatPerformance","DevastatingThrash+1","EndlessBattle+1"],"picked":"Crush","floor":36.0},{"not_picked":["Funeral","WhiteNight","Laetitia"],"picked":"Singing Bowl","floor":40.0},{"not_picked":["QuickSuppression","GreatSerpentsImpact+1","UnavoidableGaze+1","SummaryJudgment","Pound","SnakesPrey+1","ConcentratedFire+1","Transpierce"],"picked":"FervidEmotions+1","floor":40.0},{"not_picked":["Funeral","HappyTeddy"],"picked":"Freischutz","floor":41.0},{"not_picked":["DimensionalRift+1","PinpointShot","Collision+1","QuickAttack","SpearedSweep+1","EnergyStrike+1","Parry+1","FervidEmotions","SharpSwipe"],"picked":"StartinOutLightly","floor":41.0},{"not_picked":["MeatLantern","BlackArmy","NothingThere"],"picked":"Singing Bowl","floor":44.0},{"not_picked":["QuickAttack","ClassAndRespect+1","FlashOfSunup+1","WillOfThePrescript","Track","ProselytesBlade","IllEndYou","BackstreetsDash+1","GuardingStance+1"],"picked":"SilentMist","floor":44.0},{"not_picked":["BlueStar","Yin","CENSORED"],"picked":"Singing Bowl","floor":56},{"not_picked":["WhiteNight","BodiesMountain"],"picked":"Rudolta","floor":56},{"not_picked":["Pound+1","FervidEmotions+1","BiteOff","FleetFootsteps+1","Clone+1","DesperateStruggle+1","SummaryJudgment","BurningFlash","PinpointShot+1"],"picked":"Tailoring+1","floor":56}],"player_experience":56168,"relics_obtained":[{"floor":7.0,"key":"Juzu Bracelet"},{"floor":10.0,"key":"PageOfQueenBee"},{"floor":14.0,"key":"testmod-ObsoleteBoomerang"},{"floor":16.0,"key":"LetterFromLob"},{"floor":23.0,"key":"PageOfSnowWhitesApple"},{"floor":25.0,"key":"testmod-BlackFramedGlasses"},{"floor":26.0,"key":"testmod-BalancedPeriapt"},{"floor":31.0,"key":"Gambling Chip"},{"floor":40.0,"key":"Question Card"},{"floor":43.0,"key":"Orichalcum"},{"floor":44.0,"key":"Lantern"},{"floor":56,"key":"PageOfTodaysShyLook"}],"event_choices":[{"damage_healed":0.0,"max_hp_gain":0.0,"max_hp_loss":0.0,"gold_gain":0.0,"event_name":"Lab","player_choice":"Got Potions","floor":3.0,"gold_loss":0.0,"damage_taken":0.0},{"damage_healed":20.0,"max_hp_gain":0.0,"max_hp_loss":0.0,"gold_gain":0.0,"event_name":"Mushrooms","player_choice":"Healed and dodged fight","floor":12.0,"gold_loss":0.0,"damage_taken":0.0,"cards_obtained":["Parasite"]},{"damage_healed":0.0,"max_hp_gain":0.0,"max_hp_loss":0.0,"gold_gain":0.0,"event_name":"Back to Basics","player_choice":"Simplicity","floor":20.0,"gold_loss":0.0,"damage_taken":0.0,"cards_upgraded":["LightDefense","LightAttack","LightAttack","LightAttack","LightDefense","LightDefense","LightDefense","ChargeAndCover","FocusedStrikes"]},{"damage_healed":0.0,"max_hp_gain":0.0,"max_hp_loss":0.0,"gold_gain":400.0,"event_name":"恩洛斯的盘子","player_choice":"Sell","floor":21.0,"relics_lost":["testmod-TestBox"],"gold_loss":0.0,"damage_taken":0.0},{"damage_healed":0.0,"max_hp_gain":0.0,"max_hp_loss":0.0,"gold_gain":0.0,"event_name":"Accursed Blacksmith","player_choice":"Rummage","floor":37.0,"gold_loss":0.0,"damage_taken":0.0,"relics_obtained":["WarpedTongs"],"cards_obtained":["Pain"]},{"damage_healed":0.0,"max_hp_gain":0.0,"max_hp_loss":0.0,"gold_gain":100.0,"event_name":"Golden Shrine","player_choice":"Pray","floor":39.0,"gold_loss":0.0,"damage_taken":0.0},{"damage_healed":0.0,"max_hp_gain":0.0,"max_hp_loss":0.0,"gold_gain":0.0,"event_name":"Winding Halls","player_choice":"Embrace Madness","floor":42.0,"gold_loss":0.0,"damage_taken":11.0,"cards_obtained":["Madness","Madness"]},{"damage_healed":0.0,"max_hp_gain":0.0,"max_hp_loss":0.0,"gold_gain":0.0,"cards_transformed":["StartinOutLightly"],"event_name":"Transmorgrifier","player_choice":"Transformed","floor":45.0,"gold_loss":0.0,"damage_taken":0.0,"cards_obtained":["FaintMemories"]},{"damage_healed":0.0,"max_hp_gain":0.0,"max_hp_loss":0.0,"gold_gain":0.0,"event_name":"Match and Keep!","player_choice":"2 cards matched","floor":46.0,"gold_loss":0.0,"damage_taken":0.0,"cards_obtained":["Normality","Dramatic Entrance"]}],"is_beta":false,"boss_relics":[{"not_picked":["testmod-HarvestTotem","testmod-PortableAltar"],"picked":"testmod-Nine"},{"not_picked":["Philosopher\u0027s Stone","Tiny House"],"picked":"testmod-DeterminationOfClimber"}],"items_purged_floors":[27,38,47],"is_endless":false,"potions_floor_spawned":[4,5,14,16,22,30,35,36,44],"ascension_level":0}}