{"host":"g2yp6paluzgljz05","time":1611587690,"event":{"mods":["BaseMod","Bestiary","Colored Powertips","DeckTracker","Highlight Path","Minty Spire (QoL Compilation)","Quick Restart"],"gold_per_floor":[116,116,131,147,147,165,165,45,69,69,69,89,114,126,138,247,259,289,201,213,62,162,162,195,208,234,91,118,118,118],"floor_reached":29,"language":"ENG","playtime":1613,"items_purged":["Strike_R","Strike_R"],"score":389,"play_id":"fee32675-63d3-4b5a-b0ba-caf347dad4c9","local_time":"20210126021450","is_ascension_mode":true,"campfire_choices":[{"data":"True Grit","floor":7,"key":"SMITH"},{"data":"Bash","floor":10,"key":"SMITH"},{"data":"Uppercut","floor":15,"key":"SMITH"},{"data":"Corruption","floor":23,"key":"SMITH"}],"circlet_count":0,"master_deck":["Strike_R","Strike_R","Defend_R","Defend_R","Defend_R","Defend_R","Bash+1","Feed","True Grit+1","Pommel Strike","Flex","Uppercut+1","Battle Trance","Corruption+1","Rampage","Flex","Inflame+1"],"relics":["Burning Blood","Centennial Puzzle","MealTicket","MawBank","Velvet Choker","Happy Flower","Molten Egg 2","Ancient Tea Set","Orichalcum","Regal Pillow"],"acts_visited":["Exordium","TheCity"],"potions_floor_usage":[24,25,29],"damage_taken":[{"damage":0,"enemies":"2 Louse","floor":1,"turns":2},{"damage":10,"enemies":"Cultist","floor":3,"turns":5},{"damage":14,"enemies":"Small Slimes","floor":4,"turns":5},{"damage":32,"enemies":"Exordium Wildlife","floor":6,"turns":4},{"damage":7,"enemies":"Looter","floor":12,"turns":3},{"damage":26,"enemies":"3 Sentries","floor":13,"turns":8},{"damage":40,"enemies":"The Guardian","floor":16,"turns":14},{"damage":7,"enemies":"Chosen","floor":18,"turns":3},{"damage":19,"enemies":"Shell Parasite","floor":20,"turns":4},{"damage":79,"enemies":"Slavers","floor":24,"turns":6},{"damage":26,"enemies":"Snake Plant","floor":25,"turns":5},{"damage":41,"enemies":"Gremlin Leader","floor":28,"turns":4},{"damage":27,"enemies":"Sentry and Sphere","floor":29,"turns":4}],"seed_played":"4505243689022027076","potions_obtained":[{"floor":4,"key":"FairyPotion"},{"floor":12,"key":"Weak Potion"},{"floor":13,"key":"AttackPotion"},{"floor":28,"key":"Swift Potion"}],"is_trial":false,"path_per_floor":["M","?","M","M","?","M","R","$","T","R","T","M","E","$","R","B",null,"M","$","M","$","?","R","E","M","T","$","E","M"],"character_chosen":"IRONCLAD","items_purchased":["Flex","Happy Flower","Orichalcum"],"campfire_rested":0,"item_purchase_floors":[8,21,27],"current_hp_per_floor":[81,81,80,75,68,45,45,45,45,45,45,47,30,45,45,14,79,81,96,86,101,101,101,28,8,8,23,26,0,0],"gold":118,"neow_bonus":"THREE_RARE_CARDS","is_daily":false,"chose_seed":false,"campfire_upgraded":4,"win_rate":0.0,"timestamp":1611587690,"path_taken":["M","?","?","?","?","M","R","$","T","R","?","M","E","$","R","BOSS","M","$","M","$","?","R","E","M","T","?","E","M"],"items_purchased_type":["Card","Relic","Relic"],"build_version":"2020-12-22","purchased_purges":2,"victory":false,"max_hp_per_floor":[83,83,86,89,89,92,92,92,92,92,92,95,98,98,98,101,101,104,104,107,107,107,107,107,107,107,107,110,110,110],"card_choices":[{"not_picked":["Offering","Limit Break"],"picked":"Feed","floor":0},{"not_picked":["Body Slam","Combust"],"picked":"True Grit","floor":1},{"not_picked":["Wild Strike","Sword Boomerang"],"picked":"Pommel Strike","floor":3},{"not_picked":["Combust","Fire Breathing","Clash"],"picked":"SKIP","floor":4},{"not_picked":["True Grit","Twin Strike","Iron Wave"],"picked":"SKIP","floor":6},{"not_picked":["Wild Strike","Thunderclap"],"picked":"Uppercut","floor":12},{"not_picked":["Brutality","Heavy Blade"],"picked":"Battle Trance","floor":13},{"not_picked":["Double Tap","Impervious"],"picked":"Corruption","floor":16},{"not_picked":["Intimidate","True Grit"],"picked":"Rampage","floor":18},{"not_picked":["Sentinel","Armaments+1"],"picked":"Flex","floor":20},{"not_picked":["Perfected Strike+1","Anger+1"],"picked":"Inflame+1","floor":24},{"not_picked":["Thunderclap+1","Cleave+1","Havoc+1"],"picked":"SKIP","floor":25},{"not_picked":["Power Through","Bloodletting","Pommel Strike+1"],"picked":"SKIP","floor":28}],"player_experience":270518,"relics_obtained":[{"floor":9,"key":"Centennial Puzzle"},{"floor":11,"key":"MealTicket"},{"floor":13,"key":"MawBank"},{"floor":24,"key":"Molten Egg 2"},{"floor":26,"key":"Ancient Tea Set"},{"floor":28,"key":"Regal Pillow"}],"event_choices":[{"cards_removed":["Writhe"],"damage_healed":0,"gold_gain":0,"player_choice":"Removed Curses","damage_taken":0,"max_hp_gain":0,"max_hp_loss":0,"event_name":"Fountain of Cleansing","floor":2,"gold_loss":0},{"cards_removed":["Strike_R"],"damage_healed":0,"gold_gain":0,"player_choice":"Card Removal","damage_taken":7,"max_hp_gain":0,"max_hp_loss":0,"event_name":"Golden Wing","floor":5,"gold_loss":0},{"damage_healed":0,"gold_gain":100,"player_choice":"Pray","damage_taken":0,"max_hp_gain":0,"max_hp_loss":0,"event_name":"Golden Shrine","floor":22,"gold_loss":0}],"is_beta":false,"boss_relics":[{"not_picked":["SlaversCollar","Black Star"],"picked":"Velvet Choker"}],"items_purged_floors":[8,19],"is_endless":false,"potions_floor_spawned":[4,12,13,20,28],"killed_by":"Sentry and Sphere","ascension_level":6}}