{"host":"94aus4jnk6thj94q","time":1611592194,"event":{"mods":["BaseMod","Minty Spire (QoL Compilation)","Quick Restart","StSLib"],"gold_per_floor":[109,124,85,96,114,114,114,114,137,148,164,193,211,221,221,316,316,336,347,347,347],"floor_reached":20,"language":"ENG","playtime":5928,"items_purged":[],"score":180,"play_id":"72f16f2b-750b-454b-ba81-70db00cc9f9c","local_time":"20210125182954","is_ascension_mode":false,"campfire_choices":[{"floor":6,"key":"REST"},{"floor":8,"key":"RECALL"},{"floor":15,"key":"REST"}],"circlet_count":0,"master_deck":["Strike_B","Strike_B","Strike_B","Defend_B","Defend_B","Defend_B","Defend_B","Zap","Dualcast","Ball Lightning","Redo","Loop","Loop","Ball Lightning","Conserve Battery","Conserve Battery","Self Repair","Lockon","Thunder Strike","Self Repair+1","Glacier"],"relics":["Cracked Core","Strawberry","Runic Pyramid"],"acts_visited":["Exordium","TheCity"],"potions_floor_usage":[12,12,12],"damage_taken":[{"damage":0,"enemies":"2 Louse","floor":1,"turns":2},{"damage":1,"enemies":"Cultist","floor":2,"turns":3},{"damage":0,"enemies":"Small Slimes","floor":4,"turns":3},{"damage":27,"enemies":"Exordium Thugs","floor":5,"turns":4},{"damage":10,"enemies":"Looter","floor":10,"turns":3},{"damage":2,"enemies":"2 Fungi Beasts","floor":11,"turns":3},{"damage":6,"enemies":"3 Sentries","floor":12,"turns":6},{"damage":5,"enemies":"3 Louse","floor":13,"turns":2},{"damage":12,"enemies":"Blue Slaver","floor":14,"turns":3},{"damage":7,"enemies":"Slime Boss","floor":16,"turns":9},{"damage":26,"enemies":"Shell Parasite","floor":18,"turns":6},{"damage":19,"enemies":"Spheric Guardian","floor":19,"turns":5},{"damage":0,"enemies":"Cultist and Chosen","floor":20,"turns":4}],"seed_played":"1368786625418000639","potions_obtained":[{"floor":2,"key":"PowerPotion"},{"floor":4,"key":"GamblersBrew"},{"floor":5,"key":"Regen Potion"},{"floor":11,"key":"PotionOfCapacity"}],"is_trial":false,"path_per_floor":["M","M","$","M","M","R","?","R","T","M","M","E","M","M","R","B",null,"M","M","M"],"character_chosen":"DEFECT","items_purchased":["Loop"],"campfire_rested":2,"item_purchase_floors":[3],"current_hp_per_floor":[82,81,81,81,54,78,78,78,78,68,66,82,77,72,89,89,89,70,68,68,68],"gold":347,"neow_bonus":"TEN_PERCENT_HP_BONUS","is_daily":false,"chose_seed":false,"campfire_upgraded":0,"win_rate":0.0,"timestamp":1611592194,"path_taken":["M","M","$","M","M","R","?","R","T","M","?","E","M","M","R","BOSS","M","M","M"],"items_purchased_type":["Card"],"build_version":"2020-12-22","purchased_purges":0,"victory":false,"max_hp_per_floor":[82,82,82,82,82,82,82,82,82,82,82,89,89,89,89,89,89,89,89,89,89],"card_choices":[{"not_picked":["Recycle","Chaos"],"picked":"Ball Lightning","floor":1},{"not_picked":["Storm","Hologram"],"picked":"Redo","floor":2},{"not_picked":["Sweeping Beam","Force Field"],"picked":"Loop","floor":4},{"not_picked":["Blizzard","Sweeping Beam"],"picked":"Ball Lightning","floor":5},{"not_picked":["Beam Cell","Steam"],"picked":"Conserve Battery","floor":10},{"not_picked":["Fission","Consume"],"picked":"Conserve Battery","floor":11},{"not_picked":["Recycle","Hologram"],"picked":"Self Repair","floor":12},{"not_picked":["Go for the Eyes","Rebound"],"picked":"Lockon","floor":13},{"not_picked":["Steam","Go for the Eyes","Turbo"],"picked":"SKIP","floor":14},{"not_picked":["Amplify","Hyperbeam"],"picked":"Thunder Strike","floor":16},{"not_picked":["Capacitor","Darkness"],"picked":"Self Repair+1","floor":18},{"not_picked":["Leap","Coolheaded"],"picked":"Glacier","floor":19}],"player_experience":5946160,"relics_obtained":[{"floor":12,"key":"Strawberry"}],"event_choices":[{"cards_removed":["Strike_B"],"damage_healed":0,"gold_gain":0,"player_choice":"Purged","damage_taken":0,"max_hp_gain":0,"max_hp_loss":0,"event_name":"Purifier","floor":7,"gold_loss":0}],"is_beta":false,"boss_relics":[{"not_picked":["Coffee Dripper","SacredBark"],"picked":"Runic Pyramid"}],"items_purged_floors":[],"is_endless":false,"potions_floor_spawned":[2,4,5,11],"killed_by":"Cultist and Chosen","ascension_level":0}}