{"host":"bxyl4n8onrqni51y","time":1611614203,"event":{"mods":["BaseMod","BetterRewards","Colored Map","Downfall","Hubris","Marisa????????","Minty Spire (QoL Compilation)","Replay The Spire","StSLib","Td1madao Mod","The Animator","The Cursed","The Jungle","The Necromancer","The Servant 0.9.4"],"gold_per_floor":[99,115,565,578,578,592,617,39,76,108,108,137,79,79,103,206,206,206,226,342,376,404,404,428,467,492,492,492,1,1,1,53,65,65,65],"floor_reached":33,"language":"ENG","playtime":3090,"items_purged":["downfall:Icky","Shame"],"score":276,"play_id":"10940af8-fd16-4bee-bade-c710135c563b","local_time":"20210125233643","is_ascension_mode":false,"campfire_choices":[{"data":"ReplayTheSpireMod:Brewmster","floor":11,"key":"SMITH"},{"floor":30,"key":"REST"}],"circlet_count":0,"master_deck":["Guardian:Strike_Guardian","Guardian:Strike_Guardian","Guardian:Strike_Guardian","Guardian:Strike_Guardian","Guardian:Defend_Guardian","Guardian:Defend_Guardian","Guardian:Defend_Guardian","Guardian:Defend_Guardian","Guardian:CurlUp","Guardian:TwinSlam","Guardian:RefractedBeam","downfall:Icky","Guardian:Repulse","Guardian:DonusPower+1","ReplayTheSpireMod:Brewmster+1","Guardian:DecasProtection","Guardian:Gem_Green","Guardian:DecasProtection+1","Guardian:Clone","Guardian:DonusPower+1","Guardian:Gem_Red","Guardian:Gem_Purple","Hallucinations","Guardian:PrimingBeam","Guardian:PolyBeam","Guardian:MultiBeam+1","expansioncontent:YouAreMine+1","Guardian:AncientConstruct"],"relics":["Guardian:ModeShifter","Ice Cream","Centennial Puzzle","Toolbox","Replay:Bandana","Bronze Scales","Cursed Key","theJungle:PaperFaux","White Beast Statue","Replay:Wax Seal","hubris:FunFungus"],"acts_visited":["Exordium","theJungle:Jungle"],"potions_floor_usage":[12,12,16,16,16,16,16,16,16,16,16,16,19,19,19,19,19,20,20,20,20,20,20,21,21,21,21,21,22,26,26,26,26,28,29,32,33,33,33,33,33,33],"damage_taken":[{"damage":5,"enemies":"Small Slimes","floor":2,"turns":4},{"damage":6,"enemies":"Jaw Worm","floor":4,"turns":5},{"damage":0,"enemies":"2 Louse","floor":6,"turns":3},{"damage":5,"enemies":"downfall:FleeingMerchant","floor":8,"turns":4},{"damage":14,"enemies":"Exordium Wildlife","floor":9,"turns":4},{"damage":17,"enemies":"3 Louse","floor":10,"turns":4},{"damage":13,"enemies":"Lagavulin","floor":12,"turns":5},{"damage":0,"enemies":"downfall:FleeingMerchant","floor":13,"turns":4},{"damage":8,"enemies":"Lots of Slimes","floor":15,"turns":4},{"damage":15,"enemies":"DF_ARCHETYPE_STREAMLINE","floor":16,"turns":7},{"damage":23,"enemies":"theJungle:MUSHROOMGANG","floor":19,"turns":10},{"damage":19,"enemies":"downfall:LadyInBlue","floor":20,"turns":8},{"damage":0,"enemies":"theJungle:5_Spyders","floor":21,"turns":6},{"damage":23,"enemies":"theJungle:2_Snecko_Cultists","floor":22,"turns":5},{"damage":17,"enemies":"theJungle:Snecko_Cultist_And_Trap","floor":25,"turns":6},{"damage":9,"enemies":"theJungle:SlimyTreeVines","floor":26,"turns":8},{"damage":0,"enemies":"theJungle:2_Flameangoes","floor":28,"turns":1},{"damage":0,"enemies":"downfall:FleeingMerchant","floor":29,"turns":4},{"damage":7,"enemies":"theJungle:JungleHuntersEncounter","floor":32,"turns":3},{"damage":41,"enemies":"SI_MIRROR_ARCHETYPE","floor":33,"turns":8}],"seed_played":"1202538791189620468","potions_obtained":[{"floor":2,"key":"Strength Potion"},{"floor":6,"key":"Explosive Potion"},{"floor":9,"key":"Fire Potion"},{"floor":10,"key":"LiquidMemories"},{"floor":16,"key":"Regen Potion"},{"floor":20,"key":"CultistPotion"},{"floor":21,"key":"Guardian:AcceleratePotion"},{"floor":22,"key":"Doom Potion"},{"floor":26,"key":"Languid Potion"},{"floor":29,"key":"Guardian:BlockOnCardUsePotion"},{"floor":32,"key":"Toxic Potion"}],"is_trial":false,"path_per_floor":["R_BF","M","?","M","T","M","T","$","M","M","R","E","$","?","M","B",null,"R_BF","M","?","M","M","?","T","M","M","?","M","$","R","?","M","B"],"character_chosen":"GUARDIAN","items_purchased":["ReplayTheSpireMod:Brewmster","Toolbox","Replay:Bandana","Guardian:DecasProtection+1","hubris:FunFungus","expansioncontent:YouAreMine"],"campfire_rested":1,"item_purchase_floors":[8,8,8,13,29,29],"current_hp_per_floor":[88,83,83,77,77,77,77,72,58,41,41,28,28,28,20,5,88,88,80,61,61,38,38,38,21,18,18,18,18,44,44,37,0,0,0],"gold":65,"neow_bonus":"TEN_PERCENT_HP_BONUS","is_daily":false,"chose_seed":false,"campfire_upgraded":1,"win_rate":0.0,"timestamp":1611614203,"path_taken":["R_BF","M","?","M","?","M","T","$","M","M","R","E","$","?","M","BOSS","R_BF","M","?","?","M","?","T","M","M","?","?","$","R","?","M","BOSS"],"items_purchased_type":["Card","Relic","Relic","Card","Relic","Card"],"build_version":"2020-12-22","purchased_purges":2,"victory":false,"max_hp_per_floor":[88,88,88,88,88,88,88,88,88,88,88,88,88,88,88,88,88,88,88,88,88,88,88,88,88,88,88,88,88,88,88,88,88,88,88],"card_choices":[{"not_picked":["Guardian:Gem_Blue","Guardian:TemporalShield"],"picked":"Guardian:RefractedBeam","floor":2},{"not_picked":["Guardian:Planning","Guardian:TemporalShield"],"picked":"Guardian:Repulse","floor":4},{"not_picked":["Guardian:Recover","Guardian:TemporalShield"],"picked":"Guardian:DonusPower","floor":6},{"not_picked":["Guardian:Harden","Guardian:SentryBeam"],"picked":"Guardian:Gem_White","floor":8},{"not_picked":["Guardian:Planning","Guardian:Harden"],"picked":"Guardian:DecasProtection","floor":9},{"not_picked":["Guardian:CrystalBeam","Guardian:Emergency"],"picked":"Guardian:Gem_Orange","floor":10},{"not_picked":["Guardian:TimeCapacitor","Guardian:TemporalShield","Guardian:Repulse"],"picked":"SKIP","floor":12},{"not_picked":["Guardian:Planning","Guardian:Gem_Lightblue"],"picked":"Guardian:Gem_Green","floor":13},{"not_picked":["Guardian:WalkerClaw","Guardian:TimeBomb"],"picked":"Guardian:Clone","floor":15},{"not_picked":["Guardian:RevengeProtocol","Guardian:StasisStrike"],"picked":"Guardian:Gem_Orange","floor":16},{"not_picked":["Guardian:ChargeCore","Guardian:Recover","Guardian:Gem_Blue"],"picked":"SKIP","floor":19},{"not_picked":["Guardian:PiercingHide","Guardian:ArmoredProtocol"],"picked":"Guardian:DonusPower+1","floor":20},{"not_picked":["Guardian:Repulse","Guardian:TimeBomb"],"picked":"Guardian:Gem_Red","floor":21},{"not_picked":["Guardian:Gem_Cyan","Guardian:Gem_Crimson"],"picked":"Guardian:RevengeProtocol","floor":22},{"not_picked":["Guardian:RollAttack","Guardian:WalkerClaw","Guardian:Gem_Green"],"picked":"SKIP","floor":25},{"not_picked":["Guardian:WalkerClaw","Guardian:ChargeCore"],"picked":"Guardian:PrimingBeam","floor":26},{"not_picked":["Guardian:Emergency","Guardian:Recover+1"],"picked":"Guardian:MultiBeam+1","floor":29},{"not_picked":["Guardian:TimeCapacitor","Guardian:RefractedBeam"],"picked":"Guardian:AncientConstruct","floor":32}],"player_experience":44907,"relics_obtained":[{"floor":5,"key":"Ice Cream"},{"floor":7,"key":"Centennial Puzzle"},{"floor":12,"key":"Bronze Scales"},{"floor":20,"key":"White Beast Statue"},{"floor":24,"key":"Replay:Wax Seal"}],"event_choices":[],"is_beta":false,"boss_relics":[{"not_picked":["Replay:Wanted Poster","Velvet Choker"],"picked":"Cursed Key"}],"items_purged_floors":[8,29],"is_endless":false,"potions_floor_spawned":[2,6,9,10,16,20,21,22,25,26,28,29,32],"killed_by":"SI_MIRROR_ARCHETYPE","ascension_level":0}}