{"host":"4cz9gr89nglr7k8k","time":1611591790,"event":{"mods":["BaseMod","Minty Spire (QoL Compilation)","Relic Stats","Slay-I"],"gold_per_floor":[118,43,43,0,0,26,26,60,60,60,73,99,42,61,61,61,61],"floor_reached":16,"language":"DEU","playtime":272,"items_purged":[],"score":332,"play_id":"642f30d3-4a70-4d5f-a8eb-d522090fdffe","local_time":"20210125172310","is_ascension_mode":true,"campfire_choices":[{"data":"Rampage","floor":7,"key":"SMITH"},{"data":"Flame Barrier","floor":10,"key":"SMITH"},{"data":"Clothesline","floor":15,"key":"SMITH"}],"circlet_count":0,"master_deck":["AscendersBane","Strike_R","Strike_R+1","Strike_R+1","Strike_R","Defend_R","Defend_R","Defend_R","Bash","Rampage+1","Flame Barrier+1","Feel No Pain","Clothesline+1","Clash","Twin Strike","Anger","Flex"],"relics":["Burning Blood","NeowsBlessing","Nunchaku","Blood Vial","Whetstone","Du-Vu Doll","Boot"],"acts_visited":["Exordium"],"potions_floor_usage":[16,16],"damage_taken":[{"damage":0,"enemies":"Small Slimes","floor":1,"turns":1},{"damage":0,"enemies":"Lagavulin","floor":6,"turns":1},{"damage":0,"enemies":"Gremlin Nob","floor":8,"turns":1},{"damage":9,"enemies":"Jaw Worm","floor":11,"turns":3},{"damage":12,"enemies":"3 Sentries","floor":12,"turns":7},{"damage":4,"enemies":"Cultist","floor":14,"turns":3},{"damage":75,"enemies":"Hexaghost","floor":16,"turns":7}],"seed_played":"-756316994867313143","potions_obtained":[{"floor":1,"key":"ElixirPotion"},{"floor":12,"key":"CultistPotion"},{"floor":14,"key":"PowerPotion"}],"is_trial":false,"path_per_floor":["M","?","?","$","?","E","R","E","T","R","M","E","$","M","R","B"],"character_chosen":"IRONCLAD","items_purchased":["Flame Barrier","Anger"],"campfire_rested":0,"item_purchase_floors":[4,13],"current_hp_per_floor":[74,74,69,69,69,75,75,75,75,75,72,68,68,72,72,0,0],"gold":61,"neow_bonus":"THREE_ENEMY_KILL","is_daily":false,"chose_seed":false,"campfire_upgraded":3,"win_rate":0.0,"timestamp":1611591790,"path_taken":["M","?","?","$","?","E","R","E","T","R","M","E","$","?","R","BOSS"],"items_purchased_type":["Card","Card"],"build_version":"2020-12-22","purchased_purges":0,"victory":false,"max_hp_per_floor":[75,75,75,75,75,75,75,75,75,75,75,75,75,75,75,75,75],"relic_stats":{"Blood Vial":6,"Nunchaku":[4],"counters":[7,23],"Whetstone":["Strike_R","Strike_R"],"Boot":[2],"obtain_stats":[{"Blood Vial":6,"Du-Vu Doll":9,"Nunchaku":3,"NeowsBlessing":0,"Whetstone":8,"Boot":12,"Burning Blood":0},{"Blood Vial":2,"Du-Vu Doll":3,"Nunchaku":1,"NeowsBlessing":0,"Whetstone":3,"Boot":5,"Burning Blood":0},{"Blood Vial":2,"Du-Vu Doll":3,"Nunchaku":1,"NeowsBlessing":0,"Whetstone":3,"Boot":13,"Burning Blood":0}],"Burning Blood":30},"card_choices":[{"not_picked":["Disarm","Twin Strike"],"picked":"Rampage","floor":1},{"not_picked":["Dark Embrace","Dual Wield"],"picked":"Feel No Pain","floor":6},{"not_picked":["Havoc","Body Slam"],"picked":"Clothesline","floor":8},{"not_picked":["Armaments","Warcry"],"picked":"Clash","floor":11},{"not_picked":["Body Slam","Barricade"],"picked":"Twin Strike","floor":12},{"not_picked":["Sever Soul","Warcry"],"picked":"Flex","floor":14}],"player_experience":1520731,"relics_obtained":[{"floor":6,"key":"Blood Vial"},{"floor":8,"key":"Whetstone"},{"floor":9,"key":"Du-Vu Doll"},{"floor":12,"key":"Boot"}],"event_choices":[{"cards_removed":["Strike_R"],"damage_healed":0,"gold_gain":0,"player_choice":"Card Removal","damage_taken":0,"max_hp_gain":0,"max_hp_loss":0,"event_name":"The Cleric","floor":2,"gold_loss":75},{"damage_healed":0,"gold_gain":0,"player_choice":"Success","damage_taken":5,"relics_obtained":["Nunchaku"],"max_hp_gain":0,"max_hp_loss":0,"event_name":"Scrap Ooze","floor":3,"gold_loss":0},{"cards_removed":["Defend_R"],"damage_healed":0,"gold_gain":0,"player_choice":"Purged","damage_taken":0,"max_hp_gain":0,"max_hp_loss":0,"event_name":"Purifier","floor":5,"gold_loss":0}],"is_beta":false,"boss_relics":[],"items_purged_floors":[],"is_endless":false,"potions_floor_spawned":[1,12,14],"killed_by":"Hexaghost","ascension_level":20}}