{"host":"820xk69ekh5gtclf","time":1611604424,"event":{"mods":["BaseMod","Custom Start","Downfall","Hermit","Minty Spire (QoL Compilation)","StSLib"],"gold_per_floor":[99,111,111,123,10,10,33,67,67,67,96,109,139,153,170,269,269,169,182,210,75,90,106,132,142,142,142,171,171,191,206,217,320,320,220,236,251,351,137,163,163,183,218,230,130,163,163,163,183,183,183,216,66,66,66,66],"floor_reached":57,"language":"ENG","playtime":5108,"items_purged":["bronze:Strike","bronze:Strike","bronze:Replicate+1","bronze:Defend"],"score":1386,"play_id":"7dbe1c3e-fa35-46e9-b152-41a7ef3f2705","local_time":"20210125145344","is_ascension_mode":true,"campfire_choices":[{"floor":1.0,"key":"RECALL"},{"data":"bronze:ChosenStrike","floor":10.0,"key":"SMITH"},{"data":"bronze:Terminator","floor":18.0,"key":"SMITH"},{"data":"Violence","floor":27.0,"key":"SMITH"},{"data":"bronze:Goto","floor":29.0,"key":"SMITH"},{"data":"bronze:Verify","floor":35.0,"key":"SMITH"},{"data":"expansioncontent:YouAreMine","floor":45,"key":"SMITH"},{"data":"expansioncontent:LastStand","floor":54,"key":"SMITH"}],"circlet_count":0,"master_deck":["bronze:Defend","bronze:Defend","bronze:Defend","bronze:Goto+1","bronze:CloningBeam+1","bronze:ChosenStrike+1","bronze:FineTuning","bronze:CutThrough","bronze:CloningBeam","bronze:Repair","bronze:Terminator+1","bronze:FineTuning","bronze:ClassDefault+1","Violence+1","bronze:Turbo","bronze:DelayedGuard","bronze:DelayedGuard+1","bronze:Verify+1","expansioncontent:YouAreMine+1","bronze:Shield+1","expansioncontent:AwakenDeath","expansioncontent:LastStand","expansioncontent:LastStand+1"],"relics":["bronze:BronzeCore","MealTicket","Vajra","Oddly Smooth Stone","Lantern","Runic Pyramid","downfall:HeartBlessingRed","Whetstone","Coffee Dripper","downfall:HeartBlessingBlue","White Beast Statue","Centennial Puzzle","Pantograph","Question Card","downfall:HeartBlessingGreen","TungstenRod","Orichalcum"],"acts_visited":["Exordium","TheCity","TheBeyond","TheEnding"],"potions_floor_usage":[52,56],"damage_taken":[{"damage":5.0,"enemies":"Small Slimes","floor":2.0,"turns":4.0},{"damage":0.0,"enemies":"Jaw Worm","floor":4.0,"turns":3.0},{"damage":0.0,"enemies":"downfall:FleeingMerchant","floor":5.0,"turns":4.0},{"damage":21.0,"enemies":"Lagavulin","floor":8.0,"turns":8.0},{"damage":11.0,"enemies":"Gremlin Nob","floor":11.0,"turns":3.0},{"damage":0.0,"enemies":"Cultist","floor":12.0,"turns":2.0},{"damage":13.0,"enemies":"3 Sentries","floor":13.0,"turns":4.0},{"damage":0.0,"enemies":"Lots of Slimes","floor":14.0,"turns":3.0},{"damage":2.0,"enemies":"Gremlin Gang","floor":15.0,"turns":4.0},{"damage":28.0,"enemies":"DF_ARCHETYPE_STREAMLINE","floor":16.0,"turns":6.0},{"damage":4.0,"enemies":"Shell Parasite","floor":19.0,"turns":4.0},{"damage":9.0,"enemies":"downfall:FleeingMerchant","floor":20.0,"turns":4.0},{"damage":0.0,"enemies":"3 Byrds","floor":22.0,"turns":3.0},{"damage":0.0,"enemies":"Cultist and Chosen","floor":23.0,"turns":2.0},{"damage":0.0,"enemies":"Sentry and Sphere","floor":25.0,"turns":3.0},{"damage":22.0,"enemies":"Slavers","floor":28.0,"turns":4.0},{"damage":0.0,"enemies":"Snecko","floor":30.0,"turns":2.0},{"damage":4.0,"enemies":"Centurion and Healer","floor":31.0,"turns":3.0},{"damage":0.0,"enemies":"Snake Plant","floor":32.0,"turns":1.0},{"damage":23.0,"enemies":"IC_MUSHROOM_ARCHETYPE","floor":33.0,"turns":3.0},{"damage":0.0,"enemies":"3 Shapes","floor":36.0,"turns":7.0},{"damage":16.0,"enemies":"Orb Walker","floor":37.0,"turns":5.0},{"damage":12.0,"enemies":"downfall:LadyInBlue","floor":38.0,"turns":5.0},{"damage":66.0,"enemies":"Nemesis","floor":40.0,"turns":5.0},{"damage":28.0,"enemies":"3 Darklings","floor":42.0,"turns":7.0},{"damage":0,"enemies":"Giant Head","floor":43,"turns":3},{"damage":0,"enemies":"Sphere and 2 Shapes","floor":44,"turns":5},{"damage":0,"enemies":"Nemesis","floor":46,"turns":3},{"damage":26,"enemies":"Transient","floor":49,"turns":5},{"damage":29,"enemies":"SI_POISON_ARCHETYPE","floor":50,"turns":6},{"damage":16,"enemies":"downfall:CharBossMerchant","floor":52,"turns":5},{"damage":0,"enemies":"downfall:NeowBoss","floor":55,"turns":7},{"damage":45,"enemies":"downfall:NeowBossFinal","floor":56,"turns":6}],"seed_played":"4364132848610052960","potions_obtained":[{"floor":2.0,"key":"DuplicationPotion"},{"floor":11.0,"key":"champ:CounterPotion"},{"floor":13.0,"key":"champ:CounterPotion"},{"floor":16.0,"key":"Ancient Potion"},{"floor":22.0,"key":"Energy Potion"},{"floor":23.0,"key":"GamblersBrew"},{"floor":30.0,"key":"Dexterity Potion"},{"floor":31.0,"key":"LiquidMemories"},{"floor":38.0,"key":"bronze:BuildAFunctionPotion"},{"floor":52,"key":"FearPotion"}],"is_trial":false,"path_per_floor":["R","M","?","M","$","?","T","E","?","R","E","M","E","M","M","B",null,"R","M","$","$","M","M","T","M","?","R","E","R","M","M","M","B",null,"R","M","M","?","$","E","T","M","E","M","R","E","?","?","M","B",null,"E","$","R","B","B",null],"character_chosen":"THE_AUTOMATON","items_purchased":["bronze:CutThrough","Violence","bronze:HardenedForm","expansioncontent:YouAreMine"],"campfire_rested":0,"item_purchase_floors":[5,20,21,39],"current_hp_per_floor":[77,72,72,72,72,72,72,51,51,51,40,56,51,65,70,51,77,77,77,68,77,77,77,77,77,87,87,72,72,79,82,87,78,87,97,97,85,73,88,38,38,24,31,38,38,38,29,29,17,28,97,81,96,96,97,60],"gold":66,"neow_bonus":"TEN_PERCENT_HP_BONUS","is_daily":false,"chose_seed":false,"campfire_upgraded":7,"win_rate":0.0,"timestamp":1611604424,"path_taken":["R","M","?","M","$","?","T","E","?","R","E","M","E","?","M","BOSS","R","M","?","$","?","M","T","M","?","R","E","R","M","M","M","BOSS","R","M","M","?","$","E","T","?","E","M","R","E","?","?","M","BOSS","E","$","R","BOSS","BOSS"],"items_purchased_type":["Card","Card","Card","Card"],"build_version":"2020-12-22","purchased_purges":4,"victory":true,"max_hp_per_floor":[77,77,77,77,77,77,77,77,77,77,77,77,77,77,77,77,77,77,77,77,77,77,77,77,77,87,87,87,87,87,87,87,87,87,97,97,97,97,97,97,97,97,97,97,97,97,97,97,97,97,97,97,97,97,97,97],"card_choices":[{"not_picked":["bronze:Safeguard","bronze:Branch"],"picked":"bronze:CloningBeam","floor":2.0},{"not_picked":["bronze:Shield","bronze:Shell"],"picked":"bronze:ChosenStrike","floor":4.0},{"not_picked":["bronze:Turbo","bronze:DelayedSlice"],"picked":"bronze:FineTuning","floor":5.0},{"not_picked":["bronze:Invalidate","bronze:BronzeArmor"],"picked":"bronze:CloningBeam","floor":8.0},{"not_picked":["bronze:BronzeArmor","bronze:DelayedSlice"],"picked":"bronze:Repair","floor":11.0},{"not_picked":["bronze:Constructor","bronze:Safeguard"],"picked":"bronze:Terminator","floor":12.0},{"not_picked":["bronze:WhirlingStrike","bronze:Separator","bronze:MaxOutput"],"picked":"SKIP","floor":13.0},{"not_picked":["bronze:BugBarrage","bronze:ForceShield","bronze:CleanCode"],"picked":"SKIP","floor":14.0},{"not_picked":["bronze:Frontload","bronze:Invalidate"],"picked":"bronze:FineTuning","floor":15.0},{"not_picked":["bronze:ChosenStrike+1","bronze:Deprecate","bronze:Separator"],"picked":"SKIP","floor":19.0},{"not_picked":["bronze:Overheat","bronze:CutThrough+1"],"picked":"bronze:ClassDefault+1","floor":20.0},{"not_picked":["bronze:WildBeam","bronze:Deprecate"],"picked":"bronze:Turbo","floor":22.0},{"not_picked":["bronze:Constructor","bronze:WildBeam+1","bronze:BuggyMess"],"picked":"SKIP","floor":23.0},{"not_picked":["bronze:Constructor","bronze:WildBeam+1","bronze:BuggyMess"],"picked":"SKIP","floor":23.0},{"not_picked":["bronze:InfiniteLoop","bronze:Separator","bronze:Refactor"],"picked":"SKIP","floor":25.0},{"not_picked":["bronze:CutThrough","bronze:Frontload","bronze:DelayedSlice"],"picked":"SKIP","floor":28.0},{"not_picked":["bronze:DelayedSlice+1","bronze:Backtrace"],"picked":"bronze:DelayedGuard","floor":30.0},{"not_picked":["bronze:Frontload","bronze:Constructor","bronze:Overheat"],"picked":"SKIP","floor":31.0},{"not_picked":["bronze:NullPointer","bronze:Boost"],"picked":"bronze:DelayedGuard+1","floor":32.0},{"not_picked":["bronze:Assembly","bronze:ShipIt"],"picked":"bronze:Verify","floor":33.0},{"not_picked":["bronze:Separator","bronze:Repair","bronze:BuggyMess+1"],"picked":"SKIP","floor":36.0},{"not_picked":["bronze:WhirlingStrike+1","bronze:WildBeam+1","bronze:ChosenStrike"],"picked":"SKIP","floor":37.0},{"not_picked":["bronze:MaxOutput","bronze:Invalidate+1","bronze:WildBeam"],"picked":"SKIP","floor":40.0},{"not_picked":["bronze:Deprecate+1","bronze:Constructor"],"picked":"bronze:Shield+1","floor":42.0},{"not_picked":["bronze:Assembly","bronze:Repulsor","bronze:Branch"],"picked":"SKIP","floor":43},{"not_picked":["bronze:Deprecate","bronze:BuggyMess","bronze:Overheat+1","bronze:ForLoop"],"picked":"SKIP","floor":44},{"not_picked":["bronze:Overheat","bronze:ForceShield","bronze:BuggyMess","bronze:ClassDefault"],"picked":"SKIP","floor":46},{"not_picked":["expansioncontent:PolyBeam","expansioncontent:Chronoboost","expansioncontent:GuardianWhirl"],"picked":"expansioncontent:AwakenDeath","floor":47},{"not_picked":["expansioncontent:YouAreMine","expansioncontent:PolyBeam","expansioncontent:GuardianWhirl"],"picked":"expansioncontent:LastStand","floor":47},{"not_picked":["expansioncontent:Hexaburn","expansioncontent:GuardianWhirl","expansioncontent:PrepareCrush"],"picked":"expansioncontent:LastStand","floor":47},{"not_picked":["bronze:Turbo","bronze:ForceShield+1","bronze:InfiniteBeams","bronze:Invalidate"],"picked":"SKIP","floor":49},{"not_picked":["bronze:Backtrace","bronze:WhirlingStrike","bronze:MaxOutput+1","bronze:Invalidate+1"],"picked":"SKIP","floor":52}],"player_experience":2397220,"relics_obtained":[{"floor":7.0,"key":"MealTicket"},{"floor":8.0,"key":"Vajra"},{"floor":11.0,"key":"Oddly Smooth Stone"},{"floor":13.0,"key":"Lantern"},{"floor":28.0,"key":"Whetstone"},{"floor":38.0,"key":"White Beast Statue"},{"floor":40.0,"key":"Centennial Puzzle"},{"floor":41.0,"key":"Pantograph"},{"floor":43,"key":"Question Card"},{"floor":46,"key":"TungstenRod"},{"floor":52,"key":"Orichalcum"}],"event_choices":[{"cards_removed":["bronze:Strike"],"damage_healed":0.0,"max_hp_gain":0.0,"max_hp_loss":0.0,"gold_gain":0.0,"event_name":"The Cleric","player_choice":"Card Removal","floor":6.0,"gold_loss":0.0,"damage_taken":0.0},{"cards_removed":["bronze:Strike"],"damage_healed":0.0,"max_hp_gain":0.0,"max_hp_loss":0.0,"gold_gain":0.0,"event_name":"Bonfire Elementals","player_choice":"Offered Basic","floor":9.0,"gold_loss":0.0,"damage_taken":0.0}],"is_beta":false,"boss_relics":[{"not_picked":["Astrolabe","Black Star"],"picked":"Runic Pyramid"},{"not_picked":["Sozu","bronze:MakeshiftBattery"],"picked":"Coffee Dripper"}],"items_purged_floors":[5,20,39,53],"is_endless":false,"potions_floor_spawned":[2,11,13,16,22,23,30,31,33,38,40,42,43,44,46,49,52],"ascension_level":1}}