{"host":"z8galgznf6llawpn","time":1611545032,"event":{"mods":["AchievementEnabler","Act Like it!","BaseMod","Colored Map","Defuse TimeMaze Blight","Downfall","Friendly Minions","GifTheSpireLib","Minty Spire (QoL Compilation)","Permanent Neow","Somnambulant","StSLib","Unceasing Turn Reminder"],"gold_per_floor":[99,157,173,173,189,204,228,228,261,272,372,372,405,423,439,542,542,442,460,478,496,496,59,86,96,96,122,122,142,142,160,176,279,279,279,295,308,328,348,379,428,442,442,472,482,501,108,108,128,128],"floor_reached":51,"language":"ENG","playtime":3804,"items_purged":["Guardian:Repulse","Guardian:TimeCapacitor"],"score":911,"play_id":"1e4b1695-6f54-4bff-b4e9-18e8c85a844c","local_time":"20210124222352","is_ascension_mode":true,"campfire_choices":[{"data":"Guardian:PrimingBeam","floor":1,"key":"SMITH"},{"data":"Guardian:TwinSlam","floor":8,"key":"SMITH"},{"data":"Guardian:RefractedBeam","floor":18,"key":"SMITH"},{"data":"Guardian:RefractedBeam+1","floor":30,"key":"SMITH"},{"data":"Guardian:RefractedBeam+2","floor":35,"key":"SMITH"},{"data":"Guardian:RefractedBeam+3","floor":43,"key":"SMITH"}],"circlet_count":0,"master_deck":["Guardian:CurlUp","Guardian:TwinSlam+1","Guardian:PrimingBeam+1","Guardian:Incinerate+1","Guardian:BronzeOrb+1","Guardian:Recover","Guardian:ChargeUp","Guardian:RollAttack","Guardian:ShieldCharger","Guardian:GemFinder","Guardian:RefractedBeam+4","Guardian:AncientConstruct","Guardian:WalkerClaw","Guardian:SentryBeam","Guardian:Gem_Green","Guardian:TemporalStrike","Guardian:Recover+1","Guardian:PrimingBeam","Guardian:Gem_Green","Guardian:Planning+1","Guardian:BronzeOrb+1","Guardian:Gem_Synthetic","Guardian:Reroute+1","Guardian:Planning+1","Guardian:Gem_White","Guardian:Gem_White","Guardian:BronzeOrb","Guardian:CrystalBeam+1"],"relics":["Guardian:ModeShifter","Anchor","Pantograph","Whetstone","Bag of Marbles","Letter Opener","Bronze Scales","Pandora\u0027s Box","downfall:HeartBlessingGreen","Juzu Bracelet","Medical Kit","Dream Catcher","MealTicket","sneckomod:BabySnecko","Thread and Needle","Coffee Dripper","Incense Burner","Vajra","Art of War","Lee\u0027s Waffle","Pear"],"acts_visited":["Exordium","TheCity","TheBeyond"],"potions_floor_usage":[9,19],"damage_taken":[{"damage":46,"enemies":"Lagavulin Event","floor":2,"turns":10},{"damage":2,"enemies":"Small Slimes","floor":3,"turns":3},{"damage":0,"enemies":"Jaw Worm","floor":5,"turns":3},{"damage":0,"enemies":"Cultist","floor":6,"turns":3},{"damage":13,"enemies":"3 Sentries","floor":9,"turns":9},{"damage":0,"enemies":"Large Slime","floor":10,"turns":3},{"damage":13,"enemies":"downfall:Heads","floor":11,"turns":6},{"damage":16,"enemies":"Gremlin Nob","floor":13,"turns":4},{"damage":0,"enemies":"2 Fungi Beasts","floor":14,"turns":2},{"damage":0,"enemies":"Lots of Slimes","floor":15,"turns":2},{"damage":2,"enemies":"IC_STATUS_ARCHETYPE","floor":16,"turns":7},{"damage":0,"enemies":"3 Byrds","floor":19,"turns":4},{"damage":0,"enemies":"Shell Parasite","floor":20,"turns":3},{"damage":18,"enemies":"Snake Plant","floor":21,"turns":3},{"damage":10,"enemies":"downfall:FleeingMerchant","floor":23,"turns":4},{"damage":0,"enemies":"downfall:FleeingMerchant","floor":25,"turns":3},{"damage":6,"enemies":"Gremlin Leader","floor":27,"turns":4},{"damage":3,"enemies":"Snecko","floor":29,"turns":4},{"damage":0,"enemies":"Cultist and Chosen","floor":31,"turns":3},{"damage":2,"enemies":"3 Cultists","floor":32,"turns":3},{"damage":0,"enemies":"WA_ARCHETYPE_CALM","floor":33,"turns":5},{"damage":0,"enemies":"3 Shapes","floor":36,"turns":2},{"damage":0,"enemies":"Orb Walker","floor":37,"turns":2},{"damage":0,"enemies":"Sphere and 2 Shapes","floor":38,"turns":4},{"damage":0,"enemies":"3 Darklings","floor":39,"turns":4},{"damage":31,"enemies":"Nemesis","floor":40,"turns":3},{"damage":0,"enemies":"4 Shapes","floor":42,"turns":4},{"damage":0,"enemies":"Giant Head","floor":44,"turns":5},{"damage":0,"enemies":"Transient","floor":45,"turns":5},{"damage":11,"enemies":"Sphere and 2 Shapes","floor":46,"turns":3},{"damage":0,"enemies":"Spire Growth","floor":49,"turns":2},{"damage":21,"enemies":"SI_POISON_ARCHETYPE","floor":50,"turns":7}],"seed_played":"6353311878527675673","potions_obtained":[{"floor":3,"key":"EntropicBrew"},{"floor":6,"key":"SkillPotion"},{"floor":9,"key":"LiquidMemories"},{"floor":10,"key":"SpeedPotion"},{"floor":19,"key":"FairyPotion"}],"is_trial":false,"path_per_floor":["R","?","M","T","M","M","T","R","E","M","?","?","E","M","M","B",null,"R","M","M","M","?","$","T","$","?","E","?","M","R","M","M","B",null,"R","M","M","M","M","E","T","M","R","E","M","M","$","?","M","B",null],"character_chosen":"GUARDIAN","items_purchased":["Juzu Bracelet","Medical Kit","Guardian:TemporalStrike","Guardian:PrimingBeam","MealTicket","Lee\u0027s Waffle","Pear"],"campfire_rested":0,"item_purchase_floors":[23,23,23,25,25,47,47],"current_hp_per_floor":[80,34,32,32,32,32,32,32,19,19,26,23,27,27,27,50,80,80,80,80,62,38,48,48,48,48,42,42,39,39,39,37,62,80,80,80,80,80,80,49,49,49,49,49,49,38,97,97,97,76],"gold":128,"neow_bonus":"THREE_CARDS","is_daily":false,"chose_seed":false,"campfire_upgraded":6,"win_rate":0.0,"timestamp":1611545032,"path_taken":["R","?","M","?","M","?","T","R","E","M","?","?","E","M","M","BOSS","R","M","M","M","?","$","T","$","?","E","?","M","R","M","M","BOSS","R","M","M","M","M","E","T","M","R","E","M","M","$","?","M","BOSS"],"items_purchased_type":["Relic","Relic","Card","Card","Relic","Relic","Relic"],"build_version":"2020-12-22","purchased_purges":2,"victory":true,"max_hp_per_floor":[80,80,80,80,80,80,80,80,80,80,80,80,80,80,80,80,80,80,80,80,80,80,80,80,80,80,80,80,80,80,80,80,80,80,80,80,80,80,80,80,80,80,80,80,80,80,97,97,97,97],"card_choices":[{"not_picked":["Guardian:Recover","Guardian:PiercingHide"],"picked":"Guardian:PrimingBeam","floor":0},{"not_picked":["Guardian:Reroute","Guardian:TemporalStrike"],"picked":"Guardian:Incinerate","floor":2},{"not_picked":["Guardian:PiercingHide","Guardian:Gem_Purple"],"picked":"Guardian:BronzeOrb","floor":3},{"not_picked":["Guardian:TemporalStrike","Guardian:ChargeCore"],"picked":"Guardian:Recover","floor":5},{"not_picked":["Guardian:Recover","Guardian:TemporalShield","Guardian:ShieldCharger"],"picked":"SKIP","floor":6},{"not_picked":["Guardian:ShieldSpikes","Guardian:RollAttack"],"picked":"Guardian:Gem_Yellow","floor":9},{"not_picked":["Guardian:Gem_Lightblue","Guardian:TemporalShield"],"picked":"Guardian:Gem_White","floor":10},{"not_picked":["Guardian:DonusPower","Guardian:PrimingBeam"],"picked":"Guardian:ChargeUp","floor":11},{"not_picked":["Guardian:PrismaticBarrier","Guardian:VentSteam"],"picked":"Guardian:Gem_White","floor":13},{"not_picked":["Guardian:VentSteam","Guardian:TimeBomb"],"picked":"Guardian:RollAttack","floor":14},{"not_picked":["Guardian:ChargeCore","Guardian:CrystalBeam"],"picked":"Guardian:ShieldCharger","floor":15},{"not_picked":["Guardian:Gem_Synthetic","Guardian:FierceBash"],"picked":"Guardian:GemFinder","floor":16},{"not_picked":["Guardian:Gem_Green","Guardian:Gem_Red"],"picked":"Guardian:Gem_Cyan","floor":19},{"not_picked":["Guardian:PrismaticBeam+1","Guardian:PrismaticBarrier"],"picked":"Guardian:Gem_Fragmented","floor":19},{"not_picked":["Guardian:Gem_Green","Guardian:Gem_Lightblue"],"picked":"Guardian:Gem_Red","floor":20},{"not_picked":["Guardian:Recover","Guardian:Gem_Green"],"picked":"Guardian:SentryBeam","floor":20},{"not_picked":["Guardian:Gem_Lightblue","Guardian:Gem_Green"],"picked":"Guardian:Gem_Red","floor":21},{"not_picked":["Guardian:EvasiveProtocol","Guardian:Planning"],"picked":"Guardian:Gem_Green","floor":21},{"not_picked":["Guardian:SentryBeam","Guardian:Gem_Cyan"],"picked":"Guardian:Gem_Orange","floor":23},{"not_picked":["Guardian:PiercingHide+1","Guardian:TemporalStrike"],"picked":"Guardian:Recover+1","floor":25},{"not_picked":["Guardian:Gem_Red","Guardian:Gem_Cyan"],"picked":"Guardian:Gem_Green","floor":27},{"not_picked":["Guardian:HyperBeam_Guardian","Guardian:AncientConstruct"],"picked":"Guardian:Gem_Orange","floor":27},{"not_picked":["Guardian:Gem_Lightblue","Guardian:Gem_Cyan"],"picked":"Guardian:Gem_Green","floor":29},{"not_picked":["Guardian:PrismaticBarrier+1","Guardian:Gem_Cyan"],"picked":"Guardian:Planning+1","floor":29},{"not_picked":["Guardian:Recover","Guardian:DonusPower"],"picked":"Guardian:BronzeOrb+1","floor":31},{"not_picked":["Guardian:TemporalShield","Guardian:BronzeArmor"],"picked":"Guardian:Gem_White","floor":32},{"not_picked":["Guardian:GatlingBeam","Guardian:AncientConstruct"],"picked":"Guardian:Gem_Synthetic","floor":33},{"not_picked":["Guardian:ShieldCharger+1","Guardian:Gem_Lightblue"],"picked":"Guardian:Reroute+1","floor":36},{"not_picked":["Guardian:TemporalStrike","Guardian:Gem_Cyan"],"picked":"Guardian:Planning+1","floor":37},{"not_picked":["Guardian:CrystalBeam","Guardian:TemporalShield"],"picked":"Guardian:Gem_White","floor":38},{"not_picked":["Guardian:Suspension+1","Guardian:TemporalShield+1","Guardian:Recover+1"],"picked":"SKIP","floor":39},{"not_picked":["Guardian:Gem_Red","Guardian:Gem_Cyan","Guardian:Harden+1"],"picked":"SKIP","floor":40},{"not_picked":["Guardian:FierceBash","Guardian:TemporalStrike+1","Guardian:Gem_Cyan"],"picked":"SKIP","floor":42},{"not_picked":["Guardian:SphericShield","Guardian:PiercingHide+1","Guardian:Suspension+1"],"picked":"SKIP","floor":44},{"not_picked":["Guardian:Gem_Cyan","Guardian:Recover+1"],"picked":"Guardian:Gem_White","floor":45},{"not_picked":["Guardian:Gem_Yellow","Guardian:Harden+1"],"picked":"Guardian:BronzeOrb","floor":46},{"not_picked":["Guardian:Gem_Lightblue","Guardian:ExploitGems"],"picked":"Guardian:CrystalBeam+1","floor":49}],"player_experience":411747,"relics_obtained":[{"floor":4,"key":"Pantograph"},{"floor":7,"key":"Whetstone"},{"floor":9,"key":"Bag of Marbles"},{"floor":13,"key":"Bronze Scales"},{"floor":24,"key":"Dream Catcher"},{"floor":27,"key":"Thread and Needle"},{"floor":40,"key":"Incense Burner"},{"floor":41,"key":"Vajra"},{"floor":44,"key":"Art of War"}],"event_choices":[{"damage_healed":0,"gold_gain":0,"player_choice":"Success","damage_taken":3,"relics_obtained":["Letter Opener"],"max_hp_gain":0,"max_hp_loss":0,"event_name":"Scrap Ooze","floor":12,"gold_loss":0}],"is_beta":false,"boss_relics":[{"not_picked":["bronze:MakeshiftBattery","Busted Crown"],"picked":"Pandora\u0027s Box"},{"not_picked":["Velvet Choker","Black Star"],"picked":"Coffee Dripper"}],"items_purged_floors":[23,25],"is_endless":false,"potions_floor_spawned":[3,6,9,10,15,19,20,21,27,33,37,40,42,44,45],"ascension_level":1}}