{"host":"y1ofzq2uwmwk6jkg","time":1611579251,"event":{"mods":["AchievementEnabler","Act Like it!","BaseMod","Colored Powertips","Downfall","Gensokyo","Hallownest","Marisa£®ÏF”Í°°ƒß¿Ì…≥£©","Minty Spire (QoL Compilation)","Pale of the Ancients","Remilia£®¿Ÿ√◊¿Ú—«£©","Replay The Spire","StSLib","The Bug Knight","The Cursed","The Poker Player","The Servant 0.9.4","Youmu£®ªÍ∆«—˝√Œ£©"],"gold_per_floor":[114,39,39,52,52,52,85,85,85,96,108,108,128,138,138,138,138],"floor_reached":16,"language":"ZHS","playtime":667,"items_purged":[],"score":152,"play_id":"eabeeb39-e6e2-4f6d-a053-7cd1f9387857","local_time":"20210125205411","is_ascension_mode":false,"campfire_choices":[{"data":"HollowMod:SiblingsSouls","floor":6,"key":"SMITH"},{"data":"HollowMod:CycloneSlash","floor":8,"key":"SMITH"},{"data":"HollowMod:CycloneSlash","floor":15,"key":"SMITH"}],"circlet_count":0,"master_deck":["HollowMod:NailStrikeStart","HollowMod:NailStrikeStart","HollowMod:NailStrikeStart","HollowMod:QuickDashStart","HollowMod:QuickDashStart","HollowMod:QuickDashStart","HollowMod:FocusHealStart","HollowMod:PogoStrike","HollowMod:SiblingsSouls+1","HollowMod:CycloneSlash+1","HollowMod:HowlingWraiths","HollowMod:CycloneSlash+1","HollowMod:SoulStrike","HollowMod:SoulVessel"],"relics":["HollowMod:VesselMask","NeowsBlessing","Hallownest:DreamNailRelic","Pear","HollowMod:MantisClawRelic"],"acts_visited":["Exordium"],"potions_floor_usage":[14,14,16],"damage_taken":[{"damage":0,"enemies":"Hallownest:monsterHuskGuard","floor":1,"turns":1},{"damage":0,"enemies":"2_ Uuma","floor":4,"turns":1},{"damage":0,"enemies":"Hallownest:eliteMossKnight","floor":7,"turns":1},{"damage":6,"enemies":"Hallownest:2_Baldur","floor":10,"turns":2},{"damage":12,"enemies":"Hallownest:2_Tiktiks_1_Baldur_1_Crawlid","floor":11,"turns":5},{"damage":14,"enemies":"Hallownest:monsterMarmu","floor":12,"turns":11},{"damage":13,"enemies":"Hallownest:MossCreep_and_Mosskin","floor":13,"turns":4},{"damage":6,"enemies":"Hallownest:Guard_and_Warrior","floor":14,"turns":6},{"damage":69,"enemies":"Hallownest:BossHornet","floor":16,"turns":8}],"seed_played":"-3440924057295762321","potions_obtained":[{"floor":4,"key":"FearPotion"},{"floor":7,"key":"Fire Potion"},{"floor":11,"key":"FearPotion"},{"floor":14,"key":"bronze:BurnAndBuffPotion"}],"is_trial":false,"path_per_floor":["M","?","?","M","$","R","E","R","T","M","M","?","M","M","R","B"],"character_chosen":"THE_BUGKNIGHT","items_purchased":[],"campfire_rested":0,"item_purchase_floors":[],"current_hp_per_floor":[75,80,80,80,80,80,90,90,90,84,78,70,63,63,63,0,0],"gold":138,"neow_bonus":"THREE_ENEMY_KILL","is_daily":false,"chose_seed":false,"campfire_upgraded":3,"win_rate":0.0,"timestamp":1611579251,"path_taken":["M","?","?","?","?","R","E","R","T","M","M","?","M","M","R","BOSS"],"items_purchased_type":[],"build_version":"2020-12-22","purchased_purges":0,"victory":false,"max_hp_per_floor":[75,80,80,80,80,80,90,90,90,90,90,90,90,90,90,90,90],"card_choices":[{"not_picked":["HollowMod:NewJinnsSoul","HollowMod:DoubleDash"],"picked":"HollowMod:SiblingsSouls","floor":1},{"not_picked":["HollowMod:CornifersMapStart","HollowMod:WraithStrike"],"picked":"HollowMod:CycloneSlash","floor":4},{"not_picked":["HollowMod:NewLittleFool","HollowMod:DashSlash"],"picked":"HollowMod:HowlingWraiths","floor":7},{"not_picked":["HollowMod:SiblingsSouls","HollowMod:HeavyBlow","HollowMod:GoodIntentions"],"picked":"SKIP","floor":10},{"not_picked":["HollowMod:InfectedCysts","HollowMod:VengefulVoid"],"picked":"HollowMod:CycloneSlash","floor":11},{"not_picked":["HollowMod:WraithStrike","HollowMod:MidwifesHunger"],"picked":"HollowMod:SoulStrike","floor":13},{"not_picked":["HollowMod:CycloneSlash","HollowMod:PureNailStrike"],"picked":"HollowMod:SoulVessel","floor":14}],"player_experience":681034,"relics_obtained":[{"floor":7,"key":"Pear"},{"floor":9,"key":"HollowMod:MantisClawRelic"}],"event_choices":[],"is_beta":false,"boss_relics":[],"items_purged_floors":[],"is_endless":false,"potions_floor_spawned":[4,7,11,14],"killed_by":"Hallownest:BossHornet","ascension_level":0}}