{"host":"m4t16jh7hwzim8re","time":1611549365,"event":{"mods":["Arknights The Spire","BaseMod","CapriCore","Friendly Minions","Lobotomy","Minty Spire (QoL Compilation)","StSLib"],"gold_per_floor":[115,115,130,55,65,65,97,97,97,97,129,129,148,148,148,252,252,269,169,84,84,84,84,84],"floor_reached":23,"language":"KOR","playtime":1125,"items_purged":["Regret","Defend_R"],"score":195,"play_id":"c60cec3b-8fbe-4710-ae2f-4c5d188286d5","local_time":"20210125133605","is_ascension_mode":false,"campfire_choices":[{"data":"Wild Strike","floor":6.0,"key":"SMITH"},{"floor":8,"key":"REST"},{"data":"Ghostly Armor","floor":15,"key":"SMITH"}],"circlet_count":0,"master_deck":["Strike_R","Strike_R","Strike_R","Strike_R","Defend_R","Defend_R","Bash","QueenOfHatred","Warcry","WallGazer","Pummel","Scorched","Wild Strike+1","Pommel Strike","Murderer","Ghostly Armor+1","ShyLook","Inflame+1","OSAHOGD","CrumblingArmor","Pommel Strike+1"],"relics":["Burning Blood","CogitoBucket","Toy Ornithopter","Red Skull","Darkstone Periapt","InkBottle","Frozen Egg 2","ResearcherNote","Black Star","Kunai"],"acts_visited":["Exordium","TheCity"],"potions_floor_usage":[11,23],"damage_taken":[{"damage":7.0,"enemies":"Small Slimes","floor":1.0,"turns":4.0},{"damage":14.0,"enemies":"Jaw Worm","floor":3.0,"turns":3.0},{"damage":2.0,"enemies":"2 Louse","floor":5.0,"turns":3.0},{"damage":38.0,"enemies":"Lagavulin","floor":7.0,"turns":5.0},{"damage":27,"enemies":"3 Sentries","floor":11,"turns":5},{"damage":10,"enemies":"Looter","floor":13,"turns":2},{"damage":52,"enemies":"Slime Boss","floor":16,"turns":14},{"damage":18,"enemies":"3 Byrds","floor":18,"turns":5},{"damage":59,"enemies":"Book of Stabbing","floor":23,"turns":5}],"seed_played":"5779560223831507360","potions_obtained":[{"floor":7,"key":"BloodPotion"},{"floor":16,"key":"SpeedPotion"}],"is_trial":false,"path_per_floor":["M","?","M","$","M","R","E","R","T","?","E","T","M","?","R","B",null,"M","$","?","$","?","E"],"character_chosen":"IRONCLAD","items_purchased":[],"campfire_rested":1,"item_purchase_floors":[],"current_hp_per_floor":[79,79,75,75,80,80,51,75,75,75,80,80,76,76,76,45,80,74,74,74,74,74,26,26],"gold":84,"neow_bonus":"","is_daily":false,"chose_seed":false,"campfire_upgraded":2,"win_rate":0.0,"timestamp":1611549365,"path_taken":["M","?","M","$","M","R","E","R","T","?","E","?","M","?","R","BOSS","M","$","?","$","?","E"],"items_purchased_type":[],"build_version":"2020-12-22","purchased_purges":2,"victory":false,"max_hp_per_floor":[80,80,80,80,80,80,80,80,80,80,80,80,80,80,80,80,80,80,80,80,80,80,80,80],"card_choices":[{"not_picked":["BlackSwan","FairyFestival"],"picked":"QueenOfHatred","floor":1.0},{"not_picked":["Dual Wield","Whirlwind"],"picked":"Warcry","floor":1.0},{"not_picked":["CrumblingArmor","VoidDream"],"picked":"WallGazer","floor":3.0},{"not_picked":["Brutality","Sentinel"],"picked":"Pummel","floor":3.0},{"not_picked":["DreamingCurrent","HappyTeddy"],"picked":"Scorched","floor":5.0},{"not_picked":["Sword Boomerang","Havoc"],"picked":"Wild Strike","floor":5.0},{"not_picked":["Blood for Blood","Flame Barrier"],"picked":"Pommel Strike","floor":7},{"not_picked":["Porccubus","MHz"],"picked":"Murderer","floor":11},{"not_picked":["Twin Strike","Cleave"],"picked":"Ghostly Armor","floor":11},{"not_picked":["OldLady","MeatLantern"],"picked":"ShyLook","floor":13},{"not_picked":["Wild Strike","Clash"],"picked":"Inflame+1","floor":13},{"not_picked":["SingingMachine","BeautyBeast"],"picked":"OSAHOGD","floor":16},{"not_picked":["UniverseFragment","MeatLantern"],"picked":"CrumblingArmor","floor":18},{"not_picked":["Intimidate","Perfected Strike"],"picked":"Pommel Strike+1","floor":18}],"player_experience":853168,"relics_obtained":[{"floor":7,"key":"Red Skull"},{"floor":9,"key":"Darkstone Periapt"},{"floor":11,"key":"InkBottle"},{"floor":12,"key":"Frozen Egg 2"}],"event_choices":[{"damage_healed":0.0,"max_hp_gain":0.0,"max_hp_loss":0.0,"gold_gain":0.0,"event_name":"Big Fish","player_choice":"Box","floor":2.0,"gold_loss":0.0,"damage_taken":0.0,"relics_obtained":["Toy Ornithopter"],"cards_obtained":["Regret"]},{"cards_removed":["Strike_R"],"damage_healed":0,"gold_gain":0,"player_choice":"Forget","damage_taken":0,"max_hp_gain":0,"max_hp_loss":0,"event_name":"Living Wall","floor":10,"gold_loss":0},{"damage_healed":0,"gold_gain":0,"player_choice":"Ignored","damage_taken":0,"max_hp_gain":0,"max_hp_loss":0,"event_name":"Liars Game","floor":14,"gold_loss":0},{"damage_healed":0,"gold_gain":0,"player_choice":"Obtained Relic","damage_taken":0,"relics_obtained":["Kunai"],"max_hp_gain":0,"max_hp_loss":0,"event_name":"Addict","floor":20,"gold_loss":85},{"cards_removed":["Defend_R"],"damage_healed":0,"gold_gain":0,"player_choice":"Elegance","damage_taken":0,"max_hp_gain":0,"max_hp_loss":0,"event_name":"Back to Basics","floor":22,"gold_loss":0}],"is_beta":false,"boss_relics":[{"not_picked":["Ectoplasm","SacredBark"],"picked":"Black Star"}],"items_purged_floors":[4,19],"is_endless":false,"potions_floor_spawned":[7,16],"killed_by":"Book of Stabbing","ascension_level":0}}