{"host":"kig4ty9d1aubg29s","time":1611590206,"event":{"mods":["BaseMod","Minty Spire (QoL Compilation)","READ ME - Guardian Mod","READ ME - Snecko Mod","StSLib","The Cursed","The Gatherer","The Hierophant","The Jungle","The Runesmith"],"gold_per_floor":[115,115,127,51,51,95,95,118,418,418,453,471,471,494,494,584,584,598,523,542,542,556,556,586,586,586,586,606,632,632,643,643,719,719,729,779,798,798,253,253,268,282,282,110,125,152,176,16,16,16],"floor_reached":51,"language":"KOR","playtime":1841,"items_purged":[],"score":1380,"play_id":"70d9cd4a-cc9f-4d50-8016-28403cc7027e","local_time":"20210126005646","is_ascension_mode":true,"campfire_choices":[{"data":"1","floor":7.0,"key":"LIFT"},{"data":"Envenom","floor":10.0,"key":"SMITH"},{"floor":15,"key":"REST"},{"data":"2","floor":23,"key":"LIFT"},{"data":"3","floor":25,"key":"LIFT"},{"floor":27,"key":"RECALL"},{"floor":32,"key":"REST"},{"floor":40,"key":"REST"},{"floor":49,"key":"REST"}],"circlet_count":0,"master_deck":["AscendersBane","Strike_G+1","Strike_G+1","Strike_G+1","Strike_G+1","Strike_G+1","Defend_G+1","Defend_G+1","Defend_G+1","Defend_G+1","Survivor","Neutralize","Blade Dance","Caltrops","Envenom+1","Leg Sweep","Dagger Throw","Finisher+1","Dagger Spray+1","Flying Knee+1","After Image","Poisoned Stab+1","Adrenaline","Underhanded Strike+1","Heel Hook+1","Bane+1","Flying Knee+1","Dagger Spray+1","Die Die Die+1","Sucker Punch+1","Deflect+1","Infinite Blades","Madness","Madness","Infinite Blades","Prepared+1","Bane+1","Accuracy+1","Infinite Blades+1"],"relics":["Ring of the Serpent","NeowsBlessing","Bloody Idol","Girya","Old Coin","Molten Egg 2","Fusion Hammer","Sundial","Bottled Lightning","Bag of Marbles","Du-Vu Doll","Omamori","Bronze Scales","TheAbacus","Paper Crane","Vajra","Ninja Scroll","Anchor","Toolbox"],"acts_visited":["Exordium","TheCity","TheBeyond"],"potions_floor_usage":[16,18,33,33,50],"damage_taken":[{"damage":0.0,"enemies":"2 Louse","floor":1.0,"turns":1.0},{"damage":0.0,"enemies":"Cultist","floor":3.0,"turns":1.0},{"damage":0.0,"enemies":"Gremlin Nob","floor":6.0,"turns":1.0},{"damage":0.0,"enemies":"Jaw Worm","floor":8.0,"turns":5.0},{"damage":25.0,"enemies":"3 Sentries","floor":11.0,"turns":7.0},{"damage":4.0,"enemies":"Blue Slaver","floor":12.0,"turns":5.0},{"damage":7,"enemies":"Exordium Wildlife","floor":14,"turns":4},{"damage":16,"enemies":"Slime Boss","floor":16,"turns":9},{"damage":0,"enemies":"Shell Parasite","floor":18,"turns":3},{"damage":0,"enemies":"3 Byrds","floor":20,"turns":4},{"damage":3,"enemies":"Centurion and Healer","floor":22,"turns":5},{"damage":0,"enemies":"Gremlin Leader","floor":24,"turns":5},{"damage":0,"enemies":"Cultist and Chosen","floor":28,"turns":3},{"damage":20,"enemies":"Book of Stabbing","floor":29,"turns":5},{"damage":2,"enemies":"Snecko","floor":31,"turns":3},{"damage":50,"enemies":"Collector","floor":33,"turns":8},{"damage":0,"enemies":"Orb Walker","floor":35,"turns":3},{"damage":17,"enemies":"2 Orb Walkers","floor":36,"turns":3},{"damage":3,"enemies":"3 Darklings","floor":37,"turns":3},{"damage":6,"enemies":"Transient","floor":41,"turns":5},{"damage":13,"enemies":"4 Shapes","floor":42,"turns":3},{"damage":0,"enemies":"3 Darklings","floor":45,"turns":2},{"damage":10,"enemies":"Giant Head","floor":46,"turns":6},{"damage":50,"enemies":"Awakened One","floor":50,"turns":7}],"seed_played":"-2720046606158461224","potions_obtained":[{"floor":1.0,"key":"Fire Potion"},{"floor":6.0,"key":"LiquidMemories"},{"floor":11.0,"key":"Swift Potion"},{"floor":12.0,"key":"SneckoOil"},{"floor":20,"key":"SmokeBomb"},{"floor":28,"key":"Weak Potion"},{"floor":29,"key":"Dexterity Potion"},{"floor":33,"key":"SpeedPotion"},{"floor":37,"key":"Fire Potion"},{"floor":41,"key":"SkillPotion"},{"floor":45,"key":"BlessingOfTheForge"}],"is_trial":false,"path_per_floor":["M","?","M","$","?","E","R","M","T","R","E","M","?","M","R","B",null,"M","?","M","?","M","R","E","R","T","R","M","E","?","M","R","B",null,"M","?","M","?","$","R","M","M","T","$","M","E","T","$","R","B",null],"character_chosen":"THE_SILENT","items_purchased":["Envenom","Omamori","Bronze Scales","TheAbacus","Infinite Blades","Vajra","Toolbox"],"campfire_rested":4,"item_purchase_floors":[4,39,39,39,39,44,48],"current_hp_per_floor":[59,59,59,59,59,59,59,59,59,59,34,30,21,14,33,17,54,54,54,54,54,56,56,61,61,61,61,66,51,51,54,66,21,55,60,48,50,38,38,57,56,48,48,48,53,48,53,53,66,16],"gold":16,"neow_bonus":"THREE_ENEMY_KILL","is_daily":false,"chose_seed":false,"campfire_upgraded":1,"win_rate":0.0,"timestamp":1611590206,"path_taken":["M","?","?","$","?","E","R","M","T","R","E","M","?","M","R","BOSS","M","?","M","?","M","R","E","R","T","R","?","E","?","M","R","BOSS","M","?","M","?","$","R","M","M","T","?","?","E","?","$","R","BOSS"],"items_purchased_type":["Card","Relic","Relic","Relic","Card","Relic","Relic"],"build_version":"2020-12-22","purchased_purges":0,"victory":true,"max_hp_per_floor":[66,66,66,66,66,66,66,66,66,66,66,66,66,66,66,66,66,66,66,66,66,66,66,66,66,66,66,66,66,66,66,66,66,66,66,66,66,66,66,66,66,66,66,66,66,66,66,66,66,66],"card_choices":[{"not_picked":["Finisher","Backflip"],"picked":"Blade Dance","floor":1.0},{"not_picked":["Bane","Deflect"],"picked":"Caltrops","floor":3.0},{"not_picked":["Dagger Throw","Heel Hook"],"picked":"Leg Sweep","floor":6.0},{"not_picked":["Catalyst","Masterful Stab"],"picked":"Dagger Throw","floor":8.0},{"not_picked":["Footwork","Backflip"],"picked":"Finisher+1","floor":11.0},{"not_picked":["Deadly Poison","Cloak And Dagger"],"picked":"Dagger Spray+1","floor":12.0},{"not_picked":["Prepared","Dagger Throw+1"],"picked":"Flying Knee+1","floor":14},{"not_picked":["Corpse Explosion","Tools of the Trade"],"picked":"After Image","floor":16},{"not_picked":["Catalyst","Quick Slash+1"],"picked":"Poisoned Stab+1","floor":18},{"not_picked":["Sucker Punch+1","Bane+1"],"picked":"Adrenaline","floor":20},{"not_picked":["Well Laid Plans","Cloak And Dagger"],"picked":"Underhanded Strike+1","floor":22},{"not_picked":["Cloak And Dagger","Deflect"],"picked":"Heel Hook+1","floor":24},{"not_picked":["Bouncing Flask","Setup"],"picked":"Bane+1","floor":28},{"not_picked":["Distraction","Dodge and Roll"],"picked":"Flying Knee+1","floor":29},{"not_picked":["Cloak And Dagger+1","Poisoned Stab+1"],"picked":"Dagger Spray+1","floor":31},{"not_picked":["Envenom","Unload+1"],"picked":"Die Die Die+1","floor":33},{"not_picked":["Flying Knee+1","Dodge and Roll"],"picked":"Sucker Punch+1","floor":35},{"not_picked":["Crippling Poison","Blur+1"],"picked":"Deflect+1","floor":36},{"not_picked":["Eviscerate+1","Masterful Stab+1"],"picked":"Infinite Blades","floor":37},{"not_picked":["Dodge and Roll","Cloak And Dagger"],"picked":"Prepared+1","floor":41},{"not_picked":["Flechettes+1","Well Laid Plans+1"],"picked":"Bane+1","floor":42},{"not_picked":["Dodge and Roll","Quick Slash+1"],"picked":"Accuracy+1","floor":45},{"not_picked":["Distraction","Catalyst+1"],"picked":"Infinite Blades+1","floor":46}],"player_experience":1955844,"relics_obtained":[{"floor":6.0,"key":"Girya"},{"floor":9.0,"key":"Old Coin"},{"floor":11.0,"key":"Molten Egg 2"},{"floor":24,"key":"Sundial"},{"floor":26,"key":"Bottled Lightning"},{"floor":29,"key":"Bag of Marbles"},{"floor":36,"key":"Du-Vu Doll"},{"floor":43,"key":"Paper Crane"},{"floor":46,"key":"Ninja Scroll"},{"floor":47,"key":"Anchor"}],"event_choices":[{"cards_removed":["Defend_G"],"damage_healed":0.0,"max_hp_gain":0.0,"max_hp_loss":0.0,"gold_gain":0.0,"event_name":"Purifier","player_choice":"Purged","floor":2.0,"gold_loss":0.0,"damage_taken":0.0},{"damage_healed":0.0,"max_hp_gain":0.0,"max_hp_loss":0.0,"gold_gain":0.0,"event_name":"Golden Idol","player_choice":"Take Wound","floor":5.0,"gold_loss":0.0,"damage_taken":0.0,"relics_obtained":["Golden Idol"],"cards_obtained":["Injury"]},{"damage_healed":0.0,"max_hp_gain":0.0,"max_hp_loss":0.0,"gold_gain":0.0,"event_name":"Wheel of Change","player_choice":"Damaged","floor":13.0,"gold_loss":0.0,"damage_taken":9.0},{"cards_removed":["Injury"],"damage_healed":0,"gold_gain":0,"player_choice":"Gave Gold","damage_taken":0,"max_hp_gain":0,"max_hp_loss":0,"event_name":"Beggar","floor":19,"gold_loss":75},{"damage_healed":0,"gold_gain":0,"player_choice":"Gave Idol","damage_taken":0,"relics_obtained":["Bloody Idol"],"max_hp_gain":0,"max_hp_loss":0,"event_name":"Forgotten Altar","floor":21,"relics_lost":["Golden Idol"],"gold_loss":0},{"damage_healed":0,"gold_gain":0,"player_choice":"Simplicity","damage_taken":0,"max_hp_gain":0,"max_hp_loss":0,"event_name":"Back to Basics","floor":30,"gold_loss":0,"cards_upgraded":["Strike_G","Strike_G","Strike_G","Strike_G","Strike_G","Defend_G","Defend_G","Defend_G","Defend_G"]},{"damage_healed":0,"gold_gain":0,"player_choice":"Fight","damage_taken":0,"max_hp_gain":0,"max_hp_loss":0,"event_name":"Mysterious Sphere","floor":36,"gold_loss":0},{"damage_healed":0,"gold_gain":0,"player_choice":"Embrace Madness","damage_taken":12,"max_hp_gain":0,"max_hp_loss":0,"event_name":"Winding Halls","floor":38,"gold_loss":0,"cards_obtained":["Madness","Madness"]}],"is_beta":false,"boss_relics":[{"not_picked":["SacredBark","Philosopher\u0027s Stone"],"picked":"Fusion Hammer"},{"not_picked":["Runic Dome","Tiny House"],"picked":"Ring of the Serpent"}],"items_purged_floors":[],"is_endless":false,"potions_floor_spawned":[1,6,11,12,20,28,29,33,37,41,45],"ascension_level":16}}