{"host":"svjtl4dki9uqj609","time":1611570711,"event":{"mods":["BaseMod","Colored Map","Keyboard Shortcuts","Minty Spire (QoL Compilation)","StSLib","SuperFastMode"],"gold_per_floor":[119,119,135,135,147,179,179,208,253,253,280,280,280,298,298,395,395,405,91,102,2,12,12,32,32,32,32,32,45,120,130,130,228,228,246,262,262,277,277,277,130,142,188,38,38,71,122,136,136,136],"floor_reached":51,"language":"KOR","playtime":1628,"items_purged":["Strike_G","Strike_G","Strike_G","Defend_G"],"score":925,"play_id":"11d555b9-42a4-475b-bbc9-4d5155922319","local_time":"20210125193151","is_ascension_mode":true,"campfire_choices":[{"data":"All Out Attack","floor":7.0,"key":"SMITH"},{"floor":12.0,"key":"REST"},{"data":"Finisher","floor":15.0,"key":"SMITH"},{"data":"Adrenaline","floor":23,"key":"SMITH"},{"data":"Blade Dance","floor":25,"key":"SMITH"},{"data":"Neutralize","floor":27,"key":"SMITH"},{"data":"Poisoned Stab","floor":32,"key":"SMITH"},{"data":"Envenom","floor":40,"key":"SMITH"},{"data":"Survivor","floor":45,"key":"SMITH"},{"data":"Defend_G","floor":49,"key":"SMITH"}],"circlet_count":0,"master_deck":["Defend_G","Defend_G+1","Defend_G+1","Defend_G+1","Survivor+1","Neutralize+1","Adrenaline+1","Blade Dance+1","Finisher+1","Poisoned Stab+1","All Out Attack+1","Calculated Gamble+1","Catalyst+1","Blur+1","Backflip+1","Adrenaline+1","Reflex+1","Venomology+1","Backflip+1","Deadly Poison+1","Blur+1","Well Laid Plans+1","PiercingWail+1","After Image+1","Prepared+1","Envenom+1","Blade Dance+1","Escape Plan+1"],"relics":["Ring of the Snake","Toxic Egg 2","Juzu Bracelet","Tiny Chest","MealTicket","WristBlade","Question Card","Ornamental Fan","SlaversCollar","Whetstone","FossilizedHelix","Bag of Preparation"],"acts_visited":["Exordium","TheCity","TheBeyond"],"potions_floor_usage":[22,29,29,33,35,36,36,38,42,46,48,50,50],"damage_taken":[{"damage":1.0,"enemies":"Jaw Worm","floor":1.0,"turns":3.0},{"damage":0.0,"enemies":"Cultist","floor":3.0,"turns":3.0},{"damage":1.0,"enemies":"Small Slimes","floor":5.0,"turns":2.0},{"damage":10.0,"enemies":"Lagavulin","floor":6.0,"turns":6.0},{"damage":11.0,"enemies":"3 Sentries","floor":8.0,"turns":5.0},{"damage":18.0,"enemies":"Lagavulin","floor":11.0,"turns":4.0},{"damage":6.0,"enemies":"Exordium Wildlife","floor":14.0,"turns":5.0},{"damage":2.0,"enemies":"The Guardian","floor":16.0,"turns":13.0},{"damage":6,"enemies":"Shell Parasite","floor":18,"turns":4},{"damage":0,"enemies":"3 Byrds","floor":20,"turns":3},{"damage":14,"enemies":"Snecko","floor":22,"turns":5},{"damage":0,"enemies":"3 Cultists","floor":24,"turns":3},{"damage":8,"enemies":"Snake Plant","floor":29,"turns":3},{"damage":6,"enemies":"Centurion and Healer","floor":31,"turns":8},{"damage":0,"enemies":"Champ","floor":33,"turns":10},{"damage":0,"enemies":"Orb Walker","floor":35,"turns":2},{"damage":0,"enemies":"3 Shapes","floor":36,"turns":2},{"damage":1,"enemies":"Transient","floor":38,"turns":5},{"damage":12,"enemies":"Sphere and 2 Shapes","floor":42,"turns":11},{"damage":0,"enemies":"Giant Head","floor":46,"turns":4},{"damage":0,"enemies":"Maw","floor":48,"turns":5},{"damage":0,"enemies":"Awakened One","floor":50,"turns":9}],"seed_played":"-4764998754199556863","potions_obtained":[{"floor":1.0,"key":"BlessingOfTheForge"},{"floor":4.0,"key":"Block Potion"},{"floor":4.0,"key":"Swift Potion"},{"floor":6.0,"key":"PowerPotion"},{"floor":14.0,"key":"Strength Potion"},{"floor":20,"key":"LiquidBronze"},{"floor":29,"key":"Fruit Juice"},{"floor":38,"key":"Fruit Juice"},{"floor":42,"key":"GamblersBrew"}],"is_trial":false,"path_per_floor":["M","?","M","?","M","E","R","E","T","?","E","R","?","M","R","B",null,"M","$","M","$","M","R","M","R","T","R","?","M","T","M","R","B",null,"M","M","?","M","?","R","$","M","T","$","R","E","T","M","R","B",null],"character_chosen":"THE_SILENT","items_purchased":["Venomology+1","GhostInAJar","Blade Dance+1"],"campfire_rested":1,"item_purchase_floors":[19,19,41],"current_hp_per_floor":[62,49,49,49,48,38,38,27,27,27,9,27,20,14,14,12,63,57,63,63,63,49,49,49,49,49,49,49,46,46,40,40,40,68,68,68,68,72,72,72,73,61,61,73,73,73,73,73,73,73],"gold":136,"neow_bonus":"THREE_RARE_CARDS","is_daily":false,"chose_seed":false,"campfire_upgraded":9,"win_rate":0.0,"timestamp":1611570711,"path_taken":["M","?","M","?","M","E","R","E","T","?","E","R","?","M","R","BOSS","M","$","M","$","M","R","M","R","T","R","?","M","?","M","R","BOSS","M","M","?","M","?","R","$","M","T","?","R","E","?","M","R","BOSS"],"items_purchased_type":["Card","Potion","Card"],"build_version":"2020-12-22","purchased_purges":4,"victory":true,"max_hp_per_floor":[63,63,63,63,63,63,63,63,63,63,63,63,63,63,63,63,63,63,63,63,63,63,63,63,63,63,63,63,68,68,68,68,68,68,68,68,68,73,73,73,73,73,73,73,73,73,73,73,73,73],"card_choices":[{"not_picked":["Malaise","Unload"],"picked":"Adrenaline","floor":0.0},{"not_picked":["Terror","Sucker Punch"],"picked":"Blade Dance","floor":1.0},{"not_picked":["Skewer","Deadly Poison"],"picked":"Finisher","floor":3.0},{"not_picked":["Acrobatics","Backflip"],"picked":"Poisoned Stab","floor":5.0},{"not_picked":["Slice","Prepared+1"],"picked":"All Out Attack","floor":6.0},{"not_picked":["Blade Dance+1","Wraith Form v2"],"picked":"Calculated Gamble+1","floor":8.0},{"not_picked":["Sucker Punch","PiercingWail+1"],"picked":"Blur+1","floor":11.0},{"not_picked":["Quick Slash","Acrobatics+1"],"picked":"Backflip+1","floor":14.0},{"not_picked":["Envenom","Glass Knife"],"picked":"Adrenaline+1","floor":16.0},{"not_picked":["Outmaneuver+1","Sucker Punch"],"picked":"Reflex+1","floor":18},{"not_picked":["Dodge and Roll+1","Outmaneuver+1"],"picked":"Backflip+1","floor":20},{"not_picked":["Dagger Spray","Heel Hook"],"picked":"Deadly Poison+1","floor":22},{"not_picked":["Deadly Poison+1","Eviscerate"],"picked":"Blur+1","floor":24},{"not_picked":["Backflip+1","Dodge and Roll+1","Bullet Time+1"],"picked":"Well Laid Plans+1","floor":29},{"not_picked":["Backflip+1","Quick Slash","Slice+1"],"picked":"PiercingWail+1","floor":31},{"not_picked":["Envenom","Malaise+1","Night Terror+1"],"picked":"After Image","floor":33},{"not_picked":["Sucker Punch+1","Outmaneuver+1","Deflect+1"],"picked":"Prepared+1","floor":35},{"not_picked":["Backflip+1","Outmaneuver+1","Predator+1","Poisoned Stab"],"picked":"SKIP","floor":36},{"not_picked":["Dagger Throw+1","Heel Hook","Backflip+1"],"picked":"Envenom","floor":38},{"not_picked":["Prepared+1","Sucker Punch","Heel Hook"],"picked":"Escape Plan+1","floor":42},{"not_picked":["Deadly Poison+1","Underhanded Strike","Finisher","Dagger Throw+1"],"picked":"SKIP","floor":46},{"not_picked":["Footwork","Bane","Bullet Time+1","Masterful Stab+1"],"picked":"SKIP","floor":48}],"player_experience":17850,"relics_obtained":[{"floor":6.0,"key":"Toxic Egg 2"},{"floor":8.0,"key":"Juzu Bracelet"},{"floor":9.0,"key":"Tiny Chest"},{"floor":11.0,"key":"MealTicket"},{"floor":26,"key":"Question Card"},{"floor":30,"key":"Ornamental Fan"},{"floor":43,"key":"Whetstone"},{"floor":46,"key":"FossilizedHelix"},{"floor":47,"key":"Bag of Preparation"}],"event_choices":[{"damage_healed":0.0,"max_hp_gain":0.0,"max_hp_loss":0.0,"gold_gain":0.0,"event_name":"Shining Light","player_choice":"Entered Light","floor":2.0,"gold_loss":0.0,"damage_taken":13.0,"cards_upgraded":["Defend_G","Defend_G"]},{"damage_healed":0.0,"max_hp_gain":0.0,"max_hp_loss":0.0,"gold_gain":0.0,"event_name":"Lab","player_choice":"Got Potions","floor":4.0,"gold_loss":0.0,"damage_taken":0.0},{"damage_healed":0.0,"max_hp_gain":0.0,"max_hp_loss":0.0,"gold_gain":0.0,"cards_transformed":["Strike_G"],"event_name":"Living Wall","player_choice":"Change","floor":10.0,"gold_loss":0.0,"damage_taken":0.0,"cards_obtained":["Catalyst"]},{"cards_removed":["Strike_G"],"damage_healed":0.0,"max_hp_gain":0.0,"max_hp_loss":0.0,"gold_gain":0.0,"event_name":"Golden Wing","player_choice":"Card Removal","floor":13.0,"gold_loss":0.0,"damage_taken":7.0},{"damage_healed":0,"gold_gain":0,"player_choice":"Forge","damage_taken":0,"max_hp_gain":0,"max_hp_loss":0,"event_name":"Accursed Blacksmith","floor":37,"gold_loss":0,"cards_upgraded":["After Image"]},{"damage_healed":0,"gold_gain":0,"player_choice":"Bought 0 Potions","damage_taken":0,"max_hp_gain":0,"max_hp_loss":0,"event_name":"The Woman in Blue","floor":39,"gold_loss":0}],"is_beta":false,"boss_relics":[{"not_picked":["Astrolabe","Philosopher\u0027s Stone"],"picked":"WristBlade"},{"not_picked":["Cursed Key","Sozu"],"picked":"SlaversCollar"}],"items_purged_floors":[19,21,41,44],"is_endless":false,"potions_floor_spawned":[1,6,14,20,22,29,33,38,42],"ascension_level":2}}