{"host":"9n6i2vl93jt4o42q","time":1611573645,"event":{"mods":["BaseMod","Minty Spire (QoL Compilation)","Relic Stats"],"gold_per_floor":[111,111,123,134,150,150,185,185,185,116,41,41,41],"floor_reached":12,"language":"ENG","playtime":1173,"items_purged":["Strike_G"],"score":156,"play_id":"1aac8e22-83fe-41e0-974a-d135c94edb5f","local_time":"20210125122045","is_ascension_mode":true,"campfire_choices":[{"data":"Neutralize","floor":6,"key":"SMITH"}],"circlet_count":0,"master_deck":["AscendersBane","Strike_G","Strike_G","Defend_G","Defend_G","Defend_G","Defend_G","Defend_G+1","Survivor","Neutralize+1","Expertise","Quick Slash","Heel Hook","Dash","Dagger Throw","Tactician+1","Leg Sweep"],"relics":["Ring of the Snake","Vajra","Nunchaku"],"acts_visited":["Exordium"],"potions_floor_usage":[7,12],"damage_taken":[{"damage":5,"enemies":"Jaw Worm","floor":1,"turns":5},{"damage":0,"enemies":"Cultist","floor":3,"turns":3},{"damage":0,"enemies":"Small Slimes","floor":4,"turns":5},{"damage":5,"enemies":"Blue Slaver","floor":5,"turns":4},{"damage":24,"enemies":"Lagavulin","floor":7,"turns":9},{"damage":28,"enemies":"Gremlin Nob","floor":12,"turns":3}],"seed_played":"-4450048283951163034","potions_obtained":[{"floor":4,"key":"CultistPotion"},{"floor":5,"key":"Block Potion"},{"floor":7,"key":"GamblersBrew"}],"is_trial":false,"path_per_floor":["M","?","M","M","M","R","E","?","T","?","$","E"],"character_chosen":"THE_SILENT","items_purchased":[],"campfire_rested":0,"item_purchase_floors":[],"current_hp_per_floor":[54,54,54,54,49,49,25,5,5,5,5,0,0],"gold":41,"neow_bonus":"TRANSFORM_CARD","is_daily":false,"chose_seed":false,"campfire_upgraded":1,"win_rate":0.0,"timestamp":1611573645,"path_taken":["M","?","?","M","M","R","E","?","T","?","$","E"],"items_purchased_type":[],"build_version":"2020-12-22","purchased_purges":1,"victory":false,"max_hp_per_floor":[66,66,66,66,66,66,66,66,66,66,66,66,66],"relic_stats":{"Nunchaku":[0],"counters":[6,29],"obtain_stats":[{"Nunchaku":9,"Vajra":7,"Ring of the Snake":0},{"Nunchaku":5,"Vajra":5,"Ring of the Snake":0},{"Nunchaku":26,"Vajra":26,"Ring of the Snake":0}],"Ring of the Snake":[12]},"card_choices":[{"not_picked":["Accuracy","Backflip"],"picked":"Quick Slash","floor":1},{"not_picked":["Riddle With Holes","Choke"],"picked":"Dash","floor":3},{"not_picked":["Dodge and Roll","Backflip"],"picked":"Dagger Throw","floor":4},{"not_picked":["Slice","Outmaneuver"],"picked":"Tactician","floor":5},{"not_picked":["Backflip","PiercingWail"],"picked":"Leg Sweep","floor":7}],"player_experience":2265741,"relics_obtained":[{"floor":7,"key":"Vajra"},{"floor":9,"key":"Nunchaku"}],"event_choices":[{"damage_healed":0,"gold_gain":0,"cards_transformed":["Strike_G"],"player_choice":"Transformed","damage_taken":0,"max_hp_gain":0,"max_hp_loss":0,"event_name":"Transmorgrifier","floor":2,"gold_loss":0,"cards_obtained":["Heel Hook"]},{"damage_healed":0,"gold_gain":0,"player_choice":"Entered Light","damage_taken":20,"max_hp_gain":0,"max_hp_loss":0,"event_name":"Shining Light","floor":8,"gold_loss":0,"cards_upgraded":["Tactician","Defend_G"]},{"damage_healed":0,"gold_gain":0,"player_choice":"Left Gold","damage_taken":0,"max_hp_gain":0,"max_hp_loss":0,"event_name":"World of Goop","floor":10,"gold_loss":69}],"is_beta":false,"boss_relics":[],"items_purged_floors":[11],"is_endless":false,"potions_floor_spawned":[4,5,7],"killed_by":"Gremlin Nob","ascension_level":20}}