{"host":"yzlg3mitc00v31o1","time":1611573476,"event":{"mods":["AchievementEnabler","BaseMod","BetterRewards","DeckTracker","Gold Saver","KOR Keyword Fix","Minty Spire (QoL Compilation)","Remove Card Discount Mod","Spicy Shops","StSLib","SuperFastMode"],"gold_per_floor":[352,366,379,397,413,443,463,490,537,547,562,577,610,627,627,725,725,665,681,693,693,693],"floor_reached":21,"language":"KOR","playtime":1206,"items_purged":[],"score":309,"play_id":"c3604752-3350-401c-8d87-10b7a2be2835","local_time":"20210125201756","is_ascension_mode":false,"campfire_choices":[{"data":"Heavy Blade","floor":15,"key":"SMITH"}],"circlet_count":0,"master_deck":["Strike_R","Strike_R","Strike_R","Strike_R","Strike_R","Defend_R","Defend_R","Defend_R","Defend_R","Bash","Discovery","Shrug It Off","Heavy Blade+1","Spot Weakness","Bloodletting","Metallicize+1","Battle Trance","Demon Form+1","Seeing Red","Infernal Blade","Barricade+1","Rage+1","Rampage"],"relics":["Burning Blood","Frozen Egg 2","WingedGreaves","Vajra","Mummified Hand","Black Star"],"acts_visited":["Exordium","TheCity"],"potions_floor_usage":[6,8,8,8,16,16],"damage_taken":[{"damage":1,"enemies":"Cultist","floor":1,"turns":3},{"damage":6,"enemies":"Jaw Worm","floor":2,"turns":2},{"damage":2,"enemies":"Small Slimes","floor":3,"turns":4},{"damage":6,"enemies":"Exordium Wildlife","floor":4,"turns":3},{"damage":7,"enemies":"Looter","floor":5,"turns":3},{"damage":16,"enemies":"Gremlin Nob","floor":6,"turns":3},{"damage":7,"enemies":"3 Louse","floor":7,"turns":3},{"damage":17,"enemies":"3 Sentries","floor":8,"turns":7},{"damage":3,"enemies":"Blue Slaver","floor":10,"turns":3},{"damage":2,"enemies":"2 Fungi Beasts","floor":11,"turns":3},{"damage":17,"enemies":"Exordium Thugs","floor":12,"turns":5},{"damage":18,"enemies":"Lagavulin","floor":13,"turns":8},{"damage":0,"enemies":"3 Louse","floor":14,"turns":2},{"damage":33,"enemies":"Slime Boss","floor":16,"turns":9},{"damage":35,"enemies":"2 Thieves","floor":18,"turns":4},{"damage":25,"enemies":"Spheric Guardian","floor":19,"turns":6},{"damage":22,"enemies":"Centurion and Healer","floor":20,"turns":5},{"damage":23,"enemies":"Cultist and Chosen","floor":21,"turns":6}],"seed_played":"-8463137788731326991","potions_obtained":[{"floor":1,"key":"Block Potion"},{"floor":4,"key":"CultistPotion"},{"floor":5,"key":"Weak Potion"},{"floor":7,"key":"Weak Potion"},{"floor":8,"key":"LiquidBronze"},{"floor":10,"key":"GamblersBrew"},{"floor":11,"key":"Dexterity Potion"},{"floor":16,"key":"Dexterity Potion"},{"floor":20,"key":"SteroidPotion"}],"is_trial":false,"path_per_floor":["M","M","M","M","M","E","M","E","T","M","M","M","E","M","R","B",null,"M","M","M","M"],"character_chosen":"IRONCLAD","items_purchased":["Discovery"],"campfire_rested":0,"item_purchase_floors":[0],"current_hp_per_floor":[80,80,80,80,79,69,68,57,57,60,64,53,41,47,47,20,80,51,32,16,0,0],"gold":693,"neow_bonus":"","is_daily":false,"chose_seed":false,"campfire_upgraded":1,"win_rate":0.0,"timestamp":1611573476,"path_taken":["M","M","M","M","M","E","?","E","T","M","M","M","E","M","R","BOSS","M","M","M","M"],"items_purchased_type":["Card"],"build_version":"2020-12-22","purchased_purges":0,"victory":false,"max_hp_per_floor":[80,80,80,80,80,80,80,80,80,80,80,80,80,80,80,80,80,80,80,80,80,80],"card_choices":[{"not_picked":["Sword Boomerang","Armaments","Twin Strike"],"picked":"SKIP","floor":1},{"not_picked":["Thunderclap","Corruption"],"picked":"Shrug It Off","floor":2},{"not_picked":["Armaments","Entrench"],"picked":"Heavy Blade","floor":3},{"not_picked":["Cleave","Flex"],"picked":"Spot Weakness","floor":4},{"not_picked":["Havoc","Flex"],"picked":"Bloodletting","floor":5},{"not_picked":["Armaments","Pommel Strike"],"picked":"Metallicize+1","floor":6},{"not_picked":["Cleave","Whirlwind","Perfected Strike"],"picked":"SKIP","floor":7},{"not_picked":["Fire Breathing+1","Sentinel"],"picked":"Battle Trance","floor":8},{"not_picked":["Combust+1","Thunderclap","Twin Strike"],"picked":"SKIP","floor":10},{"not_picked":["Havoc","Clash","Iron Wave"],"picked":"SKIP","floor":11},{"not_picked":["Uppercut","Clothesline"],"picked":"Demon Form+1","floor":12},{"not_picked":["Juggernaut+1","Shockwave"],"picked":"Seeing Red","floor":13},{"not_picked":["Pommel Strike","Twin Strike"],"picked":"Infernal Blade","floor":14},{"not_picked":["Impervious","Corruption+1"],"picked":"Barricade+1","floor":16},{"not_picked":["Shrug It Off","Dark Embrace+1"],"picked":"Rage+1","floor":18},{"not_picked":["Whirlwind+1","Pommel Strike","Pummel"],"picked":"SKIP","floor":19},{"not_picked":["Body Slam+1","Headbutt"],"picked":"Rampage","floor":20}],"player_experience":73137,"relics_obtained":[{"floor":6,"key":"Frozen Egg 2"},{"floor":8,"key":"WingedGreaves"},{"floor":9,"key":"Vajra"},{"floor":13,"key":"Mummified Hand"}],"event_choices":[],"is_beta":false,"boss_relics":[{"not_picked":["Astrolabe","SacredBark"],"picked":"Black Star"}],"items_purged_floors":[],"is_endless":false,"potions_floor_spawned":[1,4,5,7,8,10,11,16,20],"killed_by":"Cultist and Chosen","ascension_level":0}}