{"host":"uvmuduost5bzvojs","time":1611602582,"event":{"mods":["Aspiration","Bard","BaseMod","Better Match","Block Reminder","Conspire","Hermit","Highlight Path","Hubris","Infinite Spire","Jorbs\u0027s Wanderer Trilogy","Mad Scientist","Marisa????????","Mimic Mod","Minty Spire (QoL Compilation)","Potionbrewer","Replay The Spire","Robot Space Explorer","StSLib","The Blackbeard","The Construct","The Cursed","The Disciple","The Hayseed","The Hierophant","The Juggle","The Jungle","The Poker Player","The Runesmith","The Servant 0.9.4","The Spell Scribe","The Valiant","TheBandit"],"gold_per_floor":[214,233,233,38,38,56,56,73,110,126,126,148,148,148,148,190,190,200,215,74,126,157,157,157,157,157,157,157,205,247,122,122,45,45],"floor_reached":33,"language":"ENG","playtime":1757,"items_purged":["hierophant:Strike_Hierophant","conspire:Blindness","hierophant:Strike_Hierophant","hierophant:Strike_Hierophant"],"score":413,"play_id":"4fcee471-e10a-451b-ba34-a454d6a0ea1e","local_time":"20210125142302","is_ascension_mode":false,"campfire_choices":[{"data":"hierophant:Embezzle","floor":7,"key":"SMITH"},{"data":"hierophant:AuricBeam","floor":11,"key":"SMITH"},{"data":"hierophant:Mercenaries","floor":15,"key":"SMITH"},{"floor":23,"key":"REST"},{"data":"hierophant:Cornucopia","floor":32,"key":"SMITH"}],"circlet_count":0,"master_deck":["hierophant:Punish","hierophant:Defend_Hierophant","hierophant:Defend_Hierophant","hierophant:Defend_Hierophant","hierophant:Defend_Hierophant","hierophant:ChurchCoffers","hierophant:OrnateBuckler","hierophant:Mercenaries+1","hierophant:Embezzle+1","hierophant:Bribe","hierophant:AuricBeam+1","hierophant:Cornucopia","hierophant:SecretStash","hierophant:Doubloon","hierophant:CursedGold","hierophant:Dazzle","hierophant:Doubloon","hierophant:RustyCrate","hierophant:Doubloon","hierophant:Doubloon","Pot Of Greed","Pot Of Greed","Master of Strategy","hierophant:Cornucopia+1","Pot Of Greed"],"relics":["hierophant:PropheticMaskRelic","BargainBundle","potionbrewer:ToyAutogyro","Ginger","Simple Rune","Ring of Fangs","Ring of Misfortune","potionbrewer:BhaskarasWheel","Red Mask","Grinning Jar","ReplayTheSpireMod:ShopPack","Replay:Mystery Machine"],"acts_visited":["Exordium","TheCity"],"potions_floor_usage":[16,16,22,29,33],"damage_taken":[{"damage":0,"enemies":"2 Louse","floor":1,"turns":1},{"damage":5,"enemies":"Small Slimes","floor":2,"turns":3},{"damage":26,"enemies":"Gremlin Nob","floor":6,"turns":4},{"damage":0,"enemies":"Cultist","floor":8,"turns":3},{"damage":0,"enemies":"Exordium Wildlife","floor":9,"turns":2},{"damage":8,"enemies":"Exordium Wildlife","floor":10,"turns":3},{"damage":0,"enemies":"3 Louse","floor":12,"turns":3},{"damage":0,"enemies":"Fading Forest","floor":16,"turns":11},{"damage":43,"enemies":"3 Byrds","floor":18,"turns":6},{"damage":0,"enemies":"Spheric Guardian","floor":19,"turns":2},{"damage":0,"enemies":"Snake Plant","floor":21,"turns":3},{"damage":25,"enemies":"Masked Bandits","floor":22,"turns":8},{"damage":0,"enemies":"Book of Stabbing","floor":29,"turns":5},{"damage":6,"enemies":"Chosen and Byrds","floor":30,"turns":4},{"damage":25,"enemies":"Pondfish","floor":33,"turns":9}],"seed_played":"-395641495805568314","potions_obtained":[{"floor":2,"key":"Swift Potion"},{"floor":10,"key":"Adrenaline Potion"},{"floor":12,"key":"CultistPotion"},{"floor":18,"key":"potionbrewer:EndurancePotion"},{"floor":22,"key":"LiquidBronze"},{"floor":30,"key":"SteroidPotion"}],"is_trial":false,"path_per_floor":["M","M","?","$","?","E","R","M","MIM","M","R","M","?","?","R","B",null,"M","M","$","M","?","R","?","?","T","?","AVR","E","M","$","R","B"],"character_chosen":"HIEROPHANT","items_purchased":["BargainBundle","hierophant:Mercenaries","hierophant:Dazzle"],"campfire_rested":1,"item_purchase_floors":[4,4,20],"current_hp_per_floor":[75,70,63,63,63,37,37,37,37,29,29,29,29,29,29,39,75,32,32,32,32,7,29,29,29,29,29,29,29,23,23,23,0,0],"gold":45,"neow_bonus":"HUNDRED_GOLD","is_daily":false,"chose_seed":false,"campfire_upgraded":4,"win_rate":0.0,"timestamp":1611602582,"path_taken":["M","M","?","$","?","E","R","?","MIM","M","R","M","?","?","R","BOSS","M","M","$","M","?","R","?","?","T","?","AVR","E","M","$","R","BOSS"],"items_purchased_type":["Relic","Card","Card"],"build_version":"2020-12-22","purchased_purges":4,"victory":false,"max_hp_per_floor":[75,75,75,75,75,75,75,75,75,75,75,75,75,75,75,75,75,75,75,75,75,75,75,75,75,75,75,75,75,75,75,75,75,75],"card_choices":[{"not_picked":["hierophant:HammerAndAnvil","hierophant:Remorse"],"picked":"hierophant:OrnateBuckler","floor":1},{"not_picked":["hierophant:Purify","hierophant:DisplayOfPower","hierophant:Bribe"],"picked":"SKIP","floor":2},{"not_picked":["hierophant:PassingBell","hierophant:MorningPrayer"],"picked":"hierophant:Embezzle","floor":6},{"not_picked":["hierophant:RepressedViolence","hierophant:DisplayOfPower"],"picked":"hierophant:Bribe","floor":8},{"not_picked":["hierophant:AuricShield","hierophant:HolyVerse"],"picked":"hierophant:AuricBeam","floor":10},{"not_picked":["hierophant:Community","hierophant:Purify","hierophant:Zeal"],"picked":"SKIP","floor":12},{"not_picked":["hierophant:Invocation","hierophant:DeathKnell"],"picked":"hierophant:Cornucopia","floor":16},{"not_picked":["hierophant:PassingBell","hierophant:MorningPrayer"],"picked":"hierophant:SecretStash","floor":18},{"not_picked":["hierophant:Encroach","hierophant:Smite"],"picked":"hierophant:CursedGold","floor":19},{"not_picked":["hierophant:FlamingChariot","hierophant:PristineSoul","hierophant:Remorse"],"picked":"SKIP","floor":21},{"not_picked":["hierophant:Flagellation","hierophant:MorningPrayer+1"],"picked":"hierophant:RustyCrate","floor":22},{"not_picked":["Mind Blast","Replay:BasicMightCard"],"picked":"Master of Strategy","floor":28},{"not_picked":["hierophant:PassingBell+1","hierophant:HolyVerse","hierophant:Chorus+1"],"picked":"SKIP","floor":29},{"not_picked":["hierophant:Purify+1","hierophant:AuricBeam"],"picked":"hierophant:Cornucopia","floor":30}],"player_experience":1796373,"relics_obtained":[{"floor":6,"key":"Ginger"},{"floor":9,"key":"Simple Rune"},{"floor":13,"key":"Ring of Fangs"},{"floor":13,"key":"Ring of Misfortune"},{"floor":22,"key":"Red Mask"},{"floor":26,"key":"Grinning Jar"},{"floor":29,"key":"Replay:Mystery Machine"}],"event_choices":[{"cards_removed":["hierophant:Strike_Hierophant"],"damage_healed":0,"gold_gain":0,"player_choice":"Card Removal","damage_taken":7,"max_hp_gain":0,"max_hp_loss":0,"event_name":"Golden Wing","floor":3,"gold_loss":0},{"damage_healed":0,"gold_gain":0,"player_choice":"Gave Potion","damage_taken":0,"relics_obtained":["potionbrewer:ToyAutogyro"],"max_hp_gain":0,"max_hp_loss":0,"event_name":"WeMeetAgain","floor":5,"gold_loss":0},{"damage_healed":0,"gold_gain":0,"player_choice":"Fought Bandits","damage_taken":0,"max_hp_gain":0,"max_hp_loss":0,"event_name":"Masked Bandits","floor":22,"gold_loss":0},{"damage_healed":0,"gold_gain":0,"player_choice":"Ignored","damage_taken":0,"max_hp_gain":0,"max_hp_loss":0,"event_name":"blackbeard:ShipwreckEvent","floor":24,"gold_loss":0},{"damage_healed":0,"gold_gain":0,"player_choice":"Ignored","damage_taken":0,"max_hp_gain":0,"max_hp_loss":0,"event_name":"Vampires","floor":27,"gold_loss":0}],"is_beta":false,"boss_relics":[{"not_picked":["hubris:HollowSoul","Runic Pyramid"],"picked":"potionbrewer:BhaskarasWheel"}],"items_purged_floors":[4,20,28,31],"is_endless":false,"potions_floor_spawned":[2,10,12,18,22,30],"killed_by":"Pondfish","ascension_level":0}}