{"host":"r3eb5kff0hcmimdq","time":1611543274,"event":{"mods":["100% Spire Juice","ATMod(°¢èªMod)","BaseMod","Colored Powertips","Conspire","Dota2Spire","Highlight Path","Luminous","Minty Spire (QoL Compilation)","MostiFishMod","Quick Restart","Reimu£¨²©ÀöÁéÃÎ£©","Relic Filter","Relic Filter Mod","Replay The Spire","Robot Space Explorer","RyuuouÁúÍõ","Shop Mod","Spicy Shops","StSLib","TestMod","The Jungle","The Mystic","The Senshi","¡¾ÒÅÎï¿¨ÅÆ¡¿REMEMod","óô»ðÖ¸ÄÏ"],"gold_per_floor":[109,129,146,146,46,98,98,153,153,189,189,189,225,234,48,48,48],"floor_reached":16,"language":"ZHS","playtime":606,"items_purged":[],"score":185,"play_id":"f2d94c0b-8804-4f93-bbf1-a7023f5da400","local_time":"20210125105434","is_ascension_mode":true,"campfire_choices":[{"data":"theSenshi:VenusGlamour","floor":7.0,"key":"SMITH"},{"data":"theSenshi:NeptunesGrace","floor":11.0,"key":"SMITH"}],"circlet_count":0,"master_deck":["theSenshi:SailorKick","theSenshi:SailorKick","theSenshi:SailorKick","theSenshi:SailorKick","theSenshi:SailorBlock","theSenshi:SailorBlock","theSenshi:SailorBlock","theSenshi:RoseThrow","theSenshi:MoonPrismPowerMakeUp","Moonworks:GoAway","AT_FamilyPortrait","theSenshi:MercurysCunning","theSenshi:SailorStarMakerAssists","conspire:SpireCoStock","conspire:SpireCoStock","theSenshi:VenusGlamour+1","theSenshi:NeptunesGrace+1","theSenshi:LunaSensingAllies","theSenshi:IWillPunishYou","REME_BattleFury"],"relics":["theSenshi:TransformationBroochRelic","DaveBox","REME_ComplimentaryCards","AT_ATBox","testmod-TestBox","NightmareShop","testmod-NegativeEmotionEnhancer","NeowsBlessing","SynthV:TestCard","Dota2Spire:LinkenSphere","Nunchaku","Golden Idol","theSenshi:CutieMoonRodRelic","MerchantsRug"],"acts_visited":["Exordium"],"potions_floor_usage":[],"damage_taken":[{"damage":0.0,"enemies":"Small Slimes","floor":1.0,"turns":1.0},{"damage":0.0,"enemies":"Jaw Worm","floor":2.0,"turns":1.0},{"damage":0.0,"enemies":"2 Louse","floor":3.0,"turns":1.0},{"damage":36.0,"enemies":"3 Sentries","floor":6.0,"turns":8.0},{"damage":41.0,"enemies":"Lagavulin","floor":8.0,"turns":6.0},{"damage":0.0,"enemies":"Gremlin Nob","floor":10.0,"turns":3.0},{"damage":0.0,"enemies":"3 Sentries","floor":13.0,"turns":2.0},{"damage":0,"enemies":"The Guardian","floor":16,"turns":1}],"seed_played":"8928188604898582065","potions_obtained":[{"floor":8.0,"key":"SteroidPotion"},{"floor":10.0,"key":"MagicPotion:ReiMu"}],"is_trial":false,"path_per_floor":["M","M","M","$","?","E","R","E","T","E","R","?","E","?","R","B"],"character_chosen":"THE_SENSHI","items_purchased":["MerchantsRug","REME_BattleFury"],"campfire_rested":0,"item_purchase_floors":[15,15],"current_hp_per_floor":[76,77,78,78,78,46,46,7,7,9,9,9,13,13,13,13,13],"gold":48,"neow_bonus":"THREE_ENEMY_KILL","is_daily":false,"chose_seed":false,"campfire_upgraded":2,"win_rate":0.0,"timestamp":1611543274,"path_taken":["M","M","M","$","?","E","R","E","T","E","R","?","E","?","R","BOSS"],"items_purchased_type":["Relic","Card"],"build_version":"2020-12-22","purchased_purges":0,"victory":false,"max_hp_per_floor":[76,77,78,78,78,79,79,80,80,81,81,75,76,76,76,76,76],"card_choices":[{"not_picked":["theSenshi:EncouragingSpeech","theSenshi:LunaWiseMentor"],"picked":"theSenshi:MercurysCunning","floor":1.0},{"not_picked":["theSenshi:MoonKick","theSenshi:MoonCrystalPowerMakeUp","theSenshi:CrisisMakeUp","theSenshi:SteeledNerves","theSenshi:SailorVenusAssists"],"picked":"SKIP","floor":2.0},{"not_picked":["theSenshi:SailorPlanetAttack","theSenshi:TallSilhouette","theSenshi:MoonPunch","theSenshi:LateForSchool"],"picked":"theSenshi:SailorStarMakerAssists","floor":3.0},{"not_picked":["theSenshi:SchoolBag","theSenshi:LunasBite","theSenshi:SailorChibiMoonAssists","theSenshi:SailorStarFighterAssists"],"picked":"theSenshi:VenusGlamour","floor":6.0},{"not_picked":["theSenshi:SilverMoonCrystalPowerKiss","theSenshi:SailorChibiMoonAssists","theSenshi:MoonTiaraMagic","theSenshi:MoonCosmicPowerMakeUp"],"picked":"theSenshi:NeptunesGrace","floor":8.0},{"not_picked":["theSenshi:LateForSchool","theSenshi:MoonKick","theSenshi:MoonSpiralHeartAttack","theSenshi:MoonTiaraMagic"],"picked":"theSenshi:LunaSensingAllies","floor":10.0},{"not_picked":["theSenshi:MoonPrincessHalation","theSenshi:EncouragingSpeech","theSenshi:SailorVenusAssists","theSenshi:OdangoHead","theSenshi:LunasBite"],"picked":"SKIP","floor":13.0}],"player_experience":171460,"relics_obtained":[{"floor":1.0,"key":"SynthV:TestCard"},{"floor":6.0,"key":"Dota2Spire:LinkenSphere"},{"floor":8.0,"key":"Replay:Accelerometer"},{"floor":9.0,"key":"Nunchaku"},{"floor":10.0,"key":"CeramicFish"},{"floor":13.0,"key":"theSenshi:CutieMoonRodRelic"}],"event_choices":[{"damage_healed":0.0,"max_hp_gain":0.0,"max_hp_loss":0.0,"gold_gain":0.0,"event_name":"conspire:Investor","player_choice":"Invest 2","floor":5.0,"gold_loss":0.0,"damage_taken":0.0},{"damage_healed":0.0,"max_hp_gain":0.0,"max_hp_loss":6.0,"gold_gain":0.0,"event_name":"Golden Idol","player_choice":"Lose Max HP","floor":12.0,"gold_loss":0.0,"damage_taken":0.0,"relics_obtained":["Golden Idol"]},{"damage_healed":0.0,"max_hp_gain":0.0,"max_hp_loss":0.0,"gold_gain":0.0,"cards_transformed":["theSenshi:SailorBlock"],"event_name":"Living Wall","player_choice":"Change","floor":14.0,"gold_loss":0.0,"damage_taken":0.0,"cards_obtained":["theSenshi:IWillPunishYou"]}],"is_beta":false,"boss_relics":[],"items_purged_floors":[],"is_endless":false,"potions_floor_spawned":[8,10],"killed_by":"The Guardian","ascension_level":1}}