{"host":"Rich","time":1611600287,"event":{"mods":["AchievementEnabler","BaseMod","Highlight Path","Minty Spire (QoL Compilation)","Relic Stats"],"gold_per_floor":[119,194,194,194,206,232,232,260,260,293,5,5,5,20,20,92,92,107,7,7,18,29,57,57,57,57],"floor_reached":25,"language":"ENG","playtime":643,"items_purged":["Strike_G","Defend_G"],"score":524,"play_id":"0e06ec5e-e8d5-4f6f-ad5c-a61626d61539","local_time":"20210125134447","is_ascension_mode":true,"campfire_choices":[{"data":"Leg Sweep","floor":7.0,"key":"SMITH"},{"data":"Noxious Fumes","floor":15.0,"key":"SMITH"},{"floor":24.0,"key":"REST"}],"circlet_count":0,"master_deck":["AscendersBane","Strike_G","Strike_G","Strike_G","Strike_G","Defend_G","Defend_G","Defend_G","Defend_G","Survivor","Neutralize","Leg Sweep+1","Underhanded Strike","Predator","Backstab","Noxious Fumes+1","Parasite","Blade Dance","Envenom","PiercingWail+1","Shame","Dagger Spray","Backflip","Choke"],"relics":["Ring of the Snake","NeowsBlessing","Unceasing Top","Juzu Bracelet","Du-Vu Doll","Sundial","Mercury Hourglass","Medical Kit","Snecko Eye","Question Card","Girya"],"acts_visited":["Exordium","TheCity"],"potions_floor_usage":[25],"damage_taken":[{"damage":0.0,"enemies":"Cultist","floor":1.0,"turns":1.0},{"damage":0.0,"enemies":"2 Louse","floor":5.0,"turns":1.0},{"damage":0.0,"enemies":"Gremlin Nob","floor":6.0,"turns":1.0},{"damage":10.0,"enemies":"3 Sentries","floor":8.0,"turns":9.0},{"damage":34.0,"enemies":"Gremlin Nob","floor":10.0,"turns":5.0},{"damage":7.0,"enemies":"Jaw Worm","floor":14.0,"turns":2.0},{"damage":31.0,"enemies":"Slime Boss","floor":16.0,"turns":9.0},{"damage":0.0,"enemies":"3 Byrds","floor":18.0,"turns":4.0},{"damage":2.0,"enemies":"2 Thieves","floor":21.0,"turns":3.0},{"damage":24.0,"enemies":"Snake Plant","floor":22.0,"turns":4.0},{"damage":19.0,"enemies":"Book of Stabbing","floor":23.0,"turns":5.0},{"damage":29,"enemies":"Slavers","floor":25,"turns":1}],"seed_played":"1296510750781632677","potions_obtained":[{"floor":1.0,"key":"DistilledChaos"},{"floor":14.0,"key":"Regen Potion"},{"floor":16.0,"key":"SkillPotion"},{"floor":18.0,"key":"SkillPotion"},{"floor":23.0,"key":"CultistPotion"}],"is_trial":false,"path_per_floor":["M","?","?","T","M","E","R","E","T","E","$","?","?","M","R","B",null,"M","$","?","M","M","E","R","E"],"character_chosen":"THE_SILENT","items_purchased":["Medical Kit","Strength Potion"],"campfire_rested":1,"item_purchase_floors":[11,11],"current_hp_per_floor":[59,48,48,48,48,48,48,38,38,4,4,26,42,35,35,19,54,54,54,54,52,28,9,28,0,0],"gold":57,"neow_bonus":"THREE_ENEMY_KILL","is_daily":false,"chose_seed":false,"campfire_upgraded":2,"win_rate":0.0,"timestamp":1611600287,"path_taken":["M","?","?","?","M","E","R","E","T","E","$","?","?","M","R","BOSS","M","$","?","M","M","E","R","E"],"items_purchased_type":["Relic","Potion"],"build_version":"2020-12-18","purchased_purges":2,"victory":false,"max_hp_per_floor":[66,66,66,66,66,66,66,66,66,66,66,66,66,66,66,66,66,66,66,66,66,66,66,66,66,66],"relic_stats":{"counters":[12,45],"Sundial":[6],"Snecko Eye":[34,26,26,32],"Juzu Bracelet":1,"Medical Kit":[0],"Question Card":3,"obtain_stats":[{"Du-Vu Doll":8,"Girya":23,"NeowsBlessing":0,"Sundial":9,"Snecko Eye":17,"Juzu Bracelet":6,"Medical Kit":11,"Question Card":20,"Unceasing Top":4,"Ring of the Snake":0,"Mercury Hourglass":10},{"Du-Vu Doll":4,"Girya":11,"NeowsBlessing":0,"Sundial":4,"Snecko Eye":7,"Juzu Bracelet":3,"Medical Kit":5,"Question Card":8,"Unceasing Top":1,"Ring of the Snake":0,"Mercury Hourglass":5},{"Du-Vu Doll":12,"Girya":44,"NeowsBlessing":0,"Sundial":12,"Snecko Eye":28,"Juzu Bracelet":3,"Medical Kit":17,"Question Card":32,"Unceasing Top":1,"Ring of the Snake":0,"Mercury Hourglass":17}],"Unceasing Top":[2],"Ring of the Snake":[24],"Mercury Hourglass":[126]},"card_choices":[{"not_picked":["Backflip","Acrobatics"],"picked":"Leg Sweep","floor":1.0},{"not_picked":["Quick Slash","Heel Hook"],"picked":"Underhanded Strike","floor":5.0},{"not_picked":["Acrobatics","Sucker Punch"],"picked":"Predator","floor":6.0},{"not_picked":["Blur","Flying Knee"],"picked":"Backstab","floor":8.0},{"not_picked":["Blade Dance","Reflex"],"picked":"Noxious Fumes","floor":10.0},{"not_picked":["Underhanded Strike","Slice"],"picked":"Blade Dance","floor":14.0},{"not_picked":["Unload","Doppelganger"],"picked":"Envenom","floor":16.0},{"not_picked":["Cloak And Dagger","Poisoned Stab"],"picked":"PiercingWail+1","floor":18.0},{"not_picked":["Doppelganger","Flying Knee","Caltrops"],"picked":"Dagger Spray","floor":21.0},{"not_picked":["Flying Knee","Outmaneuver","Underhanded Strike"],"picked":"Backflip","floor":22.0},{"not_picked":["PiercingWail","Tactician","Slice"],"picked":"Choke","floor":23.0}],"player_experience":2016242,"relics_obtained":[{"floor":4.0,"key":"Unceasing Top"},{"floor":6.0,"key":"Juzu Bracelet"},{"floor":8.0,"key":"Du-Vu Doll"},{"floor":9.0,"key":"Sundial"},{"floor":10.0,"key":"Mercury Hourglass"},{"floor":23.0,"key":"Girya"}],"event_choices":[{"damage_healed":0.0,"max_hp_gain":0.0,"max_hp_loss":0.0,"gold_gain":75.0,"event_name":"World of Goop","player_choice":"Gather Gold","floor":2.0,"gold_loss":0.0,"damage_taken":11.0},{"damage_healed":0.0,"max_hp_gain":0.0,"max_hp_loss":0.0,"gold_gain":0.0,"event_name":"Liars Game","player_choice":"Ignored","floor":3.0,"gold_loss":0.0,"damage_taken":0.0},{"damage_healed":22.0,"max_hp_gain":0.0,"max_hp_loss":0.0,"gold_gain":0.0,"event_name":"Big Fish","player_choice":"Banana","floor":12.0,"gold_loss":0.0,"damage_taken":0.0},{"damage_healed":16.0,"max_hp_gain":0.0,"max_hp_loss":0.0,"gold_gain":0.0,"event_name":"Mushrooms","player_choice":"Healed and dodged fight","floor":13.0,"gold_loss":0.0,"damage_taken":0.0,"cards_obtained":["Parasite"]},{"damage_healed":0.0,"max_hp_gain":0.0,"max_hp_loss":0.0,"gold_gain":0.0,"event_name":"Addict","player_choice":"Stole Relic","floor":20.0,"gold_loss":0.0,"damage_taken":0.0,"relics_obtained":["Question Card"],"cards_obtained":["Shame"]}],"is_beta":true,"boss_relics":[{"not_picked":["Runic Dome","Black Star"],"picked":"Snecko Eye"}],"items_purged_floors":[11,19],"is_endless":false,"potions_floor_spawned":[1,14,16,18,23],"killed_by":"Slavers","ascension_level":20}}