{"host":"vc42n08di9czm3e7","time":1611538205,"event":{"mods":["AchievementEnabler","Act Like it!","BaseMod","Colored Powertips","Downfall","Friendly Minions","GifTheSpireLib","Minty Spire (QoL Compilation)","Rare Cards Sparkle","StSLib"],"gold_per_floor":[99,99,99,99,115,134,157,171,182,193,219,232,232,260,270,270,270,270],"floor_reached":16,"language":"ENG","playtime":1031,"items_purged":[],"score":129,"play_id":"c6b21e38-3ca5-4830-9c96-9babbe6fc29f","local_time":"20210124203005","is_ascension_mode":false,"campfire_choices":[{"floor":1,"key":"RECALL"},{"floor":13,"key":"REST"}],"circlet_count":0,"master_deck":["bronze:Strike","bronze:Strike","bronze:Strike","bronze:Strike","bronze:Defend","bronze:Defend","bronze:Defend","bronze:Defend","bronze:Replicate","bronze:Goto","bronze:Fortify","bronze:CloningBeam","bronze:ChildClass","bronze:Optimize","bronze:Boost","bronze:Branch","bronze:DelayedSlice","bronze:Repair","bronze:Shield","bronze:ClassDefault","bronze:Optimize","bronze:Fortify"],"relics":["bronze:BronzeCore","downfall:HeartsMalice","Centennial Puzzle","Odd Mushroom","Meat on the Bone"],"acts_visited":["Exordium"],"potions_floor_usage":[9,15,16],"damage_taken":[{"damage":0,"enemies":"Cultist","floor":2,"turns":1},{"damage":0,"enemies":"2 Louse","floor":3,"turns":1},{"damage":0,"enemies":"Small Slimes","floor":4,"turns":1},{"damage":22,"enemies":"Exordium Thugs","floor":5,"turns":5},{"damage":23,"enemies":"Large Slime","floor":6,"turns":7},{"damage":0,"enemies":"Exordium Wildlife","floor":8,"turns":3},{"damage":7,"enemies":"Exordium Thugs","floor":9,"turns":7},{"damage":7,"enemies":"2 Fungi Beasts","floor":10,"turns":3},{"damage":1,"enemies":"The Mushroom Lair","floor":11,"turns":5},{"damage":0,"enemies":"Large Slime","floor":12,"turns":5},{"damage":0,"enemies":"Lagavulin","floor":14,"turns":7},{"damage":0,"enemies":"Gremlin Gang","floor":15,"turns":3},{"damage":102,"enemies":"DF_ARCHETYPE_STREAMLINE","floor":16,"turns":17}],"seed_played":"2354004813181381035","potions_obtained":[{"floor":5,"key":"SpeedPotion"},{"floor":8,"key":"Block Potion"},{"floor":11,"key":"Strength Potion"},{"floor":12,"key":"bronze:CleanCodePotion"}],"is_trial":false,"path_per_floor":["R","M","M","M","M","M","T","M","M","M","?","M","R","E","M","B"],"character_chosen":"THE_AUTOMATON","items_purchased":[],"campfire_rested":1,"item_purchase_floors":[],"current_hp_per_floor":[70,70,70,70,48,25,25,25,18,11,10,20,41,48,55,0,0,0],"gold":270,"neow_bonus":"THREE_ENEMY_KILL","is_daily":false,"chose_seed":false,"campfire_upgraded":0,"win_rate":0.0,"timestamp":1611538205,"path_taken":["R","M","M","M","M","M","T","M","M","?","?","M","R","E","M","BOSS"],"items_purchased_type":[],"build_version":"2020-12-22","purchased_purges":0,"victory":false,"max_hp_per_floor":[70,70,70,70,70,70,70,70,70,70,70,70,70,70,70,70,70,70],"card_choices":[{"not_picked":["bronze:Iterate","bronze:OilSpill"],"picked":"bronze:Fortify","floor":2},{"not_picked":["bronze:DelayedGuard","bronze:Invalidate"],"picked":"bronze:CloningBeam","floor":3},{"not_picked":["bronze:Deprecate","bronze:WildBeam"],"picked":"bronze:ChildClass","floor":4},{"not_picked":["bronze:ItsAFeature","bronze:CutThrough"],"picked":"bronze:Optimize","floor":5},{"not_picked":["bronze:Turbo","bronze:Overload"],"picked":"bronze:Boost","floor":6},{"not_picked":["bronze:Turbo","bronze:WhirlingStrike"],"picked":"bronze:Branch","floor":8},{"not_picked":["bronze:Frontload","bronze:OilSpill"],"picked":"bronze:DelayedSlice","floor":9},{"not_picked":["bronze:Mutator","bronze:ItsAFeature"],"picked":"bronze:Repair","floor":10},{"not_picked":["bronze:DelayedGuard","bronze:Invalidate"],"picked":"bronze:Shield","floor":11},{"not_picked":["bronze:Shield","bronze:Turbo"],"picked":"bronze:ClassDefault","floor":12},{"not_picked":["bronze:BurnOut","bronze:BuggyMess"],"picked":"bronze:Optimize","floor":14},{"not_picked":["bronze:Frontload","bronze:DelayedGuard"],"picked":"bronze:Fortify","floor":15}],"player_experience":304026,"relics_obtained":[{"floor":7,"key":"Centennial Puzzle"},{"floor":11,"key":"Odd Mushroom"},{"floor":14,"key":"Meat on the Bone"}],"event_choices":[{"damage_healed":0,"gold_gain":0,"player_choice":"Fought Mushrooms","damage_taken":0,"max_hp_gain":0,"max_hp_loss":0,"event_name":"Mushrooms","floor":11,"gold_loss":0}],"is_beta":false,"boss_relics":[],"items_purged_floors":[],"is_endless":false,"potions_floor_spawned":[5,8,11,12,14],"killed_by":"DF_ARCHETYPE_STREAMLINE","ascension_level":0}}