{"host":"Oniwa","time":1611569031,"event":{"mods":["BaseMod","Colored Map","Colored Powertips","Minty Spire (QoL Compilation)","Relic Stats","Slay the Relics Exporter","SpireBot","StSLib","ojb\u0027s Better Paths Mod","ojb\u0027s Info Mod"],"gold_per_floor":[109,127,143,45,45,45,69,69,93,93,93],"floor_reached":10,"language":"JPN","playtime":439,"items_purged":[],"score":116,"play_id":"af9b1499-f64a-4fd7-a89b-db90bdc78b7a","local_time":"20210125190351","is_ascension_mode":true,"campfire_choices":[{"data":"Noxious Fumes","floor":6,"key":"SMITH"},{"data":"Catalyst","floor":8,"key":"SMITH"}],"circlet_count":0,"master_deck":["AscendersBane","Strike_G","Strike_G","Strike_G","Strike_G","Strike_G","Defend_G","Defend_G","Defend_G","Defend_G","Defend_G","Survivor","Neutralize","Catalyst+1","Quick Slash","Venomology","Noxious Fumes+1","Poisoned Stab","Acrobatics"],"relics":["Coffee Dripper","Golden Idol","Potion Belt"],"acts_visited":["Exordium"],"potions_floor_usage":[7,7,10,10],"damage_taken":[{"damage":2,"enemies":"Small Slimes","floor":1,"turns":5},{"damage":0,"enemies":"Jaw Worm","floor":2,"turns":4},{"damage":3,"enemies":"Cultist","floor":3,"turns":5},{"damage":18,"enemies":"Exordium Thugs","floor":7,"turns":6},{"damage":44,"enemies":"Gremlin Nob","floor":10,"turns":3}],"seed_played":"3447410531402495664","potions_obtained":[{"floor":3,"key":"Weak Potion"},{"floor":7,"key":"SneckoOil"}],"is_trial":false,"path_per_floor":["M","M","M","$","?","R","M","R","T","E"],"character_chosen":"THE_SILENT","items_purchased":["Noxious Fumes","Poisoned Stab"],"campfire_rested":0,"item_purchase_floors":[4,4],"current_hp_per_floor":[57,57,54,54,54,54,36,36,36,0,0],"gold":93,"neow_bonus":"BOSS_RELIC","is_daily":false,"chose_seed":false,"campfire_upgraded":2,"win_rate":0.0,"timestamp":1611569031,"path_taken":["M","M","M","$","?","R","M","R","T","E"],"items_purchased_type":["Card","Card"],"build_version":"2020-12-18","purchased_purges":0,"victory":false,"max_hp_per_floor":[66,66,66,66,60,60,60,60,60,60,60],"relic_stats":{"counters":[5,23],"Golden Idol":5,"obtain_stats":[{"Potion Belt":9,"Golden Idol":5,"Coffee Dripper":0,"Ring of the Snake":0},{"Potion Belt":4,"Golden Idol":3,"Coffee Dripper":0,"Ring of the Snake":0},{"Potion Belt":20,"Golden Idol":14,"Coffee Dripper":0,"Ring of the Snake":0}]},"card_choices":[{"not_picked":["Dodge and Roll","Outmaneuver"],"picked":"Catalyst","floor":1},{"not_picked":["Bane","Cloak And Dagger"],"picked":"Quick Slash","floor":2},{"not_picked":["Flying Knee","Outmaneuver"],"picked":"Venomology","floor":3},{"not_picked":["Cloak And Dagger","Poisoned Stab"],"picked":"Acrobatics","floor":7}],"player_experience":2587406,"relics_obtained":[{"floor":9,"key":"Potion Belt"}],"event_choices":[{"damage_healed":0,"gold_gain":0,"player_choice":"Lose Max HP","damage_taken":0,"relics_obtained":["Golden Idol"],"max_hp_gain":0,"max_hp_loss":6,"event_name":"Golden Idol","floor":5,"gold_loss":0}],"is_beta":true,"boss_relics":[],"items_purged_floors":[],"is_endless":false,"potions_floor_spawned":[3,7],"killed_by":"Gremlin Nob","ascension_level":20}}