{"host":"r6jigiblrojhp6xe","time":1611597307,"event":{"mods":["AchievementEnabler","BaseMod","DeckTracker","Hermit","Minty Spire (QoL Compilation)","Quick Restart","Rare Cards Sparkle","Relic Stats","StSLib","SuperFastMode","everything is the same but u backflip on backflip"],"gold_per_floor":[11,21,21,96,107,122,122,122,122,122,122,143,159,195,195,288,288,309,61,80,80,80,80,106,124,174,124,158,29,29,57,57,131,131,142,155,155,165,115,144,144,171,171,183,205,217,254,83,83,83,83],"floor_reached":50,"language":"KOR","playtime":1560,"items_purged":["Strike_G","Strike_G","Strike_G","Strike_G"],"score":1172,"play_id":"762b4ab6-819c-4ca9-9274-2144b4fb04d8","local_time":"20210126025507","is_ascension_mode":true,"campfire_choices":[{"data":"Apotheosis","floor":8.0,"key":"SMITH"},{"floor":11.0,"key":"REST"},{"data":"Calculated Gamble","floor":15.0,"key":"SMITH"},{"floor":23.0,"key":"REST"},{"floor":30.0,"key":"REST"},{"floor":32.0,"key":"REST"},{"floor":41,"key":"REST"},{"floor":44,"key":"RECALL"},{"floor":49,"key":"REST"}],"circlet_count":0,"master_deck":["AscendersBane","Defend_G","Defend_G","Defend_G","Defend_G","Defend_G","Survivor","Neutralize","Apotheosis+1","Deadly Poison","Calculated Gamble+1","Poisoned Stab","PiercingWail","Dagger Spray","Burst","Noxious Fumes","Tactician","Reflex","Crippling Poison","Eviscerate","Calculated Gamble+1","Footwork","Calculated Gamble+1","Prepared","Flechettes+1","Well Laid Plans"],"relics":["Ring of the Serpent","Bloody Idol","Strawberry","Meat on the Bone","Fusion Hammer","TwistedFunnel","Nilry\u0027s Codex","Smiling Mask","Art of War","Thread and Needle","Anchor","InkBottle","Potion Belt","MawBank","Singing Bowl"],"acts_visited":["Exordium","TheCity","TheBeyond"],"potions_floor_usage":[50,50],"damage_taken":[{"damage":2.0,"enemies":"Small Slimes","floor":1.0,"turns":3.0},{"damage":0.0,"enemies":"2 Louse","floor":2.0,"turns":4.0},{"damage":2.0,"enemies":"Jaw Worm","floor":5.0,"turns":4.0},{"damage":20.0,"enemies":"3 Louse","floor":6.0,"turns":6.0},{"damage":1.0,"enemies":"Large Slime","floor":12.0,"turns":6.0},{"damage":0.0,"enemies":"Looter","floor":13.0,"turns":4.0},{"damage":19.0,"enemies":"Lagavulin","floor":14.0,"turns":5.0},{"damage":22.0,"enemies":"Hexaghost","floor":16.0,"turns":8.0},{"damage":0.0,"enemies":"Chosen","floor":18.0,"turns":4.0},{"damage":0.0,"enemies":"3 Byrds","floor":20.0,"turns":3.0},{"damage":25.0,"enemies":"Gremlin Leader","floor":24.0,"turns":7.0},{"damage":0.0,"enemies":"Centurion and Healer","floor":25.0,"turns":6.0},{"damage":9.0,"enemies":"Slavers","floor":28.0,"turns":6.0},{"damage":27.0,"enemies":"Book of Stabbing","floor":31.0,"turns":5.0},{"damage":37.0,"enemies":"Collector","floor":33.0,"turns":8.0},{"damage":1.0,"enemies":"Orb Walker","floor":35.0,"turns":3.0},{"damage":21.0,"enemies":"3 Darklings","floor":36.0,"turns":4.0},{"damage":3,"enemies":"Maw","floor":38,"turns":8},{"damage":6,"enemies":"Nemesis","floor":40,"turns":9},{"damage":15,"enemies":"Reptomancer","floor":42,"turns":4},{"damage":0,"enemies":"Sphere and 2 Shapes","floor":45,"turns":5},{"damage":36,"enemies":"Giant Head","floor":47,"turns":9},{"damage":3,"enemies":"Time Eater","floor":50,"turns":2}],"seed_played":"2206644516350763396","potions_obtained":[{"floor":1.0,"key":"EssenceOfSteel"},{"floor":12.0,"key":"CultistPotion"},{"floor":14.0,"key":"LiquidBronze"},{"floor":24.0,"key":"Fire Potion"},{"floor":25.0,"key":"EssenceOfSteel"},{"floor":35.0,"key":"FairyPotion"},{"floor":36.0,"key":"EssenceOfSteel"},{"floor":47,"key":"SkillPotion"}],"is_trial":false,"path_per_floor":["M","M","?","?","M","M","?","R","T","?","R","M","M","E","R","B",null,"M","$","M","?","?","R","E","M","T","$","E","$","R","E","R","B",null,"M","M","?","M","$","E","R","E","T","R","M","?","E","$","R","B"],"character_chosen":"THE_SILENT","items_purchased":["Noxious Fumes","TwistedFunnel","Reflex","Dexterity Potion","Well Laid Plans"],"campfire_rested":6,"item_purchase_floors":[19,19,29,48,48],"current_hp_per_floor":[57,57,57,46,44,24,24,24,31,31,51,50,50,31,31,21,56,56,56,56,35,35,55,47,52,57,57,53,53,67,45,65,45,62,66,50,50,52,52,51,67,57,57,62,67,64,45,50,64,61,61],"gold":83,"neow_bonus":"RANDOM_COLORLESS_2","is_daily":false,"chose_seed":false,"campfire_upgraded":2,"win_rate":0.0,"timestamp":1611597307,"path_taken":["M","M","?","?","M","M","?","R","T","?","R","?","M","E","R","BOSS","M","$","M","?","?","R","E","M","T","$","E","$","R","E","R","BOSS","M","M","?","M","$","E","R","E","T","R","?","?","E","$","R","BOSS"],"items_purchased_type":["Card","Relic","Card","Potion","Card"],"build_version":"2020-12-22","purchased_purges":4,"victory":false,"max_hp_per_floor":[66,66,66,66,66,66,60,60,67,67,67,67,67,67,67,67,67,67,67,67,67,67,67,67,67,67,67,67,67,67,67,67,67,67,67,67,67,67,67,67,67,67,67,67,67,64,64,64,64,64,64],"relic_stats":{"Singing Bowl":0,"counters":[23,123],"Bloody Idol":75,"Art of War":[11],"Smiling Mask":250,"MawBank":60,"obtain_stats":[{"TwistedFunnel":19,"Potion Belt":42,"Singing Bowl":47,"Golden Idol":7,"Nilry\u0027s Codex":21,"Thread and Needle":28,"Smiling Mask":24,"MawBank":43,"Anchor":31,"Strawberry":9,"Bloody Idol":22,"Fusion Hammer":17,"Art of War":26,"Ring of the Serpent":34,"InkBottle":40,"Ring of the Snake":0,"Meat on the Bone":14},{"TwistedFunnel":9,"Potion Belt":20,"Singing Bowl":22,"Golden Idol":4,"Nilry\u0027s Codex":10,"Thread and Needle":13,"Smiling Mask":11,"MawBank":20,"Anchor":14,"Strawberry":4,"Bloody Idol":10,"Fusion Hammer":8,"Art of War":12,"Ring of the Serpent":15,"InkBottle":19,"Ring of the Snake":0,"Meat on the Bone":7},{"TwistedFunnel":44,"Potion Belt":107,"Singing Bowl":121,"Golden Idol":17,"Nilry\u0027s Codex":47,"Thread and Needle":66,"Smiling Mask":54,"MawBank":107,"Anchor":71,"Strawberry":17,"Bloody Idol":47,"Fusion Hammer":40,"Art of War":60,"Ring of the Serpent":79,"InkBottle":103,"Ring of the Snake":0,"Meat on the Bone":32}],"InkBottle":[11],"Meat on the Bone":48},"card_choices":[{"not_picked":["Panache","The Bomb"],"picked":"Apotheosis","floor":0.0},{"not_picked":["Dagger Throw","Outmaneuver"],"picked":"Deadly Poison","floor":1.0},{"not_picked":["Riddle With Holes","Outmaneuver"],"picked":"Calculated Gamble","floor":2.0},{"not_picked":["Quick Slash","Caltrops","Calculated Gamble"],"picked":"SKIP","floor":5.0},{"not_picked":["Dash","Distraction"],"picked":"PiercingWail","floor":6.0},{"not_picked":["Quick Slash","Dagger Throw"],"picked":"Dagger Spray","floor":12.0},{"not_picked":["Choke","Night Terror","Quick Slash"],"picked":"SKIP","floor":13.0},{"not_picked":["Caltrops","Sucker Punch","Dagger Spray"],"picked":"SKIP","floor":14.0},{"not_picked":["Die Die Die","Unload"],"picked":"Burst","floor":16.0},{"not_picked":["Poisoned Stab","PiercingWail+1","Deflect"],"picked":"SKIP","floor":18.0},{"not_picked":["Cloak And Dagger","Flying Knee"],"picked":"Tactician","floor":20.0},{"not_picked":["PiercingWail+1","Night Terror","Dodge and Roll"],"picked":"SKIP","floor":24.0},{"not_picked":["Quick Slash+1","Sucker Punch","Outmaneuver"],"picked":"SKIP","floor":25.0},{"not_picked":["Blade Dance","Dodge and Roll","PiercingWail"],"picked":"SKIP","floor":28.0},{"not_picked":["Quick Slash","Outmaneuver","Dash"],"picked":"SKIP","floor":31.0},{"not_picked":["Quick Slash","Reflex"],"picked":"Crippling Poison","floor":35.0},{"not_picked":["Masterful Stab","Quick Slash"],"picked":"Eviscerate","floor":36.0},{"not_picked":["Flechettes","Escape Plan"],"picked":"Footwork","floor":38},{"not_picked":["Bouncing Flask","Bane+1"],"picked":"Calculated Gamble+1","floor":40},{"not_picked":["Flying Knee+1","Poisoned Stab","Dagger Throw"],"picked":"SKIP","floor":42},{"not_picked":["Bane","Poisoned Stab"],"picked":"Prepared","floor":45},{"not_picked":["Distraction","Riddle With Holes+1"],"picked":"Flechettes+1","floor":47}],"player_experience":590832,"relics_obtained":[{"floor":9.0,"key":"Strawberry"},{"floor":14.0,"key":"Meat on the Bone"},{"floor":21.0,"key":"Nilry\u0027s Codex"},{"floor":24.0,"key":"Smiling Mask"},{"floor":26.0,"key":"Art of War"},{"floor":28.0,"key":"Thread and Needle"},{"floor":31.0,"key":"Anchor"},{"floor":40,"key":"InkBottle"},{"floor":42,"key":"Potion Belt"},{"floor":43,"key":"MawBank"},{"floor":47,"key":"Singing Bowl"}],"event_choices":[{"damage_healed":0.0,"max_hp_gain":0.0,"max_hp_loss":0.0,"gold_gain":0.0,"cards_transformed":["Strike_G"],"event_name":"Living Wall","player_choice":"Change","floor":3.0,"gold_loss":0.0,"damage_taken":0.0,"cards_obtained":["Poisoned Stab"]},{"damage_healed":0.0,"max_hp_gain":0.0,"max_hp_loss":0.0,"gold_gain":75.0,"event_name":"World of Goop","player_choice":"Gather Gold","floor":4.0,"gold_loss":0.0,"damage_taken":11.0},{"damage_healed":0.0,"max_hp_gain":0.0,"max_hp_loss":6.0,"gold_gain":0.0,"event_name":"Golden Idol","player_choice":"Lose Max HP","floor":7.0,"gold_loss":0.0,"damage_taken":0.0,"relics_obtained":["Golden Idol"]},{"damage_healed":0.0,"max_hp_gain":0.0,"max_hp_loss":0.0,"gold_gain":0.0,"event_name":"Shining Light","player_choice":"Ignored","floor":10.0,"gold_loss":0.0,"damage_taken":0.0},{"damage_healed":0.0,"max_hp_gain":0.0,"max_hp_loss":0.0,"gold_gain":0.0,"event_name":"Cursed Tome","player_choice":"Obtained Book","floor":21.0,"gold_loss":0.0,"damage_taken":21.0},{"damage_healed":0.0,"max_hp_gain":0.0,"max_hp_loss":0.0,"gold_gain":0.0,"event_name":"Forgotten Altar","player_choice":"Gave Idol","floor":22.0,"relics_lost":["Golden Idol"],"gold_loss":0.0,"damage_taken":0.0,"relics_obtained":["Bloody Idol"]},{"damage_healed":0.0,"max_hp_gain":0.0,"max_hp_loss":0.0,"gold_gain":0.0,"event_name":"Duplicator","player_choice":"Copied","floor":37.0,"gold_loss":0.0,"damage_taken":0.0,"cards_obtained":["Calculated Gamble"]},{"damage_healed":0,"gold_gain":0,"player_choice":"Max HP","damage_taken":0,"max_hp_gain":0,"max_hp_loss":3,"event_name":"Winding Halls","floor":46,"gold_loss":0}],"is_beta":false,"boss_relics":[{"not_picked":["Black Star","Philosopher\u0027s Stone"],"picked":"Fusion Hammer"},{"not_picked":["Velvet Choker","Sozu"],"picked":"Ring of the Serpent"}],"items_purged_floors":[27,29,39,48],"is_endless":false,"potions_floor_spawned":[1,12,14,24,25,35,36,38,47],"killed_by":"Time Eater","ascension_level":20}}