{"host":"1mv6gj0zv8k9e9tz","time":1611555324,"event":{"mods":["AchievementEnabler","BaseMod","Better Third Choice","Colored Map","KOR Keyword Fix","Minty Spire (QoL Compilation)","Permanent Neow","Rare Cards Sparkle","StSLib"],"gold_per_floor":[111,111,122,141,66,66,84,84,134,150,168,168,168,183,183,262,262,273,273,286,336,353,278,278,295,322,335,335,335],"floor_reached":28,"language":"KOR","playtime":931,"items_purged":["Storm of Steel+1"],"score":428,"play_id":"82d88140-19eb-484a-8631-976c529a94c1","local_time":"20210125151524","is_ascension_mode":true,"campfire_choices":[{"data":"Deadly Poison","floor":6.0,"key":"SMITH"},{"data":"Deadly Poison","floor":8.0,"key":"SMITH"},{"data":"Noxious Fumes","floor":12.0,"key":"SMITH"},{"data":"Bouncing Flask","floor":15.0,"key":"SMITH"},{"data":"Neutralize","floor":24.0,"key":"SMITH"}],"circlet_count":0,"master_deck":["AscendersBane","Defend_G","Defend_G","Defend_G","Defend_G","Survivor","Neutralize+1","Deadly Poison+1","Blur","Deadly Poison+1","Noxious Fumes+1","Backflip","Bouncing Flask+1","Crippling Poison+1","Catalyst+1","Dodge and Roll","Deflect","Escape Plan"],"relics":["Ring of the Snake","Tiny Chest","Astrolabe","MutagenicStrength"],"acts_visited":["Exordium","TheCity"],"potions_floor_usage":[],"damage_taken":[{"damage":1.0,"enemies":"2 Louse","floor":1.0,"turns":4.0},{"damage":3.0,"enemies":"Small Slimes","floor":3.0,"turns":5.0},{"damage":1.0,"enemies":"Jaw Worm","floor":4.0,"turns":5.0},{"damage":4.0,"enemies":"Large Slime","floor":7.0,"turns":6.0},{"damage":0.0,"enemies":"Blue Slaver","floor":10.0,"turns":3.0},{"damage":1.0,"enemies":"Looter","floor":11.0,"turns":4.0},{"damage":0.0,"enemies":"3 Louse","floor":14.0,"turns":3.0},{"damage":9.0,"enemies":"Hexaghost","floor":16.0,"turns":7.0},{"damage":0.0,"enemies":"Spheric Guardian","floor":18.0,"turns":2.0},{"damage":2.0,"enemies":"3 Byrds","floor":20.0,"turns":3.0},{"damage":7.0,"enemies":"Snecko","floor":22.0,"turns":4.0},{"damage":47.0,"enemies":"Cultist and Chosen","floor":25.0,"turns":6.0},{"damage":0.0,"enemies":"Sentry and Sphere","floor":27.0,"turns":5.0},{"damage":16,"enemies":"Snecko","floor":28,"turns":3}],"seed_played":"-8870872978778254767","potions_obtained":[{"floor":10.0,"key":"Fire Potion"},{"floor":11.0,"key":"DistilledChaos"},{"floor":18.0,"key":"Energy Potion"},{"floor":22.0,"key":"Swift Potion"}],"is_trial":false,"path_per_floor":["M","?","M","M","?","R","M","R","T","M","M","R","?","M","R","B",null,"M","?","M","?","M","$","R","M","T","M","M"],"character_chosen":"THE_SILENT","items_purchased":[],"campfire_rested":0,"item_purchase_floors":[],"current_hp_per_floor":[55,48,45,44,44,44,40,40,40,40,39,39,39,39,39,30,66,66,66,64,64,57,57,57,10,10,10,0,0],"gold":335,"neow_bonus":"TWENTY_PERCENT_HP_BONUS","is_daily":false,"chose_seed":false,"campfire_upgraded":5,"win_rate":0.0,"timestamp":1611555324,"path_taken":["M","?","M","M","?","R","M","R","T","M","M","R","?","M","R","BOSS","M","?","M","?","M","$","R","M","T","M","M"],"items_purchased_type":[],"build_version":"2020-12-22","purchased_purges":1,"victory":false,"max_hp_per_floor":[78,78,78,78,78,78,78,78,78,78,78,78,78,78,78,78,78,78,78,78,78,78,78,78,78,78,78,78,78],"card_choices":[{"not_picked":["Prepared","Underhanded Strike"],"picked":"Deadly Poison","floor":1.0},{"not_picked":["Blade Dance","Slice"],"picked":"Blur","floor":3.0},{"not_picked":["Setup","Tactician"],"picked":"Deadly Poison","floor":4.0},{"not_picked":["Accuracy","Prepared","Poisoned Stab"],"picked":"SKIP","floor":7.0},{"not_picked":["Leg Sweep","Blade Dance"],"picked":"Noxious Fumes","floor":10.0},{"not_picked":["Masterful Stab","Heel Hook"],"picked":"Backflip","floor":11.0},{"not_picked":["Cloak And Dagger","Bane","Heel Hook"],"picked":"SKIP","floor":14.0},{"not_picked":["Masterful Stab","Sucker Punch","Poisoned Stab"],"picked":"SKIP","floor":18.0},{"not_picked":["Noxious Fumes","Reflex"],"picked":"Dodge and Roll","floor":20.0},{"not_picked":["Setup","Bane"],"picked":"Deflect","floor":22.0},{"not_picked":["Underhanded Strike","Sucker Punch","Cloak And Dagger"],"picked":"SKIP","floor":25.0},{"not_picked":["Sucker Punch","Slice"],"picked":"Escape Plan","floor":27.0}],"player_experience":563359,"relics_obtained":[{"floor":9.0,"key":"Tiny Chest"}],"event_choices":[{"cards_removed":["Strike_G"],"damage_healed":0.0,"max_hp_gain":0.0,"max_hp_loss":0.0,"gold_gain":0.0,"event_name":"Golden Wing","player_choice":"Card Removal","floor":2.0,"gold_loss":0.0,"damage_taken":7.0},{"cards_removed":["Defend_G"],"damage_healed":0.0,"max_hp_gain":0.0,"max_hp_loss":0.0,"gold_gain":0.0,"event_name":"The Cleric","player_choice":"Card Removal","floor":5.0,"gold_loss":75.0,"damage_taken":0.0},{"damage_healed":0.0,"max_hp_gain":0.0,"max_hp_loss":0.0,"gold_gain":0.0,"cards_transformed":["Strike_G"],"event_name":"Living Wall","player_choice":"Change","floor":13.0,"gold_loss":0.0,"damage_taken":0.0,"cards_obtained":["Bouncing Flask"]},{"damage_healed":0.0,"max_hp_gain":0.0,"max_hp_loss":0.0,"gold_gain":0.0,"event_name":"Drug Dealer","player_choice":"Inject Mutagens","floor":19.0,"gold_loss":0.0,"damage_taken":0.0,"relics_obtained":["MutagenicStrength"]},{"damage_healed":0.0,"max_hp_gain":0.0,"max_hp_loss":0.0,"gold_gain":50.0,"event_name":"betterThird:BetterNest","player_choice":"Steal","floor":21.0,"gold_loss":0.0,"damage_taken":0.0}],"is_beta":false,"boss_relics":[{"not_picked":["Calling Bell","Black Star"],"picked":"Astrolabe"}],"items_purged_floors":[23],"is_endless":false,"potions_floor_spawned":[10,11,18,22],"killed_by":"Snecko","ascension_level":20}}