{"host":"t4jsb5tuksjmo64s","time":1611611979,"event":{"mods":["AchievementEnabler","BaseMod","Block Reminder","Colored Map","Colored Powertips","Dark Map","Highlight Path","Minty Spire (QoL Compilation)","Quick Restart","Random Character Button","Rare Cards Sparkle","Relic Stats"],"gold_per_floor":[362,375,375,389,25,52,71,90,117,129,29,29,29],"floor_reached":12,"language":"ENG","playtime":713,"items_purged":["Strike_R","Defend_R"],"score":86,"play_id":"c79cbd30-8eec-4784-ae03-d3b58233b482","local_time":"20210125165939","is_ascension_mode":true,"campfire_choices":[],"circlet_count":0,"master_deck":["Strike_R","Strike_R","Strike_R","Strike_R","Defend_R","Defend_R","Defend_R","Bash","Barricade","Perfected Strike","Rage","Spot Weakness"],"relics":["Burning Blood","Bronze Scales","Ancient Tea Set","Lantern"],"acts_visited":["Exordium"],"potions_floor_usage":[6,6,8],"damage_taken":[{"damage":7,"enemies":"Small Slimes","floor":1,"turns":4},{"damage":11,"enemies":"Cultist","floor":2,"turns":5},{"damage":13,"enemies":"Jaw Worm","floor":4,"turns":3},{"damage":38,"enemies":"Gremlin Nob","floor":6,"turns":4},{"damage":6,"enemies":"Exordium Wildlife","floor":7,"turns":4},{"damage":5,"enemies":"Lots of Slimes","floor":8,"turns":4},{"damage":13,"enemies":"2 Fungi Beasts","floor":10,"turns":4},{"damage":38,"enemies":"Lagavulin","floor":12,"turns":8}],"seed_played":"-3988134097969362893","potions_obtained":[{"floor":2,"key":"SkillPotion"},{"floor":4,"key":"Fire Potion"},{"floor":7,"key":"AttackPotion"}],"is_trial":false,"path_per_floor":["M","M","?","M","$","E","M","M","T","M","$","E"],"character_chosen":"IRONCLAD","items_purchased":["Barricade","Bronze Scales"],"campfire_rested":0,"item_purchase_floors":[5,5],"current_hp_per_floor":[79,74,74,67,67,35,35,36,36,29,29,0,0],"gold":29,"neow_bonus":"TWO_FIFTY_GOLD","is_daily":false,"chose_seed":false,"campfire_upgraded":0,"win_rate":0.0,"timestamp":1611611979,"path_taken":["M","M","?","?","$","E","M","M","T","M","?","E"],"items_purchased_type":["Card","Relic"],"build_version":"2020-12-22","purchased_purges":2,"victory":false,"max_hp_per_floor":[80,80,77,77,77,77,77,77,77,77,77,77,77],"relic_stats":{"counters":[8,36],"Bronze Scales":[42],"obtain_stats":[{"Lantern":9,"Bronze Scales":5,"Ancient Tea Set":6,"Burning Blood":0},{"Lantern":6,"Bronze Scales":3,"Ancient Tea Set":4,"Burning Blood":0},{"Lantern":24,"Bronze Scales":12,"Ancient Tea Set":16,"Burning Blood":0}],"Burning Blood":42},"card_choices":[{"not_picked":["Uppercut","Infernal Blade","Reckless Charge"],"picked":"SKIP","floor":1},{"not_picked":["Iron Wave","True Grit","Shrug It Off"],"picked":"SKIP","floor":2},{"not_picked":["Twin Strike","Battle Trance","Pommel Strike"],"picked":"SKIP","floor":4},{"not_picked":["Headbutt","Immolate"],"picked":"Perfected Strike","floor":6},{"not_picked":["Body Slam","True Grit"],"picked":"Rage","floor":7},{"not_picked":["Pommel Strike","Searing Blow","True Grit"],"picked":"SKIP","floor":8},{"not_picked":["Wild Strike","Clothesline"],"picked":"Spot Weakness","floor":10}],"player_experience":265466,"relics_obtained":[{"floor":6,"key":"Ancient Tea Set"},{"floor":9,"key":"Lantern"}],"event_choices":[{"cards_removed":["Parasite"],"damage_healed":0,"gold_gain":0,"player_choice":"Removed Curses","damage_taken":0,"max_hp_gain":0,"max_hp_loss":0,"event_name":"Fountain of Cleansing","floor":3,"gold_loss":0}],"is_beta":false,"boss_relics":[],"items_purged_floors":[5,11],"is_endless":false,"potions_floor_spawned":[2,4,7],"killed_by":"Lagavulin","ascension_level":1}}