{"host":"bf9sa99gaumonoeu","time":1611594573,"event":{"mods":["AchievementEnabler","Act Like it!","Aspiration","BaseMod","Bestiary","Better Note","Block Reminder","Colored Map","Colored Powertips","Downfall","Friendly Minions","Gensokyo","GifTheSpireLib","Hallownest","Hermit","Highlight Path","Jorbs\u0027s Wanderer Trilogy","KinomotoSakuraMod(????)","Koishi","Marisa????????","Minty Spire (QoL Compilation)","Rare Cards Sparkle","Relic Filter Mod","Relic Stats","Reliquary","Remilia??????","Spire Arcade","StSLib","The Administrix","The Animator","The Bug Knight","The Construct","The Cursed","The Hierophant","The Mystic","The Necromancer","The Poker Player","The Runesmith","The Senshi","The Servant 0.9.4","ojb\u0027s Info Mod"],"gold_per_floor":[119,142,57,82,101,101,139,139,185,185,185,110,144,170,170,253,253,273,296,296,67,94,94,122,141,141,183,183,1,37,56,56,139,139,156,176,86,99,39,39,58,84,84,113,123,123,47,78,78,78,78,78,78,11,36,36,36],"floor_reached":56,"language":"ENG","playtime":5187,"items_purged":["Strike_G","Strike_G","Strike_G","Corpse Explosion"],"score":2014,"play_id":"bfb1a96b-d34d-4d57-a0ac-676fdfad16c4","local_time":"20210125150933","is_ascension_mode":true,"campfire_choices":[{"data":"Burst","floor":6.0,"key":"SMITH"},{"floor":11.0,"key":"REST"},{"data":"Noxious Fumes","floor":15.0,"key":"SMITH"},{"data":"Catalyst","floor":23.0,"key":"SMITH"},{"floor":28.0,"key":"REST"},{"data":"Night Terror","floor":32.0,"key":"SMITH"},{"floor":40,"key":"RECALL"},{"floor":46,"key":"REST"},{"floor":49,"key":"REST"},{"data":"Acrobatics","floor":53,"key":"SMITH"}],"circlet_count":0,"master_deck":["AscendersBane","Defend_G","Defend_G","Defend_G","Defend_G","Defend_G+1","Survivor","Neutralize","Blade Dance","PiercingWail","Deadly Poison","Accuracy","Bouncing Flask+1","Burst+1","Noxious Fumes+1","Night Terror+1","Wraith Form v2+1","Misdirection","Blade Dance+1","Catalyst+1","Accuracy","Backflip","Blade Dance+1","Acrobatics","Concentrate+1","Backflip","FastForward","PiercingWail","Foresight","Acrobatics+1","Hallownest:skillKingdomsEdgeMap"],"relics":["Ring of the Snake","CeramicFish","Singing Bowl","Hallownest:DreamNailRelic","War Paint","Hallownest:BankAccountRelic","Centennial Puzzle","aspiration:ServantSkillbook","Oddly Smooth Stone","Smiling Mask","Lee\u0027s Waffle","reliquary:BoilingFlask","reliquary:RedCape","Unceasing Top","Lantern","Ninja Scroll","Eternal Feather"],"acts_visited":["Hallownest:Greenpath","TheCity","Hallownest:KingdomsEdge","TheEnding"],"potions_floor_usage":[51,51,56],"damage_taken":[{"damage":17.0,"enemies":"Hallownest:2_Tiktiks_and_1_Crawlid","floor":1.0,"turns":7.0},{"damage":0.0,"enemies":"Hallownest:2_Baldur","floor":2.0,"turns":3.0},{"damage":0.0,"enemies":"Hallownest:2_MossCreeps","floor":4.0,"turns":5.0},{"damage":0.0,"enemies":"Hallownest:monsterFoolEater","floor":5.0,"turns":4.0},{"damage":15.0,"enemies":"Hallownest:eliteVengeflyKing","floor":7.0,"turns":12.0},{"damage":1.0,"enemies":"Hallownest:eliteCrystalGuardian","floor":13.0,"turns":6.0},{"damage":1.0,"enemies":"Hallownest:Wandering_and_Horned","floor":14.0,"turns":4.0},{"damage":38.0,"enemies":"Hallownest:BossFalseKnight","floor":16.0,"turns":8.0},{"damage":18.0,"enemies":"Chosen","floor":18.0,"turns":4.0},{"damage":0.0,"enemies":"Shell Parasite","floor":19.0,"turns":7.0},{"damage":0.0,"enemies":"Cultist and Chosen","floor":22.0,"turns":7.0},{"damage":13.0,"enemies":"Snecko","floor":24.0,"turns":3.0},{"damage":2.0,"enemies":"3 Cultists","floor":25.0,"turns":7.0},{"damage":5.0,"enemies":"Book of Stabbing","floor":27.0,"turns":4.0},{"damage":21.0,"enemies":"Gremlin Leader","floor":30.0,"turns":6.0},{"damage":0.0,"enemies":"Cultist and Chosen","floor":31.0,"turns":4.0},{"damage":2.0,"enemies":"Champ","floor":33.0,"turns":8.0},{"damage":0.0,"enemies":"Hallownest:Shield_Heavy","floor":35.0,"turns":3.0},{"damage":4.0,"enemies":"Hallownest:3_Siblings","floor":36.0,"turns":4.0},{"damage":4.0,"enemies":"Hallownest:Xero_Hu_Marmu","floor":38.0,"turns":5.0},{"damage":7,"enemies":"Hallownest:2_Great","floor":41,"turns":6},{"damage":26,"enemies":"Hallownest:eliteHiveKnight","floor":42,"turns":5},{"damage":2,"enemies":"Hallownest:eliteCollector","floor":44,"turns":7},{"damage":0,"enemies":"Hallownest:2_Wing_and_1_Kings","floor":45,"turns":5},{"damage":36,"enemies":"Hallownest:eliteHiveKnight","floor":48,"turns":7},{"damage":12,"enemies":"Hallownest:BossHollowKnight","floor":50,"turns":10},{"damage":0,"enemies":"Hallownest:Radiance","floor":51,"turns":6},{"damage":18,"enemies":"Shield and Spear","floor":55,"turns":8},{"damage":70,"enemies":"The Heart","floor":56,"turns":8}],"seed_played":"7351808087008651768","potions_obtained":[{"floor":4.0,"key":"Swift Potion"},{"floor":7.0,"key":"EssenceOfSteel"},{"floor":14.0,"key":"SkillPotion"},{"floor":18.0,"key":"SpeedPotion"},{"floor":24.0,"key":"Ancient Potion"},{"floor":25.0,"key":"CunningPotion"},{"floor":33.0,"key":"DuplicationPotion"},{"floor":35.0,"key":"ColorlessPotion"},{"floor":41,"key":"Poison Potion"}],"is_trial":false,"path_per_floor":["M","M","$","M","M","R","E","?","T","?","R","?","E","M","R","B",null,"M","M","?","$","M","R","M","M","T","E","R","$","E","M","R","B",null,"M","M","$","M","?","R","M","E","T","E","M","R","?","E","R","B","B",null,"R","$","E","B"],"character_chosen":"THE_SILENT","items_purchased":["Deadly Poison","Accuracy","Catalyst","Accuracy","Backflip","PowerPotion","Lee\u0027s Waffle","Foresight","Dexterity Potion"],"campfire_rested":4,"item_purchase_floors":[3,3,21,21,21,21,29,37,54],"current_hp_per_floor":[42,42,42,42,42,42,27,27,27,27,46,46,47,46,46,8,53,35,35,35,35,35,35,22,22,22,17,38,77,56,56,56,54,71,73,69,69,67,74,74,67,43,43,43,45,73,73,39,67,55,55,86,86,86,70,0,0],"gold":36,"neow_bonus":"RANDOM_COMMON_RELIC","is_daily":false,"chose_seed":false,"campfire_upgraded":5,"win_rate":0.0,"timestamp":1611594573,"path_taken":["M","M","$","M","M","R","E","?","T","?","R","?","E","?","R","BOSS","M","?","?","$","M","R","M","M","T","E","R","?","E","?","R","BOSS","M","M","$","M","?","R","?","E","T","E","M","R","?","E","R","BOSS","BOSS","R","$","E","BOSS"],"items_purchased_type":["Card","Card","Card","Card","Card","Potion","Relic","Card","Potion"],"build_version":"2020-12-22","purchased_purges":4,"victory":false,"max_hp_per_floor":[66,66,66,66,66,66,66,66,66,66,66,66,68,68,68,68,68,68,68,68,68,68,68,68,70,70,70,70,77,77,77,77,77,77,79,79,79,81,88,88,88,90,90,92,94,94,94,96,96,96,96,96,96,96,98,98,98],"relic_stats":{"Centennial Puzzle":[51],"Lee\u0027s Waffle":39,"Singing Bowl":18,"counters":[29,173],"CeramicFish":216,"Eternal Feather":0,"War Paint":["Defend_G","Bouncing Flask"],"Smiling Mask":225,"obtain_stats":[{"Lee\u0027s Waffle":29,"Lantern":44,"Singing Bowl":7,"CeramicFish":0,"reliquary:BoilingFlask":30,"Oddly Smooth Stone":26,"Eternal Feather":55,"Hallownest:DreamNailRelic":8,"War Paint":9,"reliquary:RedCape":34,"Smiling Mask":27,"Centennial Puzzle":13,"Hallownest:BankAccountRelic":12,"Ninja Scroll":48,"aspiration:ServantSkillbook":17,"Unceasing Top":42,"Ring of the Snake":0},{"Lee\u0027s Waffle":14,"Lantern":23,"Singing Bowl":5,"CeramicFish":0,"reliquary:BoilingFlask":15,"Oddly Smooth Stone":13,"Eternal Feather":28,"Hallownest:DreamNailRelic":5,"War Paint":5,"reliquary:RedCape":17,"Smiling Mask":14,"Centennial Puzzle":6,"Hallownest:BankAccountRelic":5,"Ninja Scroll":25,"aspiration:ServantSkillbook":8,"Unceasing Top":22,"Ring of the Snake":0},{"Lee\u0027s Waffle":81,"Lantern":129,"Singing Bowl":31,"CeramicFish":0,"reliquary:BoilingFlask":87,"Oddly Smooth Stone":77,"Eternal Feather":165,"Hallownest:DreamNailRelic":31,"War Paint":31,"reliquary:RedCape":99,"Smiling Mask":81,"Centennial Puzzle":37,"Hallownest:BankAccountRelic":31,"Ninja Scroll":141,"aspiration:ServantSkillbook":49,"Unceasing Top":122,"Ring of the Snake":0}],"Unceasing Top":[14],"Ring of the Snake":[56]},"card_choices":[{"not_picked":["Tactician","Outmaneuver"],"picked":"Blade Dance","floor":1.0},{"not_picked":["Outmaneuver","Dagger Throw"],"picked":"PiercingWail","floor":2.0},{"not_picked":["Acrobatics","PiercingWail"],"picked":"Bouncing Flask","floor":4.0},{"not_picked":["Dagger Spray","Endless Agony"],"picked":"Burst","floor":5.0},{"not_picked":["Acrobatics","Dagger Spray"],"picked":"Noxious Fumes","floor":7.0},{"not_picked":["Prepared","Poisoned Stab","Flying Knee"],"picked":"Singing Bowl","floor":13.0},{"not_picked":["Dodge and Roll","Bane"],"picked":"Night Terror","floor":14.0},{"not_picked":["Die Die Die","Phantasmal Killer"],"picked":"Wraith Form v2","floor":16.0},{"not_picked":["Dash","DancingSilver","Reset"],"picked":"Misdirection","floor":18.0},{"not_picked":["Alleviate","Setup","Rearm"],"picked":"Blade Dance+1","floor":19.0},{"not_picked":["Quick Slash+1","Bane","Hightail"],"picked":"Blade Dance+1","floor":22.0},{"not_picked":["Blade Dance","Spin","Grand Finale"],"picked":"Acrobatics","floor":24.0},{"not_picked":["ShatteredReality","Desolation","Well Laid Plans","Revamp"],"picked":"Singing Bowl","floor":25.0},{"not_picked":["Collapse","Choke","ShatteredReality"],"picked":"Concentrate+1","floor":27.0},{"not_picked":["Rewind+1","Moonlight+1","MoonPhase"],"picked":"Backflip","floor":30.0},{"not_picked":["Alleviate","Blade Dance+1","Deflect"],"picked":"FastForward","floor":31.0},{"not_picked":["Die Die Die","Malaise","Envenom"],"picked":"Corpse Explosion","floor":33.0},{"not_picked":["StarChef+1","Spin","ShatteredReality","Replace"],"picked":"Singing Bowl","floor":35.0},{"not_picked":["Prepared","Dodge and Roll","Deadly Poison"],"picked":"PiercingWail","floor":36.0},{"not_picked":["Poisoned Stab","Phantasmal Killer","Quick Slash+1","Defy"],"picked":"Singing Bowl","floor":38.0},{"not_picked":["Outmaneuver","Noxious Fumes","SurpressingFire"],"picked":"Acrobatics","floor":41},{"not_picked":["FanOfKnives","Dagger Throw","Revamp","Rewind+1"],"picked":"Singing Bowl","floor":42},{"not_picked":["Cloak And Dagger","Unruled+1","Reset","Prepared"],"picked":"Singing Bowl","floor":44},{"not_picked":["Luminosity","Unruled","Starlight","Rearm+1"],"picked":"Singing Bowl","floor":45},{"not_picked":["SilverBlades","Deflect","FanOfKnives","FastForward"],"picked":"Singing Bowl","floor":48},{"not_picked":["Unruled","Tactician","Sunlight","Revamp+1"],"picked":"Singing Bowl","floor":55}],"player_experience":1234710,"relics_obtained":[{"floor":7.0,"key":"Singing Bowl"},{"floor":9.0,"key":"War Paint"},{"floor":13.0,"key":"Centennial Puzzle"},{"floor":26.0,"key":"Oddly Smooth Stone"},{"floor":27.0,"key":"Smiling Mask"},{"floor":30.0,"key":"reliquary:BoilingFlask"},{"floor":42,"key":"Unceasing Top"},{"floor":44,"key":"Lantern"},{"floor":48,"key":"Ninja Scroll"},{"floor":55,"key":"Eternal Feather"}],"event_choices":[{"damage_healed":0.0,"max_hp_gain":0.0,"max_hp_loss":0.0,"gold_gain":0.0,"event_name":"Upgrade Shrine","player_choice":"Upgraded","floor":20.0,"gold_loss":0.0,"damage_taken":0.0,"cards_upgraded":["Wraith Form v2"]}],"is_beta":false,"boss_relics":[{"not_picked":["SacredBark","construct:ClawGrip"],"picked":"aspiration:ServantSkillbook"},{"not_picked":["SlaversCollar","WristBlade"],"picked":"reliquary:RedCape"}],"items_purged_floors":[21,29,37,54],"is_endless":false,"potions_floor_spawned":[4,7,14,18,24,25,33,35,41,44,48],"killed_by":"The Heart","ascension_level":20}}