{"host":"d61fcf2p3sjwe6yo","time":1611602165,"event":{"mods":["AchievementEnabler","BaseMod","Colored Map","Downfall","Minty Spire (QoL Compilation)","StSLib","SuperFastMode"],"gold_per_floor":[99,119,133,145,145,45,68,80,114,114,146,156,183,183,197,272,272,172,192,192,211,221,235,235,64,64,76,111,131,150,175,193,272,272,272,288,308,308,321,356,406,431,277,293,325,339,239,239,253,253,253,279,111,111,111,111],"floor_reached":57,"language":"ENG","playtime":3464,"items_purged":[],"score":2243,"play_id":"aef5f994-7c4b-4824-901c-61a67accc7ea","local_time":"20210125221605","is_ascension_mode":true,"campfire_choices":[{"floor":1.0,"key":"RECALL"},{"data":"Guardian:MultiBeam","floor":6.0,"key":"SMITH"},{"data":"Guardian:TwinSlam","floor":10.0,"key":"SMITH"},{"data":"Guardian:FloatingOrbs","floor":18.0,"key":"SMITH"},{"data":"Guardian:TemporalShield","floor":26,"key":"SMITH"},{"data":"Guardian:StasisEngine","floor":35,"key":"SMITH"},{"floor":47,"key":"REST"},{"floor":54,"key":"REST"}],"circlet_count":0,"master_deck":["AscendersBane","Guardian:Strike_Guardian","Guardian:Strike_Guardian","Guardian:Strike_Guardian","Guardian:Strike_Guardian","Guardian:Defend_Guardian","Guardian:Defend_Guardian+1","Guardian:Defend_Guardian","Guardian:Defend_Guardian","Guardian:CurlUp","Guardian:TwinSlam+1","Guardian:RollAttack","Guardian:FloatingOrbs+1","Guardian:MultiBeam+1","Guardian:StasisEngine+1","Guardian:SentryBeam","Guardian:TemporalShield+1","Guardian:SentryBeam","Guardian:ExploitGems+1","Guardian:BronzeOrb","Guardian:TemporalShield+1","Guardian:EvasiveProtocol","Guardian:StasisField","Guardian:FloatingOrbs","Guardian:FloatingOrbs+1","Guardian:SpikerProtocol+1","Guardian:PiercingHide","expansioncontent:PrepareCrush","expansioncontent:LastStand+1","expansioncontent:QuickStudy","Guardian:Gem_Red"],"relics":["Guardian:ModeShifter","Bag of Preparation","Slimebound:PreparedRelic","downfall:HeartBlessingRed","Nunchaku","Orichalcum","Matryoshka","Letter Opener","sneckomod:SneckoTalon","downfall:HeartBlessingGreen","bronze:BronzeIdol","HornCleat","Guardian:PocketSentry","Dream Catcher","Art of War","Sozu","Frozen Egg 2","War Paint","Gambling Chip","ClockworkSouvenir","InkBottle","PreservedInsect","downfall:HeartBlessingBlue","Eternal Feather"],"acts_visited":["Exordium","TheCity","TheBeyond","TheEnding"],"potions_floor_usage":[25],"damage_taken":[{"damage":7.0,"enemies":"2 Louse","floor":2.0,"turns":3.0},{"damage":0.0,"enemies":"Cultist","floor":3.0,"turns":4.0},{"damage":2.0,"enemies":"Jaw Worm","floor":4.0,"turns":3.0},{"damage":6.0,"enemies":"Exordium Thugs","floor":8.0,"turns":5.0},{"damage":17.0,"enemies":"Gremlin Nob","floor":9.0,"turns":4.0},{"damage":4.0,"enemies":"3 Sentries","floor":11.0,"turns":3.0},{"damage":3.0,"enemies":"3 Louse","floor":12.0,"turns":2.0},{"damage":0.0,"enemies":"Gremlin Nob","floor":13.0,"turns":2.0},{"damage":0.0,"enemies":"Gremlin Gang","floor":15.0,"turns":1.0},{"damage":2.0,"enemies":"IC_STATUS_ARCHETYPE","floor":16.0,"turns":7.0},{"damage":0.0,"enemies":"3 Byrds","floor":19.0,"turns":2.0},{"damage":0.0,"enemies":"Chosen","floor":21.0,"turns":3.0},{"damage":7.0,"enemies":"Snecko","floor":22.0,"turns":4.0},{"damage":2.0,"enemies":"Centurion and Healer","floor":23.0,"turns":5.0},{"damage":0,"enemies":"downfall:FleeingMerchant","floor":25,"turns":4},{"damage":0,"enemies":"Shelled Parasite and Fungi","floor":27,"turns":2},{"damage":0,"enemies":"Gremlin Leader","floor":28,"turns":5},{"damage":0,"enemies":"Cultist and Chosen","floor":29,"turns":4},{"damage":12,"enemies":"Snake Plant","floor":30,"turns":3},{"damage":0,"enemies":"Slavers","floor":31,"turns":6},{"damage":0,"enemies":"3 Cultists","floor":32,"turns":3},{"damage":12,"enemies":"SI_MIRROR_ARCHETYPE","floor":33,"turns":11},{"damage":0,"enemies":"Orb Walker","floor":36,"turns":2},{"damage":0,"enemies":"3 Shapes","floor":37,"turns":3},{"damage":3,"enemies":"Jaw Worm Horde","floor":39,"turns":3},{"damage":3,"enemies":"Nemesis","floor":40,"turns":7},{"damage":0,"enemies":"Giant Head","floor":42,"turns":7},{"damage":0,"enemies":"downfall:FleeingMerchant","floor":43,"turns":4},{"damage":0,"enemies":"Maw","floor":44,"turns":5},{"damage":0,"enemies":"Reptomancer","floor":45,"turns":4},{"damage":16,"enemies":"Sphere and 2 Shapes","floor":46,"turns":3},{"damage":0,"enemies":"3 Darklings","floor":49,"turns":3},{"damage":19,"enemies":"DF_ARCHETYPE_ORBS","floor":50,"turns":6},{"damage":23,"enemies":"downfall:CharBossMerchant","floor":52,"turns":7},{"damage":0,"enemies":"downfall:NeowBoss","floor":55,"turns":10},{"damage":11,"enemies":"downfall:NeowBossFinal","floor":56,"turns":10}],"seed_played":"7378868250794414704","potions_obtained":[{"floor":2.0,"key":"BlessingOfTheForge"},{"floor":11.0,"key":"Fire Potion"},{"floor":13.0,"key":"DistilledChaos"},{"floor":15.0,"key":"FearPotion"},{"floor":19.0,"key":"Guardian:BlockOnCardUsePotion"},{"floor":29,"key":"bronze:BurnAndBuffPotion"},{"floor":31,"key":"Guardian:DefensiveModePotion"}],"is_trial":false,"path_per_floor":["R","M","M","M","?","R","T","M","E","R","E","M","E","?","M","B",null,"R","M","?","M","M","M","T","$","R","M","E","M","M","E","M","B",null,"R","M","M","?","M","E","T","E","$","M","E","M","R","?","M","B",null,"E","$","R","B","B",null],"character_chosen":"GUARDIAN","items_purchased":["Guardian:PocketSentry","ClockworkSouvenir","InkBottle","Guardian:FloatingOrbs+1","expansioncontent:QuickStudy"],"campfire_rested":2,"item_purchase_floors":[25,43,43,43,53],"current_hp_per_floor":[65,58,58,56,56,56,56,50,33,33,29,26,26,26,26,24,60,60,60,60,60,53,51,51,51,51,51,51,51,39,39,39,27,61,61,61,61,61,58,55,55,55,55,55,55,39,73,63,63,44,73,50,50,82,82,71],"gold":111,"neow_bonus":"RANDOM_COMMON_RELIC","is_daily":false,"chose_seed":false,"campfire_upgraded":5,"win_rate":0.0,"timestamp":1611602165,"path_taken":["R","M","M","M","?","R","T","M","E","R","E","?","E","?","M","BOSS","R","M","?","M","M","M","T","$","R","M","E","M","M","E","M","BOSS","R","M","M","?","M","E","T","E","$","?","E","M","R","?","M","BOSS","E","$","R","BOSS","BOSS"],"items_purchased_type":["Relic","Relic","Relic","Card","Card"],"build_version":"2020-12-22","purchased_purges":0,"victory":true,"max_hp_per_floor":[72,72,72,72,72,72,72,72,72,72,72,72,72,72,72,72,72,72,72,72,72,72,72,72,72,72,72,72,72,72,72,72,72,72,72,72,72,72,72,72,72,72,72,72,72,72,82,82,82,82,82,82,82,82,82,82],"card_choices":[{"not_picked":["Guardian:BronzeArmor","Guardian:ChargeCore"],"picked":"Guardian:RollAttack","floor":2.0},{"not_picked":["Guardian:CrystalBeam","Guardian:PrismaticBarrier"],"picked":"Guardian:FloatingOrbs","floor":3.0},{"not_picked":["Guardian:TemporalShield","Guardian:ChargeCore"],"picked":"Guardian:MultiBeam","floor":4.0},{"not_picked":["Guardian:TemporalShield","Guardian:VentSteam"],"picked":"Guardian:StasisEngine","floor":8.0},{"not_picked":["Guardian:Gem_Lightblue","Guardian:FuturePlans"],"picked":"Guardian:Gem_Fragmented","floor":9.0},{"not_picked":["Guardian:Clone","Guardian:PiercingHide"],"picked":"Guardian:SentryBeam","floor":11.0},{"not_picked":["Guardian:Gem_Green","Guardian:CrystalBeam"],"picked":"Guardian:TemporalShield","floor":12.0},{"not_picked":["Guardian:BronzeOrb","Guardian:Planning"],"picked":"Guardian:Gem_Orange","floor":13.0},{"not_picked":["Guardian:TemporalStrike","Guardian:RollAttack","Guardian:DecasProtection"],"picked":"SKIP","floor":15.0},{"not_picked":["Guardian:GemFinder","Guardian:StasisField"],"picked":"Guardian:ExploitGems","floor":16.0},{"not_picked":["Guardian:TimeBomb","Guardian:PrimingBeam"],"picked":"Guardian:BronzeOrb","floor":19.0},{"not_picked":["Guardian:ChargeCore+1","Guardian:Reroute"],"picked":"Guardian:Gem_Red","floor":21.0},{"not_picked":["Guardian:Preprogram","Guardian:Incinerate","Guardian:Suspension"],"picked":"SKIP","floor":22.0},{"not_picked":["Guardian:ShieldCharger","Guardian:DecasProtection","Guardian:CrystalBeam"],"picked":"SKIP","floor":23.0},{"not_picked":["Guardian:Gem_Orange","Guardian:BronzeOrb"],"picked":"Guardian:TemporalShield","floor":25},{"not_picked":["Guardian:ArmoredProtocol","Guardian:Suspension","Guardian:TemporalStrike"],"picked":"SKIP","floor":27},{"not_picked":["Guardian:WalkerClaw","Guardian:Emergency","Guardian:ChargeCore"],"picked":"SKIP","floor":28},{"not_picked":["Guardian:Preprogram","Guardian:PiercingHide","Guardian:PrimingBeam"],"picked":"SKIP","floor":29},{"not_picked":["Guardian:Gem_Purple","Guardian:Gem_Fragmented"],"picked":"Guardian:Gem_Red","floor":30},{"not_picked":["Guardian:Gem_Green","Guardian:TemporalStrike","Guardian:MultiBeam"],"picked":"SKIP","floor":31},{"not_picked":["Guardian:PolyBeam","Guardian:ShieldCharger"],"picked":"Guardian:EvasiveProtocol","floor":32},{"not_picked":["Guardian:FierceBash","Guardian:HyperBeam_Guardian"],"picked":"Guardian:StasisField","floor":33},{"not_picked":["Guardian:Recover","Guardian:Harden"],"picked":"Guardian:Gem_Cyan","floor":36},{"not_picked":["Guardian:Incinerate","Guardian:CrystalBeam","Guardian:Suspension"],"picked":"SKIP","floor":37},{"not_picked":["Guardian:PolyBeam","Guardian:ChargeCore"],"picked":"Guardian:FloatingOrbs","floor":39},{"not_picked":["Guardian:BaubleBeam","Guardian:PiercingHide+1","Guardian:PrimingBeam+1"],"picked":"SKIP","floor":40},{"not_picked":["Guardian:Orbwalk+1","Guardian:Gem_Lightblue"],"picked":"Guardian:Gem_Synthetic","floor":42},{"not_picked":["Guardian:Gem_Cyan","Guardian:Suspension","Guardian:TemporalStrike+1"],"picked":"SKIP","floor":43},{"not_picked":["Guardian:Clone","Guardian:Emergency","Guardian:CrystalBeam"],"picked":"SKIP","floor":44},{"not_picked":["Guardian:Repulse+1","Guardian:ShieldSpikes"],"picked":"Guardian:Gem_White","floor":45},{"not_picked":["Guardian:ChargeUp+1","Guardian:Gem_Green"],"picked":"Guardian:SpikerProtocol+1","floor":46},{"not_picked":["Guardian:Gem_Green","Guardian:PrimingBeam"],"picked":"Guardian:PiercingHide","floor":47},{"not_picked":["expansioncontent:Hexaburn+1","expansioncontent:PolyBeam"],"picked":"expansioncontent:PrepareCrush","floor":48},{"not_picked":["expansioncontent:PolyBeam","expansioncontent:Hexaburn+1"],"picked":"expansioncontent:LastStand+1","floor":48},{"not_picked":["Guardian:ChargeUp","Guardian:MultiBeam+1","Guardian:TimeCapacitor+1"],"picked":"SKIP","floor":49},{"not_picked":["Guardian:Recover","Guardian:CrystalBeam","Guardian:TimeCapacitor+1"],"picked":"SKIP","floor":52},{"not_picked":["Guardian:Suspension","Guardian:PiercingHide"],"picked":"Guardian:Gem_Red","floor":54}],"player_experience":702908,"relics_obtained":[{"floor":5.0,"key":"Slimebound:PreparedRelic"},{"floor":7.0,"key":"Nunchaku"},{"floor":9.0,"key":"Orichalcum"},{"floor":11.0,"key":"Matryoshka"},{"floor":13.0,"key":"Letter Opener"},{"floor":24.0,"key":"bronze:BronzeIdol"},{"floor":24.0,"key":"HornCleat"},{"floor":28,"key":"Dream Catcher"},{"floor":31,"key":"Art of War"},{"floor":40,"key":"Frozen Egg 2"},{"floor":41,"key":"War Paint"},{"floor":42,"key":"Gambling Chip"},{"floor":45,"key":"PreservedInsect"},{"floor":52,"key":"Eternal Feather"}],"event_choices":[{"damage_healed":0.0,"max_hp_gain":0.0,"max_hp_loss":0.0,"gold_gain":0.0,"event_name":"Wheel of Change","player_choice":"Relic","floor":5.0,"gold_loss":0.0,"damage_taken":0.0}],"is_beta":false,"boss_relics":[{"not_picked":["Runic Dome","Tiny House"],"picked":"sneckomod:SneckoTalon"},{"not_picked":["Velvet Choker","expansioncontent:StudyCardRelic"],"picked":"Sozu"}],"items_purged_floors":[],"is_endless":false,"potions_floor_spawned":[2,11,13,15,19,29,30,31,32,37,42,45,46,49,52],"ascension_level":15}}