{"host":"nz11ypxva4e39b7q","time":1611586407,"event":{"mods":["BaseMod","Better Note","Better Third Choice","Better Vampires","Colored Map","Minty Spire (QoL Compilation)","Quick Restart","StSLib"],"gold_per_floor":[113,123,139,139,150,150,175,250,250,250,266,266,282,316,316,390,390,402,159,172,172,172,198,198,224,248,275,275,285,285,316,316,393,393,407,297,315,326,55,55,55],"floor_reached":40,"language":"ENG","playtime":2788,"items_purged":["Strike_G","Dagger Spray"],"score":973,"play_id":"d56c9dfa-c9ac-46af-8282-fc0f131dddd4","local_time":"20210125155327","is_ascension_mode":true,"campfire_choices":[{"data":"Swift Strike","floor":6.0,"key":"SMITH"},{"floor":12.0,"key":"REST"},{"data":"Noxious Fumes","floor":15.0,"key":"SMITH"},{"data":"Neutralize","floor":28.0,"key":"SMITH"},{"data":"Footwork","floor":32.0,"key":"SMITH"}],"circlet_count":0,"master_deck":["AscendersBane","Defend_G","Defend_G","Defend_G","Defend_G","Survivor","Neutralize+1","Swift Strike+1","Poisoned Stab","Backstab","Dagger Throw","Noxious Fumes+1","Footwork","Catalyst","PiercingWail","Bite","Bite","Bite","Bite","Blur","Footwork+1","Blur+1","Footwork","Sucker Punch+1"],"relics":["Ring of the Snake","Turnip","Mummified Hand","Letter Opener","Busted Crown","Bag of Preparation","Eternal Feather","Kunai","Akabeko","Lantern","Tiny Chest","Coffee Dripper","Lee\u0027s Waffle"],"acts_visited":["Exordium","TheCity","TheBeyond"],"potions_floor_usage":[40,40],"damage_taken":[{"damage":0.0,"enemies":"Jaw Worm","floor":1.0,"turns":4.0},{"damage":4.0,"enemies":"Small Slimes","floor":2.0,"turns":3.0},{"damage":1.0,"enemies":"2 Louse","floor":3.0,"turns":4.0},{"damage":5.0,"enemies":"Red Slaver","floor":5.0,"turns":3.0},{"damage":27.0,"enemies":"3 Sentries","floor":7.0,"turns":9.0},{"damage":5.0,"enemies":"Large Slime","floor":11.0,"turns":5.0},{"damage":1.0,"enemies":"Gremlin Gang","floor":13.0,"turns":6.0},{"damage":11.0,"enemies":"Gremlin Nob","floor":14.0,"turns":3.0},{"damage":7.0,"enemies":"The Guardian","floor":16.0,"turns":11.0},{"damage":15.0,"enemies":"Shell Parasite","floor":18.0,"turns":4.0},{"damage":4.0,"enemies":"Spheric Guardian","floor":20.0,"turns":5.0},{"damage":15.0,"enemies":"Slavers","floor":23.0,"turns":5.0},{"damage":2.0,"enemies":"Gremlin Leader","floor":25.0,"turns":7.0},{"damage":29.0,"enemies":"Slavers","floor":27.0,"turns":7.0},{"damage":13.0,"enemies":"Centurion and Healer","floor":29.0,"turns":8.0},{"damage":1.0,"enemies":"Gremlin Leader","floor":31.0,"turns":6.0},{"damage":4.0,"enemies":"Champ","floor":33.0,"turns":18.0},{"damage":0.0,"enemies":"3 Shapes","floor":35.0,"turns":7.0},{"damage":12.0,"enemies":"Orb Walker","floor":37.0,"turns":4.0},{"damage":44.0,"enemies":"Spire Growth","floor":38.0,"turns":8.0},{"damage":68,"enemies":"Reptomancer","floor":40,"turns":3}],"seed_played":"5324473235643139130","potions_obtained":[{"floor":2.0,"key":"Poison Potion"},{"floor":11.0,"key":"PowerPotion"},{"floor":13.0,"key":"GamblersBrew"},{"floor":14.0,"key":"SkillPotion"},{"floor":18.0,"key":"Swift Potion"},{"floor":23.0,"key":"PowerPotion"},{"floor":25.0,"key":"Poison Potion"},{"floor":31.0,"key":"FearPotion"},{"floor":37.0,"key":"GamblersBrew"}],"is_trial":false,"path_per_floor":["M","M","M","?","M","R","E","?","T","?","M","R","M","E","R","B",null,"M","$","M","?","?","E","?","E","T","E","R","M","?","E","R","B",null,"M","?","M","M","$","E"],"character_chosen":"THE_SILENT","items_purchased":["Bag of Preparation","Lee\u0027s Waffle"],"campfire_rested":1,"item_purchase_floors":[19,39],"current_hp_per_floor":[59,55,54,59,54,54,27,16,16,16,11,32,31,20,20,13,57,42,42,38,38,38,33,33,45,45,26,38,43,43,53,53,53,53,53,53,43,15,60,0,0],"gold":55,"neow_bonus":"RANDOM_COLORLESS","is_daily":false,"chose_seed":false,"campfire_upgraded":4,"win_rate":0.0,"timestamp":1611586407,"path_taken":["M","M","M","?","M","R","E","?","T","?","M","R","?","E","R","BOSS","M","$","M","?","?","E","?","E","T","E","R","M","?","E","R","BOSS","M","?","?","M","$","E"],"items_purchased_type":["Relic","Relic"],"build_version":"2020-12-22","purchased_purges":2,"victory":false,"max_hp_per_floor":[66,66,66,71,71,71,71,71,71,71,71,71,71,71,71,71,71,71,71,71,71,53,53,53,53,53,53,53,53,53,53,53,53,53,53,53,53,53,60,60,60],"card_choices":[{"not_picked":["Trip","Jack Of All Trades"],"picked":"Swift Strike","floor":0.0},{"not_picked":["Dagger Throw","Deadly Poison"],"picked":"Dagger Spray","floor":1.0},{"not_picked":["Calculated Gamble","Escape Plan"],"picked":"Poisoned Stab","floor":2.0},{"not_picked":["Flying Knee","Slice","Bane"],"picked":"SKIP","floor":3.0},{"not_picked":["Concentrate","Well Laid Plans"],"picked":"Backstab","floor":5.0},{"not_picked":["Masterful Stab","Deadly Poison"],"picked":"Dagger Throw","floor":7.0},{"not_picked":["Calculated Gamble","Underhanded Strike"],"picked":"Footwork","floor":11.0},{"not_picked":["Riddle With Holes","Masterful Stab"],"picked":"Catalyst","floor":13.0},{"not_picked":["Blade Dance","Sucker Punch","Deflect"],"picked":"SKIP","floor":14.0},{"not_picked":[],"picked":"PiercingWail","floor":18.0},{"not_picked":["Outmaneuver"],"picked":"SKIP","floor":20.0},{"not_picked":[],"picked":"Blur","floor":23.0},{"not_picked":["Prepared"],"picked":"SKIP","floor":25.0},{"not_picked":["Blade Dance"],"picked":"SKIP","floor":27.0},{"not_picked":["Bane"],"picked":"SKIP","floor":29.0},{"not_picked":[],"picked":"Footwork","floor":31.0},{"not_picked":["Dash"],"picked":"SKIP","floor":35.0},{"not_picked":[],"picked":"Sucker Punch+1","floor":37.0},{"not_picked":["Concentrate"],"picked":"SKIP","floor":38.0}],"player_experience":994550,"relics_obtained":[{"floor":7.0,"key":"Turnip"},{"floor":9.0,"key":"Mummified Hand"},{"floor":14.0,"key":"Letter Opener"},{"floor":23.0,"key":"Eternal Feather"},{"floor":25.0,"key":"Kunai"},{"floor":26.0,"key":"Akabeko"},{"floor":27.0,"key":"Lantern"},{"floor":31.0,"key":"Tiny Chest"}],"event_choices":[{"damage_healed":0.0,"max_hp_gain":5.0,"max_hp_loss":0.0,"gold_gain":0.0,"event_name":"Big Fish","player_choice":"Donut","floor":4.0,"gold_loss":0.0,"damage_taken":0.0},{"damage_healed":0.0,"max_hp_gain":0.0,"max_hp_loss":0.0,"gold_gain":75.0,"event_name":"betterThird:BetterGoop","player_choice":"Gold","floor":8.0,"gold_loss":0.0,"damage_taken":11.0},{"damage_healed":0.0,"max_hp_gain":0.0,"max_hp_loss":0.0,"gold_gain":0.0,"event_name":"Match and Keep!","player_choice":"1 cards matched","floor":10.0,"gold_loss":0.0,"damage_taken":0.0,"cards_obtained":["Noxious Fumes"]},{"cards_removed":["Noxious Fumes"],"damage_healed":0.0,"max_hp_gain":0.0,"max_hp_loss":0.0,"gold_gain":0.0,"event_name":"betterNote:BetterNote","player_choice":"Give","floor":21.0,"gold_loss":0.0,"damage_taken":0.0,"cards_obtained":["Strike_G"]},{"damage_healed":0.0,"max_hp_gain":0.0,"max_hp_loss":18.0,"gold_gain":0.0,"event_name":"Vampires","player_choice":"Became a vampire","floor":22.0,"gold_loss":0.0,"damage_taken":0.0,"cards_obtained":["Bite","Bite","Bite","Bite"]},{"damage_healed":0.0,"max_hp_gain":0.0,"max_hp_loss":0.0,"gold_gain":0.0,"event_name":"The Library","player_choice":"Read","floor":24.0,"gold_loss":0.0,"damage_taken":0.0,"cards_obtained":["Footwork"]},{"damage_healed":0.0,"max_hp_gain":0.0,"max_hp_loss":0.0,"gold_gain":0.0,"event_name":"Duplicator","player_choice":"Copied","floor":30.0,"gold_loss":0.0,"damage_taken":0.0,"cards_obtained":["Blur"]},{"cards_removed":["Defend_G"],"damage_healed":0.0,"max_hp_gain":0.0,"max_hp_loss":0.0,"gold_gain":0.0,"event_name":"Designer","player_choice":"Upgrade and Remove","floor":36.0,"gold_loss":110.0,"damage_taken":0.0,"cards_upgraded":["Blur"]}],"is_beta":false,"boss_relics":[{"not_picked":["Pandora\u0027s Box","Sozu"],"picked":"Busted Crown"},{"not_picked":["Ring of the Serpent","SlaversCollar"],"picked":"Coffee Dripper"}],"items_purged_floors":[19,39],"is_endless":false,"potions_floor_spawned":[2,11,13,14,18,23,25,31,37,38],"killed_by":"Reptomancer","ascension_level":20}}