{"host":"zx8rmvlb08usbkpl","time":1611545121,"event":{"mods":["BaseMod","BetterRewards","Colored Powertips","Dota2Spire","Downfall","GifTheSpireLib","Marisa????????","Minty Spire (QoL Compilation)","Quick Restart","StSLib","Stuff the Spire","The Bug Knight","The Senshi"],"gold_per_floor":[114,189,61,77,77,77,159,191,191,210,210,210,242,256,256,256,256],"floor_reached":16,"language":"ENG","playtime":416,"items_purged":["Strike_R"],"score":108,"play_id":"0a58da2b-ac91-4177-b095-19352547588d","local_time":"20210124222521","is_ascension_mode":false,"campfire_choices":[{"data":"Exhume","floor":6,"key":"SMITH"},{"data":"Infernal Blade","floor":12,"key":"SMITH"},{"floor":15,"key":"REST"}],"circlet_count":0,"master_deck":["Strike_R","Strike_R","Defend_R","Defend_R","Defend_R","Defend_R","Bash","Exhume+1","Offering","StuffTheSpire:Slingshot","Anger","Wild Strike","StuffTheSpire:CuriosityCurse","Infernal Blade+1","Parasite","Barricade","Sentinel"],"relics":["Burning Blood","Dota2Spire:PowerTreads","Blue Candle","Dota2Spire:DrumOfEndurance","Mercury Hourglass"],"acts_visited":["Exordium"],"potions_floor_usage":[13,13],"damage_taken":[{"damage":6,"enemies":"2 Louse","floor":1,"turns":2},{"damage":0,"enemies":"Small Slimes","floor":4,"turns":3},{"damage":26,"enemies":"Gremlin Nob","floor":8,"turns":3},{"damage":11,"enemies":"Jaw Worm","floor":10,"turns":2},{"damage":31,"enemies":"3 Sentries","floor":13,"turns":5},{"damage":8,"enemies":"3 Louse","floor":14,"turns":3},{"damage":48,"enemies":"The Guardian","floor":16,"turns":10}],"seed_played":"5459380859092939291","potions_obtained":[{"floor":8,"key":"bronze:BurnAndBuffPotion"},{"floor":10,"key":"Explosive Potion"},{"floor":13,"key":"ElixirPotion"}],"is_trial":false,"path_per_floor":["M","?","$","M","?","R","T","E","T","M","?","R","E","M","R","B"],"character_chosen":"IRONCLAD","items_purchased":["Anger"],"campfire_rested":1,"item_purchase_floors":[3],"current_hp_per_floor":[72,61,61,67,67,67,67,47,47,42,60,60,35,33,54,6,6],"gold":256,"neow_bonus":"TRANSFORM_TWO_CARDS","is_daily":false,"chose_seed":false,"campfire_upgraded":2,"win_rate":0.0,"timestamp":1611545121,"path_taken":["M","?","$","M","?","R","?","E","T","M","?","R","E","M","R","BOSS"],"items_purchased_type":["Card"],"build_version":"2020-12-22","purchased_purges":1,"victory":false,"max_hp_per_floor":[72,72,72,72,72,72,72,72,72,72,72,72,72,72,72,72,72],"card_choices":[{"not_picked":["Iron Wave","Perfected Strike"],"picked":"StuffTheSpire:Slingshot","floor":1},{"not_picked":["Hemokinesis","Sword Boomerang"],"picked":"Wild Strike","floor":4},{"not_picked":["Body Slam","Havoc"],"picked":"Infernal Blade","floor":8},{"not_picked":["Clash","Headbutt","Pummel"],"picked":"SKIP","floor":10},{"not_picked":["Shockwave","Havoc"],"picked":"Barricade","floor":13},{"not_picked":["Carnage","Blood for Blood"],"picked":"Sentinel","floor":14}],"player_experience":973436,"relics_obtained":[{"floor":8,"key":"Blue Candle"},{"floor":9,"key":"Dota2Spire:DrumOfEndurance"},{"floor":13,"key":"Mercury Hourglass"}],"event_choices":[{"damage_healed":0,"gold_gain":75,"player_choice":"Gather Gold","damage_taken":11,"max_hp_gain":0,"max_hp_loss":0,"event_name":"World of Goop","floor":2,"gold_loss":0},{"damage_healed":18,"gold_gain":0,"player_choice":"Healed and dodged fight","damage_taken":0,"max_hp_gain":0,"max_hp_loss":0,"event_name":"Mushrooms","floor":11,"gold_loss":0,"cards_obtained":["Parasite"]}],"is_beta":false,"boss_relics":[],"items_purged_floors":[3],"is_endless":false,"potions_floor_spawned":[8,10,13],"killed_by":"The Guardian","ascension_level":0}}