{"host":"gqcohn9v5baj3dmw","time":1611592360,"event":{"mods":["BaseMod","Better Note","Better Sensory Stone","Better Skull","Colored Map","Downfall","Marked Mod","Minty Spire (QoL Compilation)","Rare Cards Sparkle","Relic Stats","StSLib"],"gold_per_floor":[99,99,21,21,21,6,54,54,54,54,69,86,86,98,117,213,213,213,213,213,14,14,32,32,49,49,49,65,221,251,251,263,367,367,367,383,403,418,433,383,383,383,206,225,225,244,258,34,46,46],"floor_reached":51,"language":"ENG","playtime":2289,"items_purged":["hexamod:Strike","hexamod:Strike","hexamod:Strike","hexamod:Strike"],"score":792,"play_id":"ca4d5d10-20bd-40f2-a72e-39e6c3eeee3d","local_time":"20210125173240","is_ascension_mode":true,"campfire_choices":[{"data":"hexamod:Sear","floor":1.0,"key":"SMITH"},{"data":"hexamod:SearingWound","floor":8,"key":"SMITH"},{"data":"hexamod:ShieldOfDarkness","floor":13,"key":"SMITH"},{"data":"hexamod:RainOfEmbers","floor":18,"key":"SMITH"},{"data":"hexamod:BurningTouch","floor":26,"key":"SMITH"},{"data":"hexamod:GhostflameBarrier","floor":35,"key":"SMITH"},{"data":"hexamod:ExtraCrispy","floor":45,"key":"SMITH"}],"circlet_count":0,"master_deck":["hexamod:Defend","hexamod:Defend","hexamod:Defend","hexamod:Defend","hexamod:Sear+1","hexamod:Float","hexamod:BurningTouch+1","hexamod:Firestarter","hexamod:RainOfEmbers+1","hexamod:SearingWound+1","hexamod:ShieldOfDarkness+1","hexamod:AdvancingGuard","hexamod:ShieldOfDarkness+1","hexamod:PhantomFireball","hexamod:Hexaguard+1","hexamod:GhostflameBarrier+1","hexamod:Hexaguard+1","hexamod:HeatMetal+1","hexamod:HeatMetal","hexamod:BurningTouch+1","hexamod:ExtraCrispy+1","hexamod:HeatCrush","hexamod:FlamesFromBeyond+1"],"relics":["hexamod:SpiritBrand","downfall:HeartsMalice","Guardian:PocketSentry","Runic Pyramid","Membership Card","Eternal Feather","OrangePellets","Gremlin Horn","Busted Crown","Question Card","Chemical X","HandDrill","Strawberry"],"acts_visited":["Exordium","TheCity","TheBeyond"],"potions_floor_usage":[16,30,30,44,46],"damage_taken":[{"damage":0.0,"enemies":"2 Louse","floor":2.0,"turns":1.0},{"damage":0.0,"enemies":"downfall:FleeingMerchant","floor":3.0,"turns":1.0},{"damage":0.0,"enemies":"Jaw Worm","floor":4.0,"turns":1.0},{"damage":5,"enemies":"downfall:FleeingMerchant","floor":6,"turns":4},{"damage":0,"enemies":"Cultist","floor":10,"turns":1},{"damage":7,"enemies":"3 Louse","floor":11,"turns":4},{"damage":1,"enemies":"Exordium Wildlife","floor":12,"turns":4},{"damage":0,"enemies":"Blue Slaver","floor":14,"turns":3},{"damage":0,"enemies":"Large Slime","floor":15,"turns":4},{"damage":1,"enemies":"IC_STATUS_ARCHETYPE","floor":16,"turns":7},{"damage":0,"enemies":"downfall:FleeingMerchant","floor":21,"turns":4},{"damage":0,"enemies":"Chosen","floor":23,"turns":3},{"damage":0,"enemies":"Shell Parasite","floor":25,"turns":6},{"damage":0,"enemies":"Snake Plant","floor":28,"turns":3},{"damage":0,"enemies":"downfall:FleeingMerchant","floor":29,"turns":4},{"damage":0,"enemies":"Book of Stabbing","floor":30,"turns":3},{"damage":1,"enemies":"3 Cultists","floor":32,"turns":5},{"damage":28,"enemies":"WA_ARCHETYPE_CALM","floor":33,"turns":9},{"damage":0,"enemies":"3 Shapes","floor":36,"turns":4},{"damage":0,"enemies":"Orb Walker","floor":37,"turns":3},{"damage":5,"enemies":"4 Shapes","floor":38,"turns":5},{"damage":10,"enemies":"Sphere and 2 Shapes","floor":39,"turns":5},{"damage":0,"enemies":"Transient","floor":44,"turns":5},{"damage":18,"enemies":"Jaw Worm Horde","floor":46,"turns":3},{"damage":0,"enemies":"Writhing Mass","floor":47,"turns":3},{"damage":0,"enemies":"Transient","floor":49,"turns":5},{"damage":16,"enemies":"SI_POISON_ARCHETYPE","floor":50,"turns":9}],"seed_played":"100553092972874368","potions_obtained":[{"floor":11,"key":"ColorlessPotion"},{"floor":12,"key":"EssenceOfSteel"},{"floor":14,"key":"Energy Potion"},{"floor":16,"key":"Fire Potion"},{"floor":27,"key":"Fire Potion"},{"floor":27,"key":"SkillPotion"},{"floor":32,"key":"Fire Potion"},{"floor":33,"key":"Ancient Potion"},{"floor":44,"key":"LiquidBronze"},{"floor":47,"key":"SteroidPotion"}],"is_trial":false,"path_per_floor":["R","M","$","M","?","$","T","R","?","M","M","M","R","M","M","B",null,"R","?","?","$","?","M","T","M","R","?","M","$","E","?","M","B",null,"R","M","M","M","M","$","T","?","$","M","R","M","M","$","M","B",null],"character_chosen":"THE_SPIRIT","items_purchased":["hexamod:RainOfEmbers","Membership Card","hexamod:PhantomFireball","hexamod:GhostflameBarrier","OrangePellets","hexamod:SoulburnPotion","Chemical X","hexamod:ExtraCrispy","HandDrill","Strawberry"],"campfire_rested":0,"item_purchase_floors":[3,21,21,29,29,29,43,43,48,48],"current_hp_per_floor":[70,70,70,70,70,65,65,65,65,65,58,57,57,57,57,56,70,70,70,70,70,70,70,70,70,70,70,70,70,70,70,69,41,70,70,70,70,65,55,55,55,55,55,55,67,49,49,56,56,40],"gold":46,"neow_bonus":"THREE_ENEMY_KILL","is_daily":false,"chose_seed":false,"campfire_upgraded":7,"win_rate":0.0,"timestamp":1611592360,"path_taken":["R","M","$","M","?","$","T","R","?","M","M","M","R","M","M","BOSS","R","?","?","?","?","M","T","?","R","?","?","$","E","?","M","BOSS","R","M","M","M","M","$","T","?","$","M","R","?","M","$","M","BOSS"],"items_purchased_type":["Card","Relic","Card","Card","Relic","Potion","Relic","Card","Relic","Relic"],"build_version":"2020-12-22","purchased_purges":4,"victory":true,"max_hp_per_floor":[70,70,70,70,70,70,70,70,70,70,70,70,70,70,70,70,70,70,70,70,70,70,70,70,70,70,70,70,70,70,70,70,70,70,70,70,70,70,70,70,70,70,70,70,70,70,70,77,77,77],"relic_stats":{"OrangePellets":[1],"Busted Crown":16,"Gremlin Horn":[9,9],"counters":[27,106],"Eternal Feather":12,"HandDrill":[6],"Chemical X":[7],"Question Card":4,"obtain_stats":[{"Gremlin Horn":30,"downfall:HeartsMalice":0,"Eternal Feather":24,"Guardian:PocketSentry":7,"Question Card":41,"OrangePellets":29,"downfall:BrokenWingStatue":9,"Busted Crown":34,"Strawberry":48,"HandDrill":48,"Membership Card":21,"Chemical X":43,"hexamod:SpiritBrand":0,"Runic Pyramid":17},{"Gremlin Horn":16,"downfall:HeartsMalice":0,"Eternal Feather":12,"Guardian:PocketSentry":4,"Question Card":22,"OrangePellets":15,"downfall:BrokenWingStatue":4,"Busted Crown":18,"Strawberry":25,"HandDrill":25,"Membership Card":11,"Chemical X":22,"hexamod:SpiritBrand":0,"Runic Pyramid":10},{"Gremlin Horn":50,"downfall:HeartsMalice":0,"Eternal Feather":34,"Guardian:PocketSentry":4,"Question Card":81,"OrangePellets":47,"downfall:BrokenWingStatue":4,"Busted Crown":64,"Strawberry":92,"HandDrill":92,"Membership Card":31,"Chemical X":81,"hexamod:SpiritBrand":0,"Runic Pyramid":27}]},"card_choices":[{"not_picked":["hexamod:FirstSeal","hexamod:SuperheatedStrike"],"picked":"hexamod:BurningTouch","floor":2.0},{"not_picked":["hexamod:InspiringFlames","hexamod:FlamesFromBeyond"],"picked":"hexamod:Firestarter","floor":3.0},{"not_picked":["hexamod:RetreatToShadows","hexamod:GhostOfSpireFuture"],"picked":"hexamod:SearingWound","floor":4.0},{"not_picked":["hexamod:GhostLash","hexamod:Firestarter","hexamod:PowerFromBeyond"],"picked":"SKIP","floor":6},{"not_picked":["hexamod:SuperheatedStrike","hexamod:ThirdSeal","hexamod:GhostOfSpirePast"],"picked":"SKIP","floor":10},{"not_picked":["hexamod:SkipABeat","hexamod:HexaLevel","hexamod:BacktrackSmack"],"picked":"SKIP","floor":11},{"not_picked":["hexamod:FlamesFromBeyond","hexamod:SpectralAdrenaline"],"picked":"hexamod:ShieldOfDarkness","floor":12},{"not_picked":["hexamod:NightmareStrike","hexamod:FourthSeal","hexamod:Firestarter"],"picked":"SKIP","floor":14},{"not_picked":["hexamod:NightmareStrike","hexamod:SwordOfDarkness"],"picked":"hexamod:AdvancingGuard","floor":15},{"not_picked":["hexamod:FlamesFromBeyond","hexamod:ExtraCrispy"],"picked":"hexamod:ShieldOfDarkness+1","floor":21},{"not_picked":["hexamod:SpectralSpark+1","hexamod:ThermalTransfer","hexamod:RetreatToShadows"],"picked":"SKIP","floor":23},{"not_picked":["hexamod:RadiantFlame","hexamod:FlamesFromBeyond","hexamod:ShieldOfDarkness"],"picked":"SKIP","floor":25},{"not_picked":["hexamod:Incineration","hexamod:ThirdSeal"],"picked":"hexamod:Hexaguard+1","floor":28},{"not_picked":["hexamod:EmpoweredFlame","hexamod:SpectralAdrenaline+1","hexamod:ChargedBarrage+1"],"picked":"SKIP","floor":29},{"not_picked":["hexamod:NightmareGuise","hexamod:SkipABeat"],"picked":"hexamod:Hexaguard+1","floor":30},{"not_picked":["hexamod:HauntingEcho","hexamod:FifthSeal","hexamod:ThirdSeal"],"picked":"SKIP","floor":32},{"not_picked":["hexamod:HauntingEcho"],"picked":"SKIP","floor":36},{"not_picked":[],"picked":"hexamod:HeatMetal+1","floor":37},{"not_picked":[],"picked":"hexamod:HeatMetal","floor":38},{"not_picked":["hexamod:Firestarter+1"],"picked":"SKIP","floor":39},{"not_picked":["hexamod:RecurringNightmare"],"picked":"hexamod:HeatCrush","floor":44},{"not_picked":["hexamod:SwordOfDarkness+1"],"picked":"hexamod:FlamesFromBeyond+1","floor":46},{"not_picked":["hexamod:NightmareStrike","hexamod:ThermalTransfer"],"picked":"SKIP","floor":47},{"not_picked":["hexamod:GhostOfSpireFuture+1","hexamod:Firestarter+1"],"picked":"SKIP","floor":49}],"player_experience":523072,"relics_obtained":[{"floor":7,"key":"Guardian:PocketSentry"},{"floor":24,"key":"Eternal Feather"},{"floor":30,"key":"Gremlin Horn"},{"floor":41,"key":"Question Card"}],"event_choices":[{"damage_healed":0,"gold_gain":0,"player_choice":"Ignored","damage_taken":0,"max_hp_gain":0,"max_hp_loss":0,"event_name":"betterNote:BetterNote","floor":19,"gold_loss":0,"cards_obtained":["Slimebound:Strike_Slimebound"]},{"damage_healed":0,"gold_gain":0,"player_choice":"Ignored","damage_taken":0,"max_hp_gain":0,"max_hp_loss":0,"event_name":"Vampires","floor":20,"gold_loss":0},{"damage_healed":0,"gold_gain":0,"player_choice":"Got Potions","damage_taken":0,"max_hp_gain":0,"max_hp_loss":0,"event_name":"Lab","floor":27,"gold_loss":0}],"is_beta":false,"boss_relics":[{"not_picked":["Calling Bell","SacredBark"],"picked":"Runic Pyramid"},{"not_picked":["Velvet Choker","bronze:MakeshiftBattery"],"picked":"Busted Crown"}],"items_purged_floors":[29,40,43,48],"is_endless":false,"potions_floor_spawned":[11,12,14,16,23,25,32,33,37,44,47],"ascension_level":1}}