{"host":"3zb3nk4wvq0dtbuh","time":1611574878,"event":{"mods":["AchievementEnabler","BaseMod","Lobotomy","Minty Spire (QoL Compilation)","Quick Restart","StSLib","SuperFastMode","The Blackbeard"],"gold_per_floor":[10,10,27,27,127,127,140,150,228,240,240,253,273,349,349,446,496,514,527,527,527,140,140,140,166,193,193,236,236,251,260,260,260,260],"floor_reached":33,"language":"ZHS","playtime":562,"items_purged":[],"score":257,"play_id":"0033ae48-2f4f-4ddb-8b28-18c36d72a1d8","local_time":"20210125194118","is_ascension_mode":false,"campfire_choices":[{"data":"Bash","floor":6.0,"key":"SMITH"},{"data":"Perfected Strike","floor":15.0,"key":"SMITH"},{"data":"Jack Of All Trades","floor":23.0,"key":"SMITH"},{"floor":27.0,"key":"REST"},{"data":"Armaments","floor":29.0,"key":"SMITH"},{"floor":32.0,"key":"REST"}],"circlet_count":0,"master_deck":["Strike_R","Strike_R","Strike_R","Strike_R","Strike_R","Defend_R","Defend_R","Defend_R","Defend_R","Bash+1","Iron Wave+1","Wild Strike+1","Perfected Strike+1","Wild Strike","Shrug It Off","Armaments+1","Shrug It Off","Wild Strike","Necronomicurse","Jack Of All Trades+1","Headbutt","Writhe"],"relics":["Burning Blood","Turnip","Pantograph","Tiny House","Necronomicon","Tiny Chest","PreservedInsect","Art of War","Blue Candle","CeramicFish","Juzu Bracelet"],"acts_visited":["Exordium","TheCity"],"potions_floor_usage":[],"damage_taken":[{"damage":1.0,"enemies":"Jaw Worm","floor":1.0,"turns":5.0},{"damage":1.0,"enemies":"Cultist","floor":3.0,"turns":3.0},{"damage":0.0,"enemies":"Small Slimes","floor":7.0,"turns":3.0},{"damage":10.0,"enemies":"Looter","floor":8.0,"turns":3.0},{"damage":9.0,"enemies":"Lots of Slimes","floor":10.0,"turns":4.0},{"damage":0.0,"enemies":"3 Louse","floor":12.0,"turns":3.0},{"damage":14.0,"enemies":"Large Slime","floor":13.0,"turns":5.0},{"damage":58.0,"enemies":"Hexaghost","floor":16.0,"turns":9.0},{"damage":22.0,"enemies":"2 Thieves","floor":18.0,"turns":4.0},{"damage":25.0,"enemies":"3 Byrds","floor":19.0,"turns":9.0},{"damage":33.0,"enemies":"Slavers","floor":25.0,"turns":5.0},{"damage":16.0,"enemies":"3 Cultists","floor":28.0,"turns":5.0},{"damage":10.0,"enemies":"Chosen and Byrds","floor":30.0,"turns":3.0},{"damage":0,"enemies":"Collector","floor":33,"turns":1}],"seed_played":"-3107779731658577381","potions_obtained":[{"floor":2.0,"key":"BlessingOfTheForge"},{"floor":2.0,"key":"Block Potion"},{"floor":2.0,"key":"FearPotion"},{"floor":7.0,"key":"DuplicationPotion"},{"floor":10.0,"key":"BloodPotion"},{"floor":16.0,"key":"Swift Potion"},{"floor":19.0,"key":"ColorlessPotion"},{"floor":28.0,"key":"Weak Potion"}],"is_trial":false,"path_per_floor":["M","?","M","?","?","R","M","M","T","M","?","M","M","?","R","B",null,"M","M","?","?","$","R","?","E","T","R","M","R","M","?","R","B"],"character_chosen":"IRONCLAD","items_purchased":["Tiny Chest","PreservedInsect","Jack Of All Trades"],"campfire_rested":2,"item_purchase_floors":[22,22,22],"current_hp_per_floor":[80,80,80,80,80,80,80,76,76,73,73,79,71,71,71,28,85,69,67,51,51,51,51,51,24,24,49,39,39,35,35,60,60,60],"gold":260,"neow_bonus":"ONE_RARE_RELIC","is_daily":false,"chose_seed":false,"campfire_upgraded":4,"win_rate":0.0,"timestamp":1611574878,"path_taken":["M","?","?","?","?","R","M","M","T","?","?","M","M","?","R","BOSS","M","M","?","?","?","R","?","E","T","R","?","R","M","?","R","BOSS"],"items_purchased_type":["Relic","Relic","Card"],"build_version":"2020-12-22","purchased_purges":0,"victory":false,"max_hp_per_floor":[80,80,80,80,80,80,80,80,80,80,80,80,80,80,80,80,85,85,85,85,85,85,85,85,85,85,85,85,85,85,85,85,85,85],"card_choices":[{"not_picked":["Heavy Blade","Pommel Strike"],"picked":"Iron Wave","floor":1.0},{"not_picked":["Burning Pact","Spot Weakness","Dropkick"],"picked":"SKIP","floor":3.0},{"not_picked":["Entrench","Flame Barrier"],"picked":"Wild Strike","floor":7.0},{"not_picked":["Thunderclap","Fiend Fire"],"picked":"Perfected Strike","floor":8.0},{"not_picked":["Feel No Pain","Havoc"],"picked":"Wild Strike","floor":10.0},{"not_picked":["Havoc","Dropkick","Rampage"],"picked":"SKIP","floor":12.0},{"not_picked":["Entrench","Combust"],"picked":"Shrug It Off","floor":13.0},{"not_picked":["Body Slam","Havoc"],"picked":"Armaments","floor":17.0},{"not_picked":["Ghostly Armor+1","Second Wind"],"picked":"Shrug It Off","floor":18.0},{"not_picked":["Clash+1","Spot Weakness"],"picked":"Wild Strike","floor":19.0},{"not_picked":["Hemokinesis","Sword Boomerang","Pummel"],"picked":"SKIP","floor":25.0},{"not_picked":["Wild Strike","Rage"],"picked":"Headbutt","floor":28.0},{"not_picked":["Anger","Combust","Rampage"],"picked":"SKIP","floor":30.0}],"player_experience":21321,"relics_obtained":[{"floor":9.0,"key":"Pantograph"},{"floor":20.0,"key":"Necronomicon"},{"floor":25.0,"key":"Blue Candle"},{"floor":26.0,"key":"CeramicFish"}],"event_choices":[{"damage_healed":0.0,"max_hp_gain":0.0,"max_hp_loss":0.0,"gold_gain":0.0,"event_name":"Lab","player_choice":"Got Potions","floor":2.0,"gold_loss":0.0,"damage_taken":0.0},{"damage_healed":0.0,"max_hp_gain":0.0,"max_hp_loss":0.0,"gold_gain":0.0,"event_name":"Living Wall","player_choice":"Grow","floor":4.0,"gold_loss":0.0,"damage_taken":0.0,"cards_upgraded":["Iron Wave"]},{"damage_healed":0.0,"max_hp_gain":0.0,"max_hp_loss":0.0,"gold_gain":100.0,"event_name":"Golden Shrine","player_choice":"Pray","floor":5.0,"gold_loss":0.0,"damage_taken":0.0},{"damage_healed":0.0,"max_hp_gain":0.0,"max_hp_loss":0.0,"gold_gain":0.0,"event_name":"The Cleric","player_choice":"Leave","floor":11.0,"gold_loss":0.0,"damage_taken":0.0},{"damage_healed":0.0,"max_hp_gain":0.0,"max_hp_loss":0.0,"gold_gain":76.0,"event_name":"Golden Wing","player_choice":"Gained Gold","floor":14.0,"gold_loss":0.0,"damage_taken":0.0},{"damage_healed":0.0,"max_hp_gain":0.0,"max_hp_loss":0.0,"gold_gain":0.0,"event_name":"Cursed Tome","player_choice":"Obtained Book","floor":20.0,"gold_loss":0.0,"damage_taken":16.0},{"damage_healed":0.0,"max_hp_gain":0.0,"max_hp_loss":0.0,"gold_gain":0.0,"event_name":"Ghosts","player_choice":"Ignored","floor":21.0,"gold_loss":0.0,"damage_taken":0.0},{"damage_healed":0.0,"max_hp_gain":0.0,"max_hp_loss":0.0,"gold_gain":0.0,"event_name":"WeMeetAgain","player_choice":"Gave Potion","floor":24.0,"gold_loss":0.0,"damage_taken":0.0,"relics_obtained":["Art of War"]},{"damage_healed":0.0,"max_hp_gain":0.0,"max_hp_loss":0.0,"gold_gain":0.0,"event_name":"The Mausoleum","player_choice":"Opened","floor":31.0,"gold_loss":0.0,"damage_taken":0.0,"relics_obtained":["Juzu Bracelet"],"cards_obtained":["Writhe"]}],"is_beta":false,"boss_relics":[{"not_picked":["Busted Crown","Mark of Pain"],"picked":"Tiny House"}],"items_purged_floors":[],"is_endless":false,"potions_floor_spawned":[7,8,10,12,16,19,28],"killed_by":"Collector","ascension_level":0}}