{"host":"96mkdadq58tkkbp8","time":1611616212,"event":{"mods":["BaseMod","Colored Map","Colored Powertips","Duelist Mod","Hermit","Minty Spire (QoL Compilation)","Replay The Spire","Shop Mod","StSLib","The Cursed","The Disciple","The Hierophant","The Necromancer","The Runesmith","The Servant 0.9.4","TheFirefly"],"gold_per_floor":[144,162,162,162,178,208,208,225,249,249,174,369,369,383,383,481,481],"floor_reached":16,"language":"ITA","playtime":850,"items_purged":["theDuelist:CastleWalls"],"score":175,"play_id":"0349ce91-fa4b-4195-b9a6-49c88628d7ed","local_time":"20210126001012","is_ascension_mode":false,"campfire_choices":[{"data":"theDuelist:GravityAxe","floor":7,"key":"SMITH"},{"data":"theDuelist:Fissure","floor":10,"key":"SMITH"},{"floor":15,"key":"DIG"}],"circlet_count":0,"master_deck":["theDuelist:BeaverWarrior","theDuelist:BeaverWarrior","theDuelist:CastleWalls","theDuelist:FinalFlame","theDuelist:GiantSoldier","theDuelist:GiantSoldier","theDuelist:ScrapFactory","theDuelist:Fissure+1","theDuelist:GravityAxe+1","theDuelist:RainbowNeos","theDuelist:YamiForm"],"relics":["theDuelist:MillenniumPuzzle","theDuelist:CardPoolRelic","theDuelist:CardPoolBasicRelic","theDuelist:BoosterPackPoolRelic","theDuelist:CardPoolAddRelic","theDuelist:CardPoolMinusRelic","theDuelist:CardPoolSaveRelic","theDuelist:CardPoolOptionsRelic","NeowsBlessing","Replay:Baseball","theDuelist:GiftAnubis","Ancient Tea Set"],"acts_visited":["Exordium"],"potions_floor_usage":[],"damage_taken":[{"damage":0,"enemies":"Cultist","floor":1,"turns":1},{"damage":0,"enemies":"2 Louse","floor":2,"turns":1},{"damage":0,"enemies":"Small Slimes","floor":5,"turns":1},{"damage":0,"enemies":"Replay:BlueRogue","floor":6,"turns":5},{"damage":2,"enemies":"3 Louse","floor":8,"turns":3},{"damage":0,"enemies":"Looter","floor":14,"turns":2},{"damage":17,"enemies":"The Guardian","floor":16,"turns":6}],"seed_played":"478577751978956782","potions_obtained":[{"floor":6,"key":"theDuelist:BottledKuriboh"},{"floor":8,"key":"Swift Potion"},{"floor":16,"key":"Elixir"}],"is_trial":false,"path_per_floor":["M","M","?","?","M","E","R","M","T","R","$","?","T","M","R_BF","B"],"character_chosen":"THE_DUELIST","items_purchased":[],"campfire_rested":0,"item_purchase_floors":[],"current_hp_per_floor":[80,80,73,73,73,73,73,71,71,71,71,39,39,39,39,22,22],"gold":481,"neow_bonus":"THREE_ENEMY_KILL","is_daily":false,"chose_seed":false,"campfire_upgraded":2,"win_rate":0.0,"timestamp":1611616212,"path_taken":["M","?","?","?","M","E","R","M","T","R","$","?","?","M","R_BF","BOSS"],"items_purchased_type":[],"build_version":"2020-12-22","purchased_purges":1,"victory":false,"max_hp_per_floor":[80,80,80,80,80,80,80,80,80,80,80,80,80,80,80,80,80],"card_choices":[{"not_picked":["theDuelist:RedMedicine","theDuelist:EarthEffigy","theDuelist:HeavyStorm","theDuelist:ClearKuriboh"],"picked":"theDuelist:Fissure","floor":1},{"not_picked":["theDuelist:CoreBlaster","theDuelist:Predaponics","theDuelist:Electrowhip","theDuelist:BigFire"],"picked":"theDuelist:GravityAxe","floor":2},{"not_picked":["theDuelist:SpellShatteringArrow","theDuelist:MeteorDestruction","theDuelist:DoubleTool","theDuelist:CoreBlaster","theDuelist:BreakDraw"],"picked":"SKIP","floor":5},{"not_picked":["theDuelist:CombinationAttack","theDuelist:PowerWall","theDuelist:DoubleTool","theDuelist:StarBlast"],"picked":"theDuelist:RainbowNeos","floor":6},{"not_picked":["theDuelist:RainbowNeos","theDuelist:WhiteMagicalHat","theDuelist:SpiritHarp","theDuelist:FluteKuriboh","theDuelist:PowerWall"],"picked":"SKIP","floor":8},{"not_picked":["theDuelist:WhiteHowling","theDuelist:ImperialOrder","theDuelist:GravityAxe","theDuelist:ElectromagneticShield"],"picked":"theDuelist:YamiForm","floor":12},{"not_picked":["theDuelist:HammerShot","theDuelist:Hinotama","theDuelist:BattleFootballer","theDuelist:RainbowGravity","theDuelist:BattleOx"],"picked":"SKIP","floor":14}],"player_experience":153266,"relics_obtained":[{"floor":6,"key":"Replay:Baseball"},{"floor":13,"key":"theDuelist:GiftAnubis"},{"floor":15,"key":"Ancient Tea Set"}],"event_choices":[{"cards_removed":["theDuelist:Sparks"],"damage_healed":0,"gold_gain":0,"player_choice":"Card Removal","damage_taken":7,"max_hp_gain":0,"max_hp_loss":0,"event_name":"Golden Wing","floor":3,"gold_loss":0},{"cards_removed":["theDuelist:Sparks"],"damage_healed":0,"gold_gain":0,"player_choice":"Forget","damage_taken":0,"max_hp_gain":0,"max_hp_loss":0,"event_name":"Living Wall","floor":4,"gold_loss":0}],"is_beta":false,"boss_relics":[],"items_purged_floors":[11],"is_endless":false,"potions_floor_spawned":[6,8,16],"killed_by":"The Guardian","ascension_level":0}}