{"host":"q9szs7qndgdlcq24","time":1611542371,"event":{"mods":["2.2 Compatiblity","AchievementEnabler","BaseMod","Bestiary","Colored Map","Colored Powertips","Dark Map","DeckTracker","Displayed Cursed Tome","Highlight Path","Minty Spire (QoL Compilation)","Random Character Button","StSLib","Unknown Chances"],"gold_per_floor":[114,189,64,75,75,109,109,126,152,152,170,170,193,193,193,291,291,305,324,46,62,80,80,80,80,80,95,95,95],"floor_reached":28,"language":"ENG","playtime":1609,"items_purged":["Strike_B","Defend_B"],"score":245,"play_id":"1486cf5c-e484-40f5-8556-7f00e6cdb2a6","local_time":"20210125053931","is_ascension_mode":false,"campfire_choices":[{"data":"Streamline","floor":7,"key":"SMITH"},{"data":"Ball Lightning","floor":10,"key":"SMITH"},{"data":"Ball Lightning","floor":15,"key":"SMITH"}],"circlet_count":0,"master_deck":["Strike_B","Defend_B","Defend_B","Defend_B","Zap","Dualcast","Ball Lightning+1","Ball Lightning+1","Streamline+1","Doom and Gloom","Melter","Sweeping Beam","Echo Form","White Noise","Conserve Battery","Loop+1","Auto Shields","Writhe","Barrage"],"relics":["Cracked Core","NeowsBlessing","Ancient Tea Set","Nunchaku","Pen Nib","Runic Dome","Frozen Eye","White Beast Statue","Toxic Egg 2"],"acts_visited":["Exordium","TheCity"],"potions_floor_usage":[16,18,21,21,21,21,23],"damage_taken":[{"damage":0,"enemies":"Jaw Worm","floor":1,"turns":1},{"damage":0,"enemies":"2 Louse","floor":4,"turns":1},{"damage":0,"enemies":"3 Sentries","floor":6,"turns":1},{"damage":3,"enemies":"Small Slimes","floor":8,"turns":2},{"damage":0,"enemies":"Looter","floor":11,"turns":2},{"damage":16,"enemies":"Slime Boss","floor":16,"turns":5},{"damage":20,"enemies":"2 Thieves","floor":18,"turns":2},{"damage":22,"enemies":"Shell Parasite","floor":19,"turns":3},{"damage":12,"enemies":"Cultist and Chosen","floor":21,"turns":5},{"damage":17,"enemies":"3 Cultists","floor":22,"turns":4},{"damage":0,"enemies":"Snake Plant","floor":23,"turns":1},{"damage":17,"enemies":"Centurion and Healer","floor":27,"turns":4},{"damage":13,"enemies":"Chosen and Byrds","floor":28,"turns":3}],"seed_played":"429456702747384656","potions_obtained":[{"floor":4,"key":"SmokeBomb"},{"floor":11,"key":"PotionOfCapacity"},{"floor":16,"key":"SteroidPotion"},{"floor":18,"key":"EntropicBrew"},{"floor":19,"key":"Ancient Potion"},{"floor":22,"key":"SpeedPotion"},{"floor":27,"key":"BlessingOfTheForge"}],"is_trial":false,"path_per_floor":["M","?","$","M","?","E","R","M","T","R","M","?","T","?","R","B",null,"M","M","$","M","M","M","?","?","T","M","M"],"character_chosen":"DEFECT","items_purchased":["Ball Lightning","Conserve Battery","Frozen Eye"],"campfire_rested":0,"item_purchase_floors":[3,20,20],"current_hp_per_floor":[75,64,64,64,64,64,64,61,61,61,61,61,61,61,61,45,75,55,33,33,21,4,4,29,29,29,12,0,0],"gold":95,"neow_bonus":"THREE_ENEMY_KILL","is_daily":false,"chose_seed":false,"campfire_upgraded":3,"win_rate":0.0,"timestamp":1611542371,"path_taken":["M","?","$","M","?","E","R","M","T","R","M","?","?","?","R","BOSS","M","M","$","M","M","M","?","?","T","M","M"],"items_purchased_type":["Card","Card","Relic"],"build_version":"2020-12-22","purchased_purges":2,"victory":false,"max_hp_per_floor":[75,75,75,75,75,75,75,75,75,75,75,75,75,75,75,75,75,75,75,75,75,75,75,75,75,75,75,75,75],"card_choices":[{"not_picked":["Go for the Eyes","Consume"],"picked":"Ball Lightning","floor":1},{"not_picked":["Skim","Hologram"],"picked":"Streamline","floor":4},{"not_picked":["Stack","Hyperbeam"],"picked":"Doom and Gloom","floor":6},{"not_picked":["BootSequence","Turbo"],"picked":"Melter","floor":8},{"not_picked":["Steam","Reinforced Body"],"picked":"Sweeping Beam","floor":11},{"not_picked":["Meteor Strike","Core Surge"],"picked":"Echo Form","floor":16},{"not_picked":["Steam","Hello World"],"picked":"White Noise","floor":18},{"not_picked":["Go for the Eyes","Steam","Beam Cell+1"],"picked":"SKIP","floor":19},{"not_picked":["Fusion+1","Coolheaded+1"],"picked":"Loop+1","floor":21},{"not_picked":["Fusion","White Noise"],"picked":"Auto Shields","floor":22},{"not_picked":["Compile Driver","Streamline+1"],"picked":"Barrage","floor":27}],"player_experience":77548,"relics_obtained":[{"floor":6,"key":"Ancient Tea Set"},{"floor":9,"key":"Nunchaku"},{"floor":13,"key":"Pen Nib"},{"floor":26,"key":"Toxic Egg 2"}],"event_choices":[{"damage_healed":0,"gold_gain":75,"player_choice":"Gather Gold","damage_taken":11,"max_hp_gain":0,"max_hp_loss":0,"event_name":"World of Goop","floor":2,"gold_loss":0},{"cards_removed":["Strike_B"],"damage_healed":0,"gold_gain":0,"player_choice":"Forget","damage_taken":0,"max_hp_gain":0,"max_hp_loss":0,"event_name":"Living Wall","floor":5,"gold_loss":0},{"damage_healed":0,"gold_gain":0,"player_choice":"Searched \u00270\u0027 times","damage_taken":0,"max_hp_gain":0,"max_hp_loss":0,"event_name":"Dead Adventurer","floor":12,"gold_loss":0},{"cards_removed":["Strike_B"],"damage_healed":0,"gold_gain":0,"player_choice":"Purged","damage_taken":0,"max_hp_gain":0,"max_hp_loss":0,"event_name":"Purifier","floor":14,"gold_loss":0},{"damage_healed":25,"gold_gain":0,"player_choice":"Heal","damage_taken":0,"max_hp_gain":0,"max_hp_loss":0,"event_name":"The Library","floor":24,"gold_loss":0},{"damage_healed":0,"gold_gain":0,"player_choice":"Opened","damage_taken":0,"relics_obtained":["White Beast Statue"],"max_hp_gain":0,"max_hp_loss":0,"event_name":"The Mausoleum","floor":25,"gold_loss":0,"cards_obtained":["Writhe"]}],"is_beta":false,"boss_relics":[{"not_picked":["Astrolabe","Snecko Eye"],"picked":"Runic Dome"}],"items_purged_floors":[3,20],"is_endless":false,"potions_floor_spawned":[4,11,16,18,19,22,27],"killed_by":"Chosen and Byrds","ascension_level":0}}