{"host":"sc0o2qwpf9j16a4i","time":1611566589,"event":{"mods":["AchievementEnabler","BaseMod","BetterRewards","Block Reminder","Colored Map","Colored Powertips","Custom Start","Highlight Path","Minty Spire (QoL Compilation)","Relic Stats"],"gold_per_floor":[113,131,148,223,223,223,241,274,324,324,343,368,138,163,163,163,163],"floor_reached":16,"language":"ENG","playtime":531,"items_purged":["Strike_G"],"score":370,"play_id":"d5c64d65-2cdf-4b2c-9c9c-dbe39c86d69c","local_time":"20210125112309","is_ascension_mode":true,"campfire_choices":[{"floor":6,"key":"REST"},{"floor":10,"key":"REST"},{"floor":15,"key":"REST"}],"circlet_count":0,"master_deck":["AscendersBane","Strike_G","Strike_G","Strike_G","Strike_G","Defend_G","Defend_G","Defend_G","Defend_G","Defend_G","Survivor","Neutralize","Adrenaline+1","Deadly Poison","Choke","Dagger Spray","Calculated Gamble","Footwork","Leg Sweep","Quick Slash","Wraith Form v2"],"relics":["Ring of the Snake","ClockworkSouvenir","Turnip","Tiny Chest","Mercury Hourglass","Vajra","Akabeko","Boot"],"acts_visited":["Exordium"],"potions_floor_usage":[11],"damage_taken":[{"damage":0,"enemies":"2 Louse","floor":1,"turns":3},{"damage":4,"enemies":"Jaw Worm","floor":2,"turns":7},{"damage":4,"enemies":"Small Slimes","floor":3,"turns":3},{"damage":0,"enemies":"2 Fungi Beasts","floor":7,"turns":2},{"damage":24,"enemies":"Gremlin Nob","floor":8,"turns":4},{"damage":9,"enemies":"Exordium Thugs","floor":11,"turns":4},{"damage":0,"enemies":"Lagavulin","floor":12,"turns":8},{"damage":42,"enemies":"Slime Boss","floor":16,"turns":10}],"seed_played":"8657415502883190895","potions_obtained":[{"floor":2,"key":"CultistPotion"},{"floor":7,"key":"Dexterity Potion"}],"is_trial":false,"path_per_floor":["M","M","M","?","?","R","M","E","T","R","M","E","$","T","R","B"],"character_chosen":"THE_SILENT","items_purchased":["Adrenaline","ClockworkSouvenir","Turnip","Tiny Chest","Wraith Form v2"],"campfire_rested":3,"item_purchase_floors":[0,0,0,0,13],"current_hp_per_floor":[31,27,23,12,12,31,31,7,7,26,17,17,17,17,36,0,0],"gold":163,"neow_bonus":"","is_daily":false,"chose_seed":false,"campfire_upgraded":0,"win_rate":0.0,"timestamp":1611566589,"path_taken":["M","M","M","?","?","R","?","E","T","R","M","E","$","?","R","BOSS"],"items_purchased_type":["Card","Relic","Relic","Relic","Card"],"build_version":"2020-12-22","purchased_purges":1,"victory":false,"max_hp_per_floor":[66,66,66,66,66,66,66,66,66,66,66,66,66,66,66,66,66],"relic_stats":{"counters":[35,141],"Tiny Chest":1,"Turnip":[6],"Boot":[2],"obtain_stats":[{"Lantern":49,"Gremlin Horn":42,"Vajra":9,"Bottled Tornado":47,"Boot":14,"ClockworkSouvenir":31,"Sozu":17,"Tough Bandages":11,"Shovel":19,"Matryoshka":26,"Pantograph":41,"MealTicket":47,"Tiny Chest":0,"Ring of the Snake":0,"Golden Idol":7,"Tingsha":29,"Paper Crane":9,"War Paint":32,"MawBank":24,"Akabeko":43,"WarpedTongs":20,"Mercury Hourglass":8,"SlaversCollar":34,"Turnip":0,"Toy Ornithopter":43},{"Lantern":26,"Gremlin Horn":23,"Vajra":32,"Bottled Tornado":25,"Boot":34,"ClockworkSouvenir":16,"Sozu":8,"Tough Bandages":5,"Shovel":9,"Matryoshka":13,"Pantograph":23,"MealTicket":25,"Tiny Chest":27,"Ring of the Snake":0,"Golden Idol":4,"Tingsha":15,"Paper Crane":4,"War Paint":16,"MawBank":12,"Akabeko":23,"WarpedTongs":9,"Mercury Hourglass":32,"SlaversCollar":17,"Turnip":27,"Toy Ornithopter":23},{"Lantern":93,"Gremlin Horn":78,"Vajra":120,"Bottled Tornado":89,"Boot":131,"ClockworkSouvenir":47,"Sozu":13,"Tough Bandages":9,"Shovel":14,"Matryoshka":34,"Pantograph":78,"MealTicket":89,"Tiny Chest":101,"Ring of the Snake":0,"Golden Idol":6,"Tingsha":42,"Paper Crane":6,"War Paint":47,"MawBank":30,"Akabeko":78,"WarpedTongs":14,"Mercury Hourglass":120,"SlaversCollar":57,"Turnip":101,"Toy Ornithopter":78}],"Ring of the Snake":[70],"Mercury Hourglass":[105]},"card_choices":[{"not_picked":["Dodge and Roll","Bane"],"picked":"Deadly Poison","floor":1},{"not_picked":["Underhanded Strike","Eviscerate"],"picked":"Choke","floor":2},{"not_picked":["Blur","Cloak And Dagger"],"picked":"Dagger Spray","floor":3},{"not_picked":["Reflex","Prepared"],"picked":"Calculated Gamble","floor":7},{"not_picked":["Backflip","Sucker Punch"],"picked":"Footwork","floor":8},{"not_picked":["Blade Dance","Storm of Steel"],"picked":"Leg Sweep","floor":11},{"not_picked":["Leg Sweep","Slice"],"picked":"Quick Slash","floor":12}],"player_experience":930320,"relics_obtained":[{"floor":8,"key":"Mercury Hourglass"},{"floor":9,"key":"Vajra"},{"floor":12,"key":"Akabeko"},{"floor":14,"key":"Boot"}],"event_choices":[{"damage_healed":0,"gold_gain":75,"player_choice":"Gather Gold","damage_taken":11,"max_hp_gain":0,"max_hp_loss":0,"event_name":"World of Goop","floor":4,"gold_loss":0},{"damage_healed":0,"gold_gain":0,"player_choice":"Grow","damage_taken":0,"max_hp_gain":0,"max_hp_loss":0,"event_name":"Living Wall","floor":5,"gold_loss":0,"cards_upgraded":["Adrenaline"]}],"is_beta":false,"boss_relics":[],"items_purged_floors":[13],"is_endless":false,"potions_floor_spawned":[2,7],"killed_by":"Slime Boss","ascension_level":20}}