{"host":"zo0fa0a5kswy4u9t","time":1611556256,"event":{"mods":["BaseMod","Downfall","Marisa£®ÏF”Í°°ƒß¿Ì…≥£©","Minty Spire (QoL Compilation)","Remilia£®¿Ÿ√◊¿Ú—«£©","StSLib","The Bug Knight"],"gold_per_floor":[117,192,192,292,292,292,309,338,385,396,8,19,19,19,19,122,122,137,236,251,0,0,31,31,50,50,50,50,66,84,184,184,284,284,304,304,315,325,325,325,13,13,13,25,25,25,52,65,65,65],"floor_reached":51,"language":"ZHS","playtime":3436,"items_purged":[],"score":868,"play_id":"0aee9a98-ee2d-4754-9749-f0feb64fce3d","local_time":"20210125143056","is_ascension_mode":false,"campfire_choices":[{"floor":6,"key":"REST"},{"floor":13,"key":"DIG"},{"floor":15,"key":"DIG"},{"floor":32,"key":"REST"},{"floor":40,"key":"DIG"},{"floor":42,"key":"DIG"},{"floor":49,"key":"DIG"}],"circlet_count":0,"master_deck":["HollowMod:NailStrikeStart","HollowMod:NailStrikeStart","HollowMod:NailStrikeStart","HollowMod:NailStrikeStart","HollowMod:QuickDashStart+1","HollowMod:QuickDashStart+1","HollowMod:QuickDashStart","HollowMod:QuickDashStart","HollowMod:FocusHealStart","HollowMod:PogoStrike","HollowMod:TaintedHusks+1","downfall:Haunted","downfall:Haunted","Injury","HollowMod:AwokenDreamNail","Writhe","Pain","HollowMod:SiblingsSouls","HollowMod:MothsMistake","HollowMod:CycloneSlash","HollowMod:TaintedHusks","HollowMod:HuntersJournal","HollowMod:QuirrelsAssistance","HollowMod:NewInfectedGuardian","HollowMod:InfectedCysts+1","HollowMod:MantisMark","HollowMod:NewLastStag","HollowMod:BaldurShell","Writhe","HollowMod:MantisMark+1","Pride","HollowMod:MonarchWings+1","HollowMod:DoubleDash+1","HollowMod:ElderbugsWisdom","HollowMod:NewLittleFool","HollowMod:GreatSlash","HollowMod:VengefulVoid","HollowMod:HowlingWraiths+1","HollowMod:GrimmsGift+1","HollowMod:InfectedAttack+1","HollowMod:CloakDash+1","downfall:Bewildered","HollowMod:NewGlowingWomb+1","HollowMod:LifebloodCocoon+1","Writhe","HollowMod:SoulStrike+1","HollowMod:RecoilStrike","HollowMod:NewJinnsSoul+1"],"relics":["HollowMod:VesselMask","Du-Vu Doll","Oddly Smooth Stone","Orichalcum","Shovel","TungstenRod","Pantograph","Ornamental Fan","SacredBark","CaptainsWheel","Peace Pipe","Toxic Egg 2","Meat on the Bone","GreatHeart","Prayer Wheel","Bottled Tornado","Cursed Key","Darkstone Periapt","Shuriken","Mummified Hand","Pear","AntiCross","Pocketwatch"],"acts_visited":["Exordium","TheCity","TheBeyond"],"potions_floor_usage":[8,16,23,31,31,44,48,50,50],"damage_taken":[{"damage":10,"enemies":"Jaw Worm","floor":1,"turns":4},{"damage":0,"enemies":"Small Slimes","floor":7,"turns":2},{"damage":38,"enemies":"3 Sentries","floor":8,"turns":5},{"damage":3,"enemies":"2 Louse","floor":10,"turns":3},{"damage":18,"enemies":"Large Slime","floor":12,"turns":6},{"damage":44,"enemies":"The Guardian","floor":16,"turns":9},{"damage":1,"enemies":"Spheric Guardian","floor":18,"turns":3},{"damage":24,"enemies":"Shell Parasite","floor":20,"turns":4},{"damage":34,"enemies":"Slavers","floor":23,"turns":4},{"damage":24,"enemies":"Snecko","floor":25,"turns":5},{"damage":14,"enemies":"Snake Plant","floor":29,"turns":4},{"damage":8,"enemies":"Chosen and Byrds","floor":30,"turns":3},{"damage":12,"enemies":"Colosseum Slavers","floor":31,"turns":2},{"damage":22,"enemies":"Colosseum Nobs","floor":31,"turns":4},{"damage":50,"enemies":"HollowMod:NKGrimm","floor":33,"turns":8},{"damage":30,"enemies":"Orb Walker","floor":35,"turns":3},{"damage":17,"enemies":"3 Darklings","floor":37,"turns":3},{"damage":33,"enemies":"Spire Growth","floor":38,"turns":5},{"damage":13,"enemies":"Writhing Mass","floor":44,"turns":4},{"damage":38,"enemies":"Reptomancer","floor":47,"turns":5},{"damage":16,"enemies":"Transient","floor":48,"turns":5},{"damage":69,"enemies":"Donu and Deca","floor":50,"turns":5}],"seed_played":"-236993914346604553","potions_obtained":[{"floor":1,"key":"AttackPotion"},{"floor":8,"key":"BlessingOfTheForge"},{"floor":16,"key":"Energy Potion"},{"floor":23,"key":"Strength Potion"},{"floor":25,"key":"Strength Potion"},{"floor":29,"key":"SpeedPotion"},{"floor":37,"key":"Block Potion"},{"floor":47,"key":"DistilledChaos"},{"floor":48,"key":"LiquidBronze"}],"is_trial":false,"path_per_floor":["M","?","?","?","?","R","M","E","T","M","$","M","R","T","R","B",null,"M","?","M","?","T","E","?","M","T","?","?","M","M","?","R","B",null,"M","?","M","M","?","R","$","R","T","M","?","?","E","M","R","B",null],"character_chosen":"THE_BUGKNIGHT","items_purchased":["HollowMod:TaintedHusks","HollowMod:HuntersJournal","Shovel","Shuriken","HollowMod:CloakDash+1"],"campfire_rested":2,"item_purchase_floors":[11,11,11,41,41],"current_hp_per_floor":[72,61,45,50,50,76,76,48,48,45,45,33,33,33,33,32,87,87,87,63,63,63,39,39,21,21,21,21,25,35,25,51,44,87,57,57,52,37,37,37,37,37,53,52,52,84,58,54,54,28],"gold":65,"neow_bonus":"TEN_PERCENT_HP_BONUS","is_daily":false,"chose_seed":false,"campfire_upgraded":0,"win_rate":0.0,"timestamp":1611556256,"path_taken":["M","?","?","?","?","R","?","E","T","M","?","M","R","?","R","BOSS","M","?","M","?","?","E","?","?","T","?","?","M","M","?","R","BOSS","M","?","M","M","?","R","?","R","T","M","?","?","E","M","R","BOSS"],"items_purchased_type":["Card","Card","Relic","Relic","Card"],"build_version":"2020-12-22","purchased_purges":0,"victory":true,"max_hp_per_floor":[82,82,82,87,87,87,87,87,87,87,87,87,87,87,87,87,87,87,87,87,87,87,87,87,87,87,87,87,87,87,87,87,87,87,87,87,87,87,87,87,87,87,103,103,103,109,109,109,109,109],"card_choices":[{"not_picked":["HollowMod:InfectionAssault","HollowMod:VengefulSpirit"],"picked":"HollowMod:TaintedHusks","floor":1},{"not_picked":["HollowMod:FallenFury","HollowMod:DashSlash"],"picked":"HollowMod:SiblingsSouls","floor":7},{"not_picked":["HollowMod:PerfectDash","HollowMod:SiblingsSouls"],"picked":"HollowMod:MothsMistake","floor":8},{"not_picked":["HollowMod:SoulVessel","HollowMod:HowlingWraiths"],"picked":"HollowMod:CycloneSlash","floor":10},{"not_picked":["HollowMod:SharpenedNail","HollowMod:ShadowDash"],"picked":"HollowMod:QuirrelsAssistance","floor":12},{"not_picked":["HollowMod:MidwifesHunger","HollowMod:AwokenDreamNail"],"picked":"HollowMod:NewInfectedGuardian","floor":16},{"not_picked":["HollowMod:HeavyBlow","HollowMod:HowlingWraiths"],"picked":"HollowMod:InfectedCysts+1","floor":18},{"not_picked":["HollowMod:CycloneSlash","HollowMod:DoubleDash"],"picked":"HollowMod:MantisMark","floor":20},{"not_picked":["HollowMod:ZotesMagnificence","HollowMod:HuntersJournal"],"picked":"HollowMod:BaldurShell","floor":23},{"not_picked":["HollowMod:SharpenedNail","HollowMod:GoodIntentions+1"],"picked":"HollowMod:MantisMark+1","floor":25},{"not_picked":["HollowMod:ShadowDash+1","HollowMod:VengefulSpirit"],"picked":"HollowMod:MonarchWings+1","floor":29},{"not_picked":["HollowMod:SoulShaman+1","HollowMod:SharpenedShadows+1"],"picked":"HollowMod:ShapeofUnn","floor":30},{"not_picked":["HollowMod:QuirrelsAssistance","HollowMod:CoiledNail"],"picked":"HollowMod:DoubleDash+1","floor":31},{"not_picked":["HollowMod:HornetsHelp","HollowMod:ZotesMagnificence"],"picked":"HollowMod:ElderbugsWisdom","floor":33},{"not_picked":["HollowMod:Grubsong","HollowMod:RecoilStrike+1"],"picked":"HollowMod:NewLittleFool","floor":35},{"not_picked":["HollowMod:DescendingDark","HollowMod:SoulStrike+1"],"picked":"HollowMod:GreatSlash","floor":35},{"not_picked":["HollowMod:CrystalDash+1","HollowMod:WraithStrike"],"picked":"HollowMod:VengefulVoid","floor":37},{"not_picked":["HollowMod:DreamGate+1","HollowMod:SoulVessel"],"picked":"HollowMod:HowlingWraiths+1","floor":37},{"not_picked":["HollowMod:LifebloodCocoon+1","HollowMod:WraithStrike"],"picked":"HollowMod:GrimmsGift+1","floor":38},{"not_picked":["HollowMod:BaldurShell","HollowMod:DescendingDark+1"],"picked":"HollowMod:InfectedAttack+1","floor":38},{"not_picked":["HollowMod:MothsMistake+1","HollowMod:SoulSplash+1"],"picked":"HollowMod:NewGlowingWomb+1","floor":44},{"not_picked":["HollowMod:DashSlash","HollowMod:InfectedAttack+1"],"picked":"HollowMod:LifebloodCocoon+1","floor":44},{"not_picked":["HollowMod:MothsMistake","HollowMod:SiblingsShadow+1"],"picked":"HollowMod:SoulStrike+1","floor":47},{"not_picked":["HollowMod:ZotesMagnificence","HollowMod:VengefulVoid+1"],"picked":"HollowMod:RecoilStrike","floor":48},{"not_picked":["HollowMod:TaintedHusks+1","HollowMod:DashSlash"],"picked":"HollowMod:NewJinnsSoul+1","floor":48}],"player_experience":56062,"relics_obtained":[{"floor":8,"key":"Oddly Smooth Stone"},{"floor":9,"key":"Orichalcum"},{"floor":13,"key":"TungstenRod"},{"floor":14,"key":"Pantograph"},{"floor":15,"key":"Ornamental Fan"},{"floor":22,"key":"CaptainsWheel"},{"floor":23,"key":"Peace Pipe"},{"floor":26,"key":"Meat on the Bone"},{"floor":31,"key":"Prayer Wheel"},{"floor":31,"key":"Bottled Tornado"},{"floor":40,"key":"Darkstone Periapt"},{"floor":42,"key":"Mummified Hand"},{"floor":43,"key":"Pear"},{"floor":47,"key":"AntiCross"},{"floor":49,"key":"Pocketwatch"}],"event_choices":[{"damage_healed":0,"gold_gain":75,"player_choice":"Gather Gold","damage_taken":11,"max_hp_gain":0,"max_hp_loss":0,"event_name":"World of Goop","floor":2,"gold_loss":0},{"damage_healed":0,"gold_gain":0,"player_choice":"Entered Light","damage_taken":16,"max_hp_gain":0,"max_hp_loss":0,"event_name":"Shining Light","floor":3,"gold_loss":0,"cards_upgraded":["HollowMod:QuickDashStart","HollowMod:QuickDashStart"]},{"damage_healed":0,"gold_gain":0,"player_choice":"Grow","damage_taken":0,"max_hp_gain":0,"max_hp_loss":0,"event_name":"Living Wall","floor":5,"gold_loss":0,"cards_upgraded":["HollowMod:TaintedHusks"]},{"damage_healed":0,"gold_gain":99,"player_choice":"Stole From Cult","damage_taken":0,"max_hp_gain":0,"max_hp_loss":0,"event_name":"Nest","floor":19,"gold_loss":0},{"damage_healed":0,"gold_gain":0,"player_choice":"Opened","damage_taken":0,"relics_obtained":["Toxic Egg 2"],"max_hp_gain":0,"max_hp_loss":0,"event_name":"The Mausoleum","floor":24,"gold_loss":0,"cards_obtained":["Writhe"]},{"damage_healed":0,"gold_gain":0,"player_choice":"Ignored","damage_taken":0,"max_hp_gain":0,"max_hp_loss":0,"event_name":"Ghosts","floor":28,"gold_loss":0},{"damage_healed":0,"gold_gain":0,"player_choice":"Fight","damage_taken":0,"max_hp_gain":0,"max_hp_loss":0,"event_name":"Colosseum","floor":31,"gold_loss":0},{"damage_healed":0,"gold_gain":0,"player_choice":"Fought Nobs","damage_taken":0,"max_hp_gain":0,"max_hp_loss":0,"event_name":"Colosseum","floor":31,"gold_loss":0},{"damage_healed":0,"gold_gain":0,"player_choice":"Ignored","damage_taken":0,"max_hp_gain":0,"max_hp_loss":0,"event_name":"The Moai Head","floor":39,"gold_loss":0},{"cards_removed":["HollowMod:ShapeofUnn"],"damage_healed":0,"gold_gain":0,"player_choice":"Removed Power","damage_taken":0,"max_hp_gain":0,"max_hp_loss":0,"event_name":"Falling","floor":45,"gold_loss":0},{"damage_healed":26,"gold_gain":0,"player_choice":"Writhe","damage_taken":0,"max_hp_gain":0,"max_hp_loss":0,"event_name":"Winding Halls","floor":46,"gold_loss":0,"cards_obtained":["Writhe"]}],"is_beta":false,"boss_relics":[{"not_picked":["Velvet Choker","Coffee Dripper"],"picked":"SacredBark"},{"not_picked":["Tiny House","Runic Dome"],"picked":"Cursed Key"}],"items_purged_floors":[],"is_endless":false,"potions_floor_spawned":[1,8,16,23,25,29,37,47,48],"ascension_level":0}}