{"host":"vyjryxuuuxkt43k4","time":1611564117,"event":{"mods":["AchievementEnabler","BaseMod","Colored Map","DeckTracker","Keyboard Shortcuts","Minty Spire (QoL Compilation)","Permanent Neow","Quick Restart","Rare Cards Sparkle","StSLib","SuperFastMode","everything is the same but u backflip on backflip"],"gold_per_floor":[18,34,34,34,52,52,127,127,202,202,217,217,251,264,264,264,264],"floor_reached":16,"language":"KOR","playtime":711,"items_purged":[],"score":200,"play_id":"5bedbb3e-adad-4c8b-9ef1-8208c35e1732","local_time":"20210125174157","is_ascension_mode":true,"campfire_choices":[{"data":"Entrench","floor":8,"key":"SMITH"},{"data":"Bash","floor":10,"key":"SMITH"},{"data":"Pommel Strike","floor":12,"key":"SMITH"},{"floor":15,"key":"REST"}],"circlet_count":0,"master_deck":["AscendersBane","Strike_R","Strike_R","Strike_R","Defend_R","Defend_R","Defend_R","Bash+1","Clothesline","Body Slam+1","Entrench+1","Pommel Strike+1","Cleave","Shrug It Off"],"relics":["Burning Blood","Golden Idol","Bottled Flame","Regal Pillow"],"acts_visited":["Exordium"],"potions_floor_usage":[13,16],"damage_taken":[{"damage":10,"enemies":"Small Slimes","floor":1,"turns":5},{"damage":10,"enemies":"2 Louse","floor":2,"turns":3},{"damage":6,"enemies":"Jaw Worm","floor":5,"turns":5},{"damage":7,"enemies":"Blue Slaver","floor":11,"turns":5},{"damage":20,"enemies":"3 Sentries","floor":13,"turns":12},{"damage":5,"enemies":"2 Fungi Beasts","floor":14,"turns":3},{"damage":65,"enemies":"The Guardian","floor":16,"turns":8}],"seed_played":"-5679614547969750122","potions_obtained":[{"floor":2,"key":"PowerPotion"},{"floor":5,"key":"SpeedPotion"}],"is_trial":false,"path_per_floor":["M","M","?","?","M","?","?","R","T","R","M","R","E","M","R","B"],"character_chosen":"IRONCLAD","items_purchased":[],"campfire_rested":1,"item_purchase_floors":[],"current_hp_per_floor":[64,60,60,53,53,53,42,42,42,42,41,41,27,28,63,0,0],"gold":264,"neow_bonus":"REMOVE_TWO","is_daily":false,"chose_seed":false,"campfire_upgraded":3,"win_rate":0.0,"timestamp":1611564117,"path_taken":["M","M","?","?","M","?","?","R","T","R","?","R","E","M","R","BOSS"],"items_purchased_type":[],"build_version":"2020-12-22","purchased_purges":0,"victory":false,"max_hp_per_floor":[75,75,75,75,75,68,68,68,68,68,68,68,68,68,68,68,68],"card_choices":[{"not_picked":["Body Slam","Dropkick"],"picked":"Clothesline","floor":1},{"not_picked":["Armaments","Iron Wave"],"picked":"Body Slam","floor":2},{"not_picked":["Clash","Pommel Strike"],"picked":"Entrench","floor":5},{"not_picked":["Rage","Clothesline"],"picked":"Pommel Strike","floor":11},{"not_picked":["Reaper","Flex"],"picked":"Cleave","floor":13},{"not_picked":["Twin Strike","Clothesline"],"picked":"Shrug It Off","floor":14}],"player_experience":326100,"relics_obtained":[{"floor":9,"key":"Bottled Flame"},{"floor":13,"key":"Regal Pillow"}],"event_choices":[{"damage_healed":0,"gold_gain":0,"player_choice":"Grow","damage_taken":0,"max_hp_gain":0,"max_hp_loss":0,"event_name":"Living Wall","floor":3,"gold_loss":0,"cards_upgraded":["Body Slam"]},{"cards_removed":["Strike_R"],"damage_healed":0,"gold_gain":0,"player_choice":"Card Removal","damage_taken":7,"max_hp_gain":0,"max_hp_loss":0,"event_name":"Golden Wing","floor":4,"gold_loss":0},{"damage_healed":0,"gold_gain":0,"player_choice":"Lose Max HP","damage_taken":0,"relics_obtained":["Golden Idol"],"max_hp_gain":0,"max_hp_loss":7,"event_name":"Golden Idol","floor":6,"gold_loss":0},{"damage_healed":0,"gold_gain":75,"player_choice":"Gather Gold","damage_taken":11,"max_hp_gain":0,"max_hp_loss":0,"event_name":"World of Goop","floor":7,"gold_loss":0}],"is_beta":false,"boss_relics":[],"items_purged_floors":[],"is_endless":false,"potions_floor_spawned":[2,5,11],"killed_by":"The Guardian","ascension_level":20}}