{"host":"c2vrdknshfutmcsq","time":1611577174,"event":{"mods":["BaseMod","Minty Spire (QoL Compilation)"],"gold_per_floor":[118,118,118,132,2,2,21,21,21],"floor_reached":8,"language":"ENG","playtime":262,"items_purged":[],"score":87,"play_id":"5128364f-c668-4fbf-a88c-ec7957f0efaf","local_time":"20210125131934","is_ascension_mode":true,"campfire_choices":[{"floor":6.0,"key":"REST"}],"circlet_count":0,"master_deck":["AscendersBane","Strike_B","Strike_B","Strike_B","Strike_B","Defend_B","Defend_B","Defend_B","Defend_B","Zap+1","Dualcast","Auto Shields","Reinforced Body","Gash"],"relics":["Cracked Core","CaptainsWheel","Symbiotic Virus","White Beast Statue"],"acts_visited":["Exordium"],"potions_floor_usage":[8],"damage_taken":[{"damage":2.0,"enemies":"Jaw Worm","floor":1.0,"turns":3.0},{"damage":8.0,"enemies":"2 Louse","floor":4.0,"turns":3.0},{"damage":0.0,"enemies":"Cultist","floor":7.0,"turns":4.0},{"damage":56,"enemies":"Gremlin Nob","floor":8,"turns":4}],"seed_played":"-177683068850240776","potions_obtained":[{"floor":1.0,"key":"Regen Potion"},{"floor":7.0,"key":"Regen Potion"}],"is_trial":false,"path_per_floor":["M","?","?","M","?","R","M","E"],"character_chosen":"DEFECT","items_purchased":[],"campfire_rested":1,"item_purchase_floors":[],"current_hp_per_floor":[44,44,18,19,19,40,40,0,0],"gold":21,"neow_bonus":"ONE_RARE_RELIC","is_daily":false,"chose_seed":false,"campfire_upgraded":0,"win_rate":0.0,"timestamp":1611577174,"path_taken":["M","?","?","M","?","R","?","E"],"items_purchased_type":[],"build_version":"2020-12-22","purchased_purges":0,"victory":false,"max_hp_per_floor":[71,71,71,71,71,71,71,71,71],"card_choices":[{"not_picked":["Recycle","Chaos"],"picked":"Auto Shields","floor":1.0},{"not_picked":["Reprogram","Fusion"],"picked":"Reinforced Body","floor":4.0},{"not_picked":["Turbo","Streamline"],"picked":"Gash","floor":7.0}],"player_experience":1299004,"relics_obtained":[],"event_choices":[{"damage_healed":0.0,"max_hp_gain":0.0,"max_hp_loss":0.0,"gold_gain":0.0,"event_name":"Living Wall","player_choice":"Grow","floor":2.0,"gold_loss":0.0,"damage_taken":0.0,"cards_upgraded":["Zap"]},{"damage_healed":0.0,"max_hp_gain":0.0,"max_hp_loss":0.0,"gold_gain":0.0,"event_name":"Scrap Ooze","player_choice":"Success","floor":3.0,"gold_loss":0.0,"damage_taken":26.0,"relics_obtained":["Symbiotic Virus"]},{"damage_healed":0.0,"max_hp_gain":0.0,"max_hp_loss":0.0,"gold_gain":0.0,"event_name":"WeMeetAgain","player_choice":"Paid Gold","floor":5.0,"gold_loss":130.0,"damage_taken":0.0,"relics_obtained":["White Beast Statue"]}],"is_beta":false,"boss_relics":[],"items_purged_floors":[],"is_endless":false,"potions_floor_spawned":[1,7],"killed_by":"Gremlin Nob","ascension_level":18}}