{"host":"vyiqbz5w606ur92t","time":1611560923,"event":{"mods":["BaseMod","Minty Spire (QoL Compilation)","StSLib"],"gold_per_floor":[110,110,122,45,62,91,91,117,140,140,151,183,183,194,194,290,290,310,324,358,40,51,78,78,97,97,129,139,169,189,218,218,322,322,333,27,44,59,59,94,109,136,136,154,154,183,183,203,203,203,203],"floor_reached":50,"language":"ENG","playtime":5599,"items_purged":["Strike_G"],"score":1057,"play_id":"2837332a-0992-44c8-b077-3c0f92e5d636","local_time":"20210125074843","is_ascension_mode":true,"campfire_choices":[{"data":"Acrobatics","floor":7,"key":"SMITH"},{"floor":10,"key":"REST"},{"data":"Skewer","floor":15,"key":"SMITH"},{"floor":24,"key":"REST"},{"floor":32,"key":"REST"},{"floor":45,"key":"REST"},{"floor":47,"key":"RECALL"},{"data":"After Image","floor":49,"key":"SMITH"}],"circlet_count":0,"master_deck":["Strike_G","Strike_G","Strike_G+1","Defend_G","Defend_G","Defend_G","Defend_G","Defend_G","Survivor","Neutralize","Bouncing Flask","Poisoned Stab","Leg Sweep","Acrobatics+1","Backflip","Quick Slash","Dagger Spray","Malaise","Skewer+1","Envenom","Blade Dance","Crippling Poison","Backflip","Cloak And Dagger","Cloak And Dagger+1","Storm of Steel","Infinite Blades+1","Acrobatics+1","Dash+1","Noxious Fumes","Cloak And Dagger","Blade Dance+1","Bane+1","After Image+1","Dodge and Roll+1","Choke+1","Well Laid Plans+1","Accuracy+1","Flechettes","Backflip+1","Normality","Prepared+1","Distraction+1","Cloak And Dagger+1"],"relics":["Cursed Key","Centennial Puzzle","Dream Catcher","Orichalcum","Regal Pillow","Black Star","Red Mask","Shuriken","Ornamental Fan","Incense Burner","Blue Candle","Sundial","Art of War","Tiny Chest","InkBottle","Matryoshka","Happy Flower","Empty Cage","Gambling Chip","White Beast Statue","Mercury Hourglass","Bag of Preparation","MealTicket","Smiling Mask","Omamori","Whetstone"],"acts_visited":["Exordium","TheCity","TheBeyond"],"potions_floor_usage":[11,12,16,20,23,23,25,29,41,42,44,50,50,50],"damage_taken":[{"damage":1,"enemies":"2 Louse","floor":1,"turns":3},{"damage":1,"enemies":"Cultist","floor":3,"turns":3},{"damage":0,"enemies":"Jaw Worm","floor":5,"turns":3},{"damage":20,"enemies":"Gremlin Nob","floor":6,"turns":4},{"damage":12,"enemies":"Lagavulin","floor":8,"turns":7},{"damage":0,"enemies":"Looter","floor":11,"turns":3},{"damage":7,"enemies":"3 Sentries","floor":12,"turns":8},{"damage":11,"enemies":"Gremlin Gang","floor":14,"turns":6},{"damage":0,"enemies":"Slime Boss","floor":16,"turns":6},{"damage":8,"enemies":"Shell Parasite","floor":18,"turns":6},{"damage":0,"enemies":"Chosen","floor":19,"turns":5},{"damage":7,"enemies":"Masked Bandits","floor":20,"turns":3},{"damage":17,"enemies":"Centurion and Healer","floor":22,"turns":8},{"damage":18,"enemies":"Slavers","floor":23,"turns":7},{"damage":11,"enemies":"Shelled Parasite and Fungi","floor":25,"turns":6},{"damage":1,"enemies":"Book of Stabbing","floor":27,"turns":6},{"damage":10,"enemies":"Snake Plant","floor":28,"turns":5},{"damage":5,"enemies":"Slavers","floor":29,"turns":6},{"damage":10,"enemies":"Sentry and Sphere","floor":30,"turns":5},{"damage":2,"enemies":"Book of Stabbing","floor":31,"turns":5},{"damage":16,"enemies":"Collector","floor":33,"turns":7},{"damage":0,"enemies":"3 Darklings","floor":35,"turns":5},{"damage":7,"enemies":"Orb Walker","floor":37,"turns":3},{"damage":14,"enemies":"Writhing Mass","floor":38,"turns":7},{"damage":16,"enemies":"Nemesis","floor":40,"turns":7},{"damage":0,"enemies":"Transient","floor":41,"turns":5},{"damage":15,"enemies":"Reptomancer","floor":42,"turns":6},{"damage":0,"enemies":"3 Darklings","floor":44,"turns":6},{"damage":10,"enemies":"Giant Head","floor":46,"turns":7},{"damage":1,"enemies":"Maw","floor":48,"turns":5},{"damage":40,"enemies":"Time Eater","floor":50,"turns":8}],"seed_played":"182130940178411979","potions_obtained":[{"floor":1,"key":"Regen Potion"},{"floor":6,"key":"Energy Potion"},{"floor":8,"key":"SteroidPotion"},{"floor":12,"key":"CultistPotion"},{"floor":19,"key":"Swift Potion"},{"floor":22,"key":"Swift Potion"},{"floor":23,"key":"DuplicationPotion"},{"floor":27,"key":"BlessingOfTheForge"},{"floor":29,"key":"Weak Potion"},{"floor":37,"key":"Fruit Juice"},{"floor":38,"key":"FearPotion"},{"floor":41,"key":"Energy Potion"},{"floor":42,"key":"CunningPotion"},{"floor":44,"key":"SteroidPotion"}],"is_trial":false,"path_per_floor":["M","?","M","$","M","E","R","E","T","R","M","E","?","M","R","B",null,"M","M","?","$","M","E","R","M","T","E","M","E","M","E","R","B",null,"M","$","M","M","?","E","M","E","T","M","R","E","R","M","R","B"],"character_chosen":"THE_SILENT","items_purchased":["Leg Sweep","Shuriken","Gambling Chip"],"campfire_rested":4,"item_purchase_floors":[4,21,36],"current_hp_per_floor":[62,55,54,54,54,34,34,22,22,43,43,51,51,40,40,40,60,52,52,45,45,28,10,45,34,34,33,23,18,8,6,41,25,57,57,57,50,36,36,20,20,5,5,5,40,30,30,29,29,0,0],"gold":203,"neow_bonus":"BOSS_RELIC","is_daily":false,"chose_seed":false,"campfire_upgraded":3,"win_rate":0.0,"timestamp":1611560923,"path_taken":["M","?","M","?","M","E","R","E","T","R","M","E","?","M","R","BOSS","M","?","?","?","M","E","R","M","T","E","M","E","M","E","R","BOSS","M","$","M","M","?","E","M","E","T","?","R","E","R","M","R","BOSS"],"items_purchased_type":["Card","Relic","Relic"],"build_version":"2020-12-22","purchased_purges":1,"victory":false,"max_hp_per_floor":[70,70,70,70,70,70,70,70,70,70,70,70,67,67,67,67,67,67,67,67,67,67,67,67,67,67,67,67,67,67,67,67,67,67,67,67,67,67,67,67,67,67,67,67,67,67,67,67,67,72,72],"card_choices":[{"not_picked":["Prepared","Quick Slash"],"picked":"Bouncing Flask","floor":1},{"not_picked":["Expertise","Underhanded Strike"],"picked":"Poisoned Stab","floor":3},{"not_picked":["Outmaneuver","Slice","Endless Agony"],"picked":"SKIP","floor":5},{"not_picked":["Doppelganger","Masterful Stab"],"picked":"Acrobatics","floor":6},{"not_picked":["Blade Dance","Grand Finale"],"picked":"Backflip","floor":8},{"not_picked":["Slice","Riddle With Holes"],"picked":"Quick Slash","floor":10},{"not_picked":["Slice","Blade Dance"],"picked":"Dagger Spray","floor":11},{"not_picked":["Finisher","Deflect"],"picked":"Malaise","floor":12},{"not_picked":["Slice","Deflect"],"picked":"Skewer","floor":14},{"not_picked":["Burst","Storm of Steel"],"picked":"Envenom","floor":16},{"not_picked":["Cloak And Dagger","Deadly Poison"],"picked":"Blade Dance","floor":18},{"not_picked":["Outmaneuver","Prepared"],"picked":"Crippling Poison","floor":19},{"not_picked":["Prepared+1","Underhanded Strike"],"picked":"Backflip","floor":20},{"not_picked":["Poisoned Stab+1","Dodge and Roll"],"picked":"Cloak And Dagger","floor":22},{"not_picked":["Quick Slash","Masterful Stab"],"picked":"Cloak And Dagger+1","floor":23},{"not_picked":["Setup","Eviscerate+1"],"picked":"Storm of Steel","floor":24},{"not_picked":["Escape Plan","Expertise"],"picked":"Infinite Blades+1","floor":25},{"not_picked":["Prepared","Masterful Stab"],"picked":"Acrobatics+1","floor":27},{"not_picked":["Quick Slash+1","Sucker Punch"],"picked":"Dash","floor":28},{"not_picked":["Backstab+1","Blade Dance"],"picked":"Noxious Fumes","floor":29},{"not_picked":["Slice","Underhanded Strike"],"picked":"Cloak And Dagger","floor":30},{"not_picked":["Backstab","Expertise"],"picked":"Blade Dance+1","floor":31},{"not_picked":["Endless Agony","Burst"],"picked":"Bane+1","floor":32},{"not_picked":["Storm of Steel","Venomology"],"picked":"After Image","floor":33},{"not_picked":["Backstab","Deflect"],"picked":"Dodge and Roll+1","floor":35},{"not_picked":["PiercingWail","Deflect+1"],"picked":"Choke+1","floor":37},{"not_picked":["Dagger Throw","Acrobatics+1"],"picked":"Well Laid Plans+1","floor":38},{"not_picked":["Deflect+1","Terror"],"picked":"Accuracy+1","floor":40},{"not_picked":["Choke","Predator"],"picked":"Flechettes","floor":41},{"not_picked":["Underhanded Strike","All Out Attack"],"picked":"Backflip+1","floor":42},{"not_picked":["Leg Sweep","Escape Plan"],"picked":"Prepared+1","floor":44},{"not_picked":["Flechettes+1","Endless Agony"],"picked":"Distraction+1","floor":46},{"not_picked":["Sucker Punch+1","Deflect+1"],"picked":"Cloak And Dagger+1","floor":48}],"player_experience":1022251,"relics_obtained":[{"floor":6,"key":"Centennial Puzzle"},{"floor":8,"key":"Dream Catcher"},{"floor":9,"key":"Orichalcum"},{"floor":12,"key":"Regal Pillow"},{"floor":20,"key":"Red Mask"},{"floor":23,"key":"Ornamental Fan"},{"floor":23,"key":"Incense Burner"},{"floor":26,"key":"Blue Candle"},{"floor":27,"key":"Sundial"},{"floor":27,"key":"Art of War"},{"floor":29,"key":"Tiny Chest"},{"floor":29,"key":"InkBottle"},{"floor":31,"key":"Matryoshka"},{"floor":31,"key":"Happy Flower"},{"floor":40,"key":"White Beast Statue"},{"floor":40,"key":"Mercury Hourglass"},{"floor":42,"key":"Bag of Preparation"},{"floor":42,"key":"MealTicket"},{"floor":43,"key":"Smiling Mask"},{"floor":46,"key":"Omamori"},{"floor":46,"key":"Whetstone"}],"event_choices":[{"damage_healed":0,"gold_gain":0,"player_choice":"Damaged","damage_taken":7,"max_hp_gain":0,"max_hp_loss":0,"event_name":"Wheel of Change","floor":2,"gold_loss":0},{"cards_removed":["Parasite"],"damage_healed":0,"gold_gain":0,"player_choice":"Purged","damage_taken":0,"max_hp_gain":0,"max_hp_loss":0,"event_name":"Purifier","floor":13,"gold_loss":0},{"damage_healed":0,"gold_gain":0,"player_choice":"Fought Bandits","damage_taken":0,"max_hp_gain":0,"max_hp_loss":0,"event_name":"Masked Bandits","floor":20,"gold_loss":0},{"damage_healed":0,"gold_gain":0,"player_choice":"Ignored","damage_taken":0,"max_hp_gain":0,"max_hp_loss":0,"event_name":"SecretPortal","floor":39,"gold_loss":0}],"is_beta":false,"boss_relics":[{"not_picked":["Tiny House","Philosopher\u0027s Stone"],"picked":"Black Star"},{"not_picked":["Coffee Dripper","HoveringKite"],"picked":"Empty Cage"}],"items_purged_floors":[21],"is_endless":false,"potions_floor_spawned":[1,6,8,12,19,22,23,27,29,37,38,41,42,44,46,48],"killed_by":"Time Eater","ascension_level":7}}