{"host":"xvvh7nwmd7s5vuag","time":1611618751,"event":{"mods":["AchievementEnabler","BaseMod","Bestiary","Better Third Choice","Colored Map","DeckTracker","Downfall","Hermit","Highlight Path","Minty Spire (QoL Compilation)","Permanent Neow","Relic Stats","Replay The Spire","StSLib","The Cursed"],"gold_per_floor":[116,216,230,230,230,230,249,278,278,311,391,391,421,456,531,543,543,642,642,654,654,654,670,541,541,556,471,471,502,502,502],"floor_reached":30,"language":"ENG","playtime":1786,"items_purged":["Night Terror"],"score":264,"play_id":"1588e777-6226-4a2c-ac5e-fd3bcc3557cd","local_time":"20210125185231","is_ascension_mode":false,"campfire_choices":[{"data":"Poisoned Stab","floor":9,"key":"SMITH"},{"data":"Deadly Poison","floor":17,"key":"SMITH"},{"data":"Catalyst","floor":25,"key":"SMITH"}],"circlet_count":0,"master_deck":["Survivor","Neutralize","Poisoned Stab+1","Dagger Throw","Sucker Punch","Prepared","Terror","Deadly Poison+1","Sucker Punch","Tools of the Trade","Accuracy","After Image","Footwork","Sneak Up","Dagger Throw","Malaise","Terror","Deadly Poison","Finisher","Dash+1","Catalyst+1","Poisoned Stab","Bane+1"],"relics":["Ring of the Snake","Ring of Misfortune","TungstenRod","Juzu Bracelet","Replay:Bottled Steam","Ornamental Fan","Shuriken","Pandora\u0027s Box","Nilry\u0027s Codex","MealTicket","Centennial Puzzle","Bottled Flame"],"acts_visited":["Exordium","TheCity"],"potions_floor_usage":[8,18,23,30],"damage_taken":[{"damage":0,"enemies":"Small Slimes","floor":1,"turns":3},{"damage":2,"enemies":"Cultist","floor":3,"turns":4},{"damage":1,"enemies":"2 Louse","floor":7,"turns":3},{"damage":12,"enemies":"3 Sentries","floor":8,"turns":10},{"damage":5,"enemies":"Replay:BlueRogue","floor":10,"turns":6},{"damage":4,"enemies":"3 Sentries","floor":14,"turns":11},{"damage":0,"enemies":"Red Slaver","floor":16,"turns":3},{"damage":1,"enemies":"Hexaghost","floor":18,"turns":8},{"damage":11,"enemies":"Spheric Guardian","floor":20,"turns":4},{"damage":15,"enemies":"3 Byrds","floor":23,"turns":5},{"damage":21,"enemies":"Centurion and Healer","floor":26,"turns":5},{"damage":6,"enemies":"Replay:Snechameleon","floor":29,"turns":6},{"damage":8,"enemies":"Snake Plant","floor":30,"turns":2}],"seed_played":"-6744934335535198459","potions_obtained":[{"floor":7,"key":"EssenceOfSteel"},{"floor":10,"key":"champ:CounterPotion"},{"floor":18,"key":"Elixir"},{"floor":20,"key":"ColorlessPotion"},{"floor":26,"key":"Explosive Potion"}],"is_trial":false,"path_per_floor":["M","?","M","?","PTL","PTL","M","E","R","E","T","?","?","E","?","M","R","B",null,"M","?","?","M","$","R","M","?","T","E","M"],"character_chosen":"THE_SILENT","items_purchased":["Poisoned Stab"],"campfire_rested":0,"item_purchase_floors":[24],"current_hp_per_floor":[70,70,68,68,68,68,67,55,55,50,50,70,70,66,56,56,56,55,70,59,59,47,32,32,32,11,11,11,5,0,0],"gold":502,"neow_bonus":"THREE_CARDS","is_daily":false,"chose_seed":false,"campfire_upgraded":3,"win_rate":0.0,"timestamp":1611618751,"path_taken":["M","?","?","?","PTL","PTL","M","E","R","E","T","?","?","E","?","M","R","BOSS","M","?","?","M","$","R","M","?","T","E","M"],"items_purchased_type":["Card"],"build_version":"2020-12-22","purchased_purges":1,"victory":false,"max_hp_per_floor":[70,70,70,70,70,70,70,70,70,70,70,70,70,70,70,70,70,70,70,70,70,70,70,70,70,70,70,70,70,70,70],"relic_stats":{"Centennial Puzzle":[6],"counters":[13,70],"Ornamental Fan":[40],"Shuriken":[6],"Pandora\u0027s Box":["Accuracy","Night Terror","After Image","Footwork","Sneak Up","Dagger Throw","Malaise","Terror","Deadly Poison","Finisher"],"MealTicket":0,"Juzu Bracelet":1,"obtain_stats":[{"Centennial Puzzle":28,"Bottled Flame":29,"Ornamental Fan":13,"Shuriken":14,"Nilry\u0027s Codex":22,"Ring of Misfortune":4,"Pandora\u0027s Box":19,"MealTicket":27,"Juzu Bracelet":10,"TungstenRod":8,"Ring of the Snake":0,"Replay:Bottled Steam":11},{"Centennial Puzzle":11,"Bottled Flame":12,"Ornamental Fan":5,"Shuriken":6,"Nilry\u0027s Codex":9,"Ring of Misfortune":2,"Pandora\u0027s Box":8,"MealTicket":11,"Juzu Bracelet":5,"TungstenRod":4,"Ring of the Snake":0,"Replay:Bottled Steam":5},{"Centennial Puzzle":62,"Bottled Flame":68,"Ornamental Fan":26,"Shuriken":37,"Nilry\u0027s Codex":52,"Ring of Misfortune":7,"Pandora\u0027s Box":48,"MealTicket":62,"Juzu Bracelet":26,"TungstenRod":20,"Ring of the Snake":0,"Replay:Bottled Steam":26}],"TungstenRod":49,"Ring of the Snake":[26]},"card_choices":[{"not_picked":["PiercingWail","Cloak And Dagger"],"picked":"Poisoned Stab","floor":0},{"not_picked":["PiercingWail","Underhanded Strike"],"picked":"Riddle With Holes","floor":1},{"not_picked":["Skewer","ReplayTheSpireMod:The Works"],"picked":"Dagger Throw","floor":3},{"not_picked":["Well Laid Plans","Blade Dance"],"picked":"Sucker Punch","floor":7},{"not_picked":["Envenom","Well Laid Plans"],"picked":"Prepared","floor":8},{"not_picked":["Sneak Up","Wraith Form v2"],"picked":"Terror","floor":10},{"not_picked":["Masterful Stab","Sucker Punch"],"picked":"Deadly Poison","floor":14},{"not_picked":["Deflect","Slice"],"picked":"Sucker Punch","floor":16},{"not_picked":["Atom Bomb","Corpse Explosion"],"picked":"Tools of the Trade","floor":18},{"not_picked":["PiercingWail+1","Hidden Blade+1"],"picked":"Dash+1","floor":20},{"not_picked":["Blade Dance","Reflex+1"],"picked":"Catalyst","floor":23},{"not_picked":["Infinite Blades","Dagger Spray"],"picked":"Bane+1","floor":26},{"not_picked":["Underhanded Strike","Tools of the Trade","Backflip"],"picked":"SKIP","floor":29}],"player_experience":63858,"relics_obtained":[{"floor":4,"key":"Ring of Misfortune"},{"floor":8,"key":"TungstenRod"},{"floor":10,"key":"Juzu Bracelet"},{"floor":11,"key":"Replay:Bottled Steam"},{"floor":14,"key":"Shuriken"},{"floor":22,"key":"Nilry\u0027s Codex"},{"floor":28,"key":"Centennial Puzzle"},{"floor":29,"key":"Bottled Flame"}],"event_choices":[{"damage_healed":0,"gold_gain":100,"player_choice":"Pray","damage_taken":0,"max_hp_gain":0,"max_hp_loss":0,"event_name":"Golden Shrine","floor":2,"gold_loss":0},{"cards_removed":["Riddle With Holes"],"damage_healed":20,"gold_gain":0,"player_choice":"Offered Uncommon","damage_taken":0,"max_hp_gain":0,"max_hp_loss":0,"event_name":"Bonfire Elementals","floor":12,"gold_loss":0},{"damage_healed":0,"gold_gain":30,"player_choice":"Searched \u00272\u0027 times","damage_taken":0,"relics_obtained":["Ornamental Fan"],"max_hp_gain":0,"max_hp_loss":0,"event_name":"Dead Adventurer","floor":13,"gold_loss":0},{"damage_healed":0,"gold_gain":75,"player_choice":"Gold","damage_taken":11,"max_hp_gain":0,"max_hp_loss":0,"event_name":"betterThird:BetterGoop","floor":15,"gold_loss":0},{"cards_removed":["Languid"],"damage_healed":0,"gold_gain":0,"player_choice":"Elegance","damage_taken":0,"max_hp_gain":0,"max_hp_loss":0,"event_name":"betterThird:BetterWriting","floor":21,"gold_loss":0},{"damage_healed":0,"gold_gain":0,"player_choice":"Obtained Book","damage_taken":16,"max_hp_gain":0,"max_hp_loss":0,"event_name":"Cursed Tome","floor":22,"gold_loss":0},{"damage_healed":0,"gold_gain":0,"player_choice":"Obtained Relic","damage_taken":0,"relics_obtained":["MealTicket"],"max_hp_gain":0,"max_hp_loss":0,"event_name":"Addict","floor":27,"gold_loss":85}],"is_beta":false,"boss_relics":[{"not_picked":["Coffee Dripper","HoveringKite"],"picked":"Pandora\u0027s Box"}],"items_purged_floors":[24],"is_endless":false,"potions_floor_spawned":[7,10,18,20,26],"killed_by":"Snake Plant","ascension_level":0}}