{"host":"63yhhrjweyj22b0v","time":1611562133,"event":{"mods":["BaseMod","Minty Spire (QoL Compilation)","Quick Restart"],"gold_per_floor":[114,5,5,5,20,50,50,62,111,111,122,122,46,72,72,169,169,187,200,54,74,93,93,123,142,165,165,184,194,194,194,194,295,295,309,325,1,1,15,15,40,55,82,0,0,14,14,33,33,33],"floor_reached":51,"language":"ENG","playtime":1972,"items_purged":[],"score":736,"play_id":"8c037b05-14b1-4619-ad52-6185b2b9b400","local_time":"20210125020853","is_ascension_mode":false,"campfire_choices":[{"data":"Static Discharge","floor":7,"key":"SMITH"},{"data":"Self Repair","floor":10,"key":"SMITH"},{"floor":15,"key":"REST"},{"floor":23,"key":"REST"},{"floor":30,"key":"REST"},{"data":"White Noise","floor":32,"key":"SMITH"},{"floor":40,"key":"REST"},{"floor":45,"key":"REST"},{"floor":47,"key":"REST"},{"floor":49,"key":"REST"}],"circlet_count":0,"master_deck":["Strike_B","Strike_B","Strike_B","Defend_B","Defend_B","Defend_B","Defend_B","Zap","Dualcast","Defragment","Static Discharge+1","Reinforced Body","Ball Lightning","Chill","Self Repair+1","White Noise+1","Defragment","Loop","Electrodynamics","Conserve Battery+1","Thunder Strike","Capacitor","Echo Form+1","Leap","Lockon","Tempest+1","Discovery"],"relics":["Cracked Core","NeowsBlessing","Akabeko","Omamori","Boot","Torii","Nuclear Battery","The Courier","Pen Nib","Busted Crown","Bottled Tornado","Runic Capacitor","Peace Pipe","Strawberry","Red Mask"],"acts_visited":["Exordium","TheCity","TheBeyond"],"potions_floor_usage":[14,16,31,33,33,39,41,41],"damage_taken":[{"damage":0,"enemies":"Small Slimes","floor":1,"turns":1},{"damage":0,"enemies":"2 Louse","floor":5,"turns":1},{"damage":0,"enemies":"Lagavulin","floor":6,"turns":1},{"damage":1,"enemies":"Jaw Worm","floor":8,"turns":3},{"damage":35,"enemies":"Gremlin Gang","floor":11,"turns":4},{"damage":14,"enemies":"Gremlin Nob","floor":14,"turns":3},{"damage":26,"enemies":"Hexaghost","floor":16,"turns":6},{"damage":9,"enemies":"Chosen","floor":18,"turns":3},{"damage":5,"enemies":"3 Byrds","floor":19,"turns":2},{"damage":36,"enemies":"Snake Plant","floor":21,"turns":3},{"damage":10,"enemies":"Chosen and Byrds","floor":22,"turns":6},{"damage":15,"enemies":"Book of Stabbing","floor":24,"turns":5},{"damage":11,"enemies":"Sentry and Sphere","floor":25,"turns":4},{"damage":18,"enemies":"Centurion and Healer","floor":28,"turns":6},{"damage":22,"enemies":"Snake Plant","floor":29,"turns":5},{"damage":0,"enemies":"Shelled Parasite and Fungi","floor":31,"turns":1},{"damage":32,"enemies":"Champ","floor":33,"turns":8},{"damage":9,"enemies":"3 Darklings","floor":35,"turns":3},{"damage":25,"enemies":"3 Shapes","floor":36,"turns":3},{"damage":40,"enemies":"Writhing Mass","floor":39,"turns":2},{"damage":26,"enemies":"Reptomancer","floor":41,"turns":3},{"damage":20,"enemies":"Spire Growth","floor":42,"turns":4},{"damage":50,"enemies":"4 Shapes","floor":46,"turns":5},{"damage":11,"enemies":"Writhing Mass","floor":48,"turns":5},{"damage":36,"enemies":"Donu and Deca","floor":50,"turns":6}],"seed_played":"4191171319299393494","potions_obtained":[{"floor":1,"key":"SmokeBomb"},{"floor":8,"key":"Swift Potion"},{"floor":14,"key":"PotionOfCapacity"},{"floor":21,"key":"Strength Potion"},{"floor":22,"key":"Ancient Potion"},{"floor":35,"key":"Ancient Potion"},{"floor":36,"key":"FocusPotion"},{"floor":39,"key":"EssenceOfSteel"},{"floor":48,"key":"GamblersBrew"}],"is_trial":false,"path_per_floor":["M","$","?","?","M","E","R","M","T","R","M","?","$","E","R","B",null,"M","M","$","M","M","R","E","M","T","?","M","M","R","M","R","B",null,"M","M","$","?","M","R","E","M","T","?","R","M","R","M","R","B",null],"character_chosen":"DEFECT","items_purchased":["Static Discharge","Reinforced Body","Defragment","Thunder Strike","Bottled Tornado","Runic Capacitor"],"campfire_rested":7,"item_purchase_floors":[2,2,13,20,37,37],"current_hp_per_floor":[75,75,80,73,73,73,73,72,72,72,47,47,47,43,67,51,80,80,75,75,49,49,73,68,67,67,67,59,47,71,71,71,39,80,80,65,65,65,35,59,43,43,50,50,76,36,62,71,87,51],"gold":33,"neow_bonus":"THREE_ENEMY_KILL","is_daily":false,"chose_seed":false,"campfire_upgraded":3,"win_rate":0.0,"timestamp":1611562133,"path_taken":["M","$","?","?","?","E","R","?","T","R","M","?","$","E","R","BOSS","M","M","$","M","?","R","E","M","T","?","?","M","R","M","R","BOSS","M","M","$","?","M","R","E","M","T","?","R","M","R","M","R","BOSS"],"items_purchased_type":["Card","Card","Card","Card","Relic","Relic"],"build_version":"2020-12-22","purchased_purges":0,"victory":true,"max_hp_per_floor":[75,75,80,80,80,80,80,80,80,80,80,80,80,80,80,80,80,80,80,80,80,80,80,80,80,80,80,80,80,80,80,80,80,80,80,80,80,80,80,80,80,80,87,87,87,87,87,87,87,87],"card_choices":[{"not_picked":["Genetic Algorithm","Conserve Battery"],"picked":"Defragment","floor":1},{"not_picked":["Undo","Leap"],"picked":"Ball Lightning","floor":5},{"not_picked":["BootSequence","Compile Driver"],"picked":"Chill","floor":6},{"not_picked":["Rebound","Blizzard"],"picked":"Self Repair","floor":8},{"not_picked":["Streamline","Darkness"],"picked":"White Noise","floor":11},{"not_picked":["Darkness","Ball Lightning"],"picked":"Loop","floor":14},{"not_picked":["Fission","Hyperbeam"],"picked":"Electrodynamics","floor":16},{"not_picked":["Heatsinks","Cold Snap"],"picked":"Conserve Battery+1","floor":18},{"not_picked":["Leap","Rebound","Turbo"],"picked":"SKIP","floor":19},{"not_picked":["Hologram","Melter","Sweeping Beam"],"picked":"SKIP","floor":21},{"not_picked":["Cold Snap","Steam Power+1","Hello World"],"picked":"SKIP","floor":22},{"not_picked":["Leap+1","Aggregate"],"picked":"Capacitor","floor":24},{"not_picked":["Lockon","Double Energy"],"picked":"Echo Form","floor":25},{"not_picked":["Aggregate+1","Hologram"],"picked":"Leap","floor":28},{"not_picked":["Stack","Cold Snap+1"],"picked":"Lockon","floor":29},{"not_picked":["Gash"],"picked":"SKIP","floor":35},{"not_picked":[],"picked":"Tempest+1","floor":36},{"not_picked":[],"picked":"Discovery","floor":38},{"not_picked":["Go for the Eyes+1"],"picked":"SKIP","floor":39},{"not_picked":["Ball Lightning+1"],"picked":"SKIP","floor":41},{"not_picked":["Rebound"],"picked":"SKIP","floor":42},{"not_picked":["Heatsinks+1"],"picked":"SKIP","floor":46},{"not_picked":["Sunder+1"],"picked":"SKIP","floor":48}],"player_experience":595510,"relics_obtained":[{"floor":6,"key":"Akabeko"},{"floor":9,"key":"Omamori"},{"floor":12,"key":"Boot"},{"floor":14,"key":"Torii"},{"floor":24,"key":"The Courier"},{"floor":26,"key":"Pen Nib"},{"floor":41,"key":"Peace Pipe"},{"floor":43,"key":"Strawberry"}],"event_choices":[{"damage_healed":0,"gold_gain":0,"player_choice":"Donut","damage_taken":0,"max_hp_gain":5,"max_hp_loss":0,"event_name":"Big Fish","floor":3,"gold_loss":0},{"cards_removed":["Strike_B"],"damage_healed":0,"gold_gain":0,"player_choice":"Card Removal","damage_taken":7,"max_hp_gain":0,"max_hp_loss":0,"event_name":"Golden Wing","floor":4,"gold_loss":0},{"damage_healed":0,"gold_gain":0,"player_choice":"Relic","damage_taken":0,"max_hp_gain":0,"max_hp_loss":0,"event_name":"Wheel of Change","floor":12,"gold_loss":0},{"damage_healed":0,"gold_gain":0,"player_choice":"Forge","damage_taken":0,"max_hp_gain":0,"max_hp_loss":0,"event_name":"Accursed Blacksmith","floor":27,"gold_loss":0,"cards_upgraded":["Echo Form"]},{"damage_healed":0,"gold_gain":0,"player_choice":"Memory 1","damage_taken":0,"max_hp_gain":0,"max_hp_loss":0,"event_name":"SensoryStone","floor":38,"gold_loss":0},{"damage_healed":0,"gold_gain":0,"player_choice":"Paid","damage_taken":0,"relics_obtained":["Red Mask"],"max_hp_gain":0,"max_hp_loss":0,"event_name":"Tomb of Lord Red Mask","floor":44,"gold_loss":82}],"is_beta":false,"boss_relics":[{"not_picked":["Fusion Hammer","Astrolabe"],"picked":"Nuclear Battery"},{"not_picked":["Black Star","FrozenCore"],"picked":"Busted Crown"}],"items_purged_floors":[],"is_endless":false,"potions_floor_spawned":[1,8,14,21,22,25,28,35,36,39,48],"ascension_level":0}}