{"host":"l15sdf2mmi0nobpi","time":1611557520,"event":{"mods":["BaseMod","Highlight Path","Minty Spire (QoL Compilation)","Prisma Mod","Quick Restart","StSLib"],"gold_per_floor":[115,135,135,64,79,106,106,140,140,240,240,275,288,304,304,399,399,417,516,441,461,248,248,82,119,119,131,68,96,110,110,110,211,211,225,109,109,128,128,128],"floor_reached":39,"language":"ZHS","playtime":3434,"items_purged":["PrismaMod:ChloeCommonAttack","PrismaMod:ChloeCommonAttack","PrismaMod:ChloeCommonAttack","PrismaMod:ChloeCommonAttack"],"score":521,"play_id":"88eac9b4-23c0-448e-8e58-5245143f686f","local_time":"20210125145200","is_ascension_mode":true,"campfire_choices":[{"data":"PrismaMod:ChloeCaladbolg","floor":7.0,"key":"SMITH"},{"data":"PrismaMod:ChloeGaeBolg","floor":11.0,"key":"SMITH"},{"floor":15.0,"key":"RECALL"},{"floor":23.0,"key":"REST"},{"floor":32.0,"key":"REST"}],"circlet_count":0,"master_deck":["PrismaMod:ChloeCommonDefend","PrismaMod:ChloeCommonDefend","PrismaMod:ChloeCommonDefend","PrismaMod:ChloeCommonDefend","PrismaMod:ChloeCheapAttack","PrismaMod:ChloeCheapDefend","PrismaMod:ChloeGaeBolg+1","PrismaMod:ChloeCaladbolg+1","PrismaMod:ChloeMordred+1","PrismaMod:ChloeRitsuka+1","PrismaMod:ChloeMaid+1","PrismaMod:ChloeMordred+1","PrismaMod:ChloeAnyAttackTrace+1","PrismaMod:ChloeExhaustOne+1","PrismaMod:ChloeDiscardRecovery+1","Deep Breath+1","PrismaMod:ChloeUnlimitedBladeWorks+1","PrismaMod:ChloeCheapDefend+1","PrismaMod:ChloeChristmas+1"],"relics":["PrismaMod:PrismaTraceOn","Ice Cream","Toxic Egg 2","Calipers","Bird Faced Urn","Mercury Hourglass","Fusion Hammer","Membership Card","OrangePellets","Toy Ornithopter","Black Star"],"acts_visited":["TheBeyond"],"potions_floor_usage":[],"damage_taken":[{"damage":0.0,"enemies":"Jaw Worm","floor":1.0,"turns":4.0},{"damage":0.0,"enemies":"2 Louse","floor":2.0,"turns":2.0},{"damage":0.0,"enemies":"Cultist","floor":5.0,"turns":5.0},{"damage":6.0,"enemies":"3 Sentries","floor":6.0,"turns":5.0},{"damage":4.0,"enemies":"Lagavulin","floor":8.0,"turns":5.0},{"damage":9.0,"enemies":"3 Sentries","floor":12.0,"turns":4.0},{"damage":1.0,"enemies":"Blue Slaver","floor":13.0,"turns":2.0},{"damage":2.0,"enemies":"3 Louse","floor":14.0,"turns":2.0},{"damage":0.0,"enemies":"Hexaghost","floor":16.0,"turns":6.0},{"damage":9.0,"enemies":"2 Thieves","floor":18.0,"turns":3.0},{"damage":1.0,"enemies":"Shell Parasite","floor":21.0,"turns":2.0},{"damage":9.0,"enemies":"Snake Plant","floor":25.0,"turns":2.0},{"damage":0.0,"enemies":"3 Cultists","floor":27.0,"turns":2.0},{"damage":0.0,"enemies":"Book of Stabbing","floor":29.0,"turns":3.0},{"damage":16.0,"enemies":"Shelled Parasite and Fungi","floor":30.0,"turns":3.0},{"damage":9.0,"enemies":"Champ","floor":33.0,"turns":3.0},{"damage":9.0,"enemies":"Orb Walker","floor":35.0,"turns":2.0},{"damage":0.0,"enemies":"3 Darklings","floor":38.0,"turns":2.0},{"damage":1.0,"enemies":"4 Shapes","floor":39.0,"turns":2.0}],"seed_played":"3633045384278363985","potions_obtained":[{"floor":6.0,"key":"EssenceOfSteel"},{"floor":8.0,"key":"FairyPotion"},{"floor":13.0,"key":"PowerPotion"},{"floor":27.0,"key":"ColorlessPotion"},{"floor":29.0,"key":"Strength Potion"},{"floor":35.0,"key":"DistilledChaos"}],"is_trial":false,"path_per_floor":["M","M","?","$","M","E","R","E","T","?","R","E","M","M","R","B",null,"M","?","?","M","$","R","$","M","T","M","$","E","M","?","R","B",null,"M","$","?","M","M"],"character_chosen":"CHLOE","items_purchased":["PrismaMod:ChloeGaeBolg","Membership Card","PrismaMod:ChloeDiscardRecovery+1","OrangePellets","Deep Breath+1","PrismaMod:ChloeChristmas+1"],"campfire_rested":2,"item_purchase_floors":[4,22,22,24,24,36],"current_hp_per_floor":[75,75,68,68,68,62,62,58,58,58,58,51,50,48,48,48,75,66,66,66,65,65,75,75,66,66,66,66,66,50,50,72,66,75,68,68,68,68,69,69],"gold":128,"neow_bonus":"ONE_RARE_RELIC","is_daily":false,"chose_seed":false,"campfire_upgraded":2,"win_rate":0.0,"timestamp":1611557520,"path_taken":["M","M","?","$","M","E","R","E","T","?","R","E","M","?","R","BOSS","M","?","?","M","$","R","?","M","T","?","$","E","M","?","R","BOSS","M","$","?","?","M"],"items_purchased_type":["Card","Relic","Card","Relic","Card","Card"],"build_version":"2020-12-22","purchased_purges":4,"victory":false,"max_hp_per_floor":[75,75,75,75,75,75,75,75,75,75,75,75,75,75,75,75,75,75,75,75,75,75,75,75,75,75,75,75,75,75,75,75,75,75,75,75,75,75,75,75],"card_choices":[{"not_picked":["PrismaMod:ChloeCommonAOEAttack","PrismaMod:ChloeDiscardRecovery","PrismaMod:ChloeCheapAttack"],"picked":"SKIP","floor":1.0},{"not_picked":["PrismaMod:ChloeCommonAOEAttack","PrismaMod:ChloeDiscardRecovery","PrismaMod:ChloeUncommonAOEAttack"],"picked":"SKIP","floor":2.0},{"not_picked":["PrismaMod:ChloeCheapDefendTwo","PrismaMod:ChloeCheapAttackTwo"],"picked":"PrismaMod:ChloeCaladbolg","floor":5.0},{"not_picked":["PrismaMod:ChloeExcalibur","PrismaMod:ChloeExhaustOne+1"],"picked":"PrismaMod:ChloeMordred+1","floor":6.0},{"not_picked":["PrismaMod:ChloeCheapAttackTwo","PrismaMod:ChloeExhaustTwo+1"],"picked":"PrismaMod:ChloeRitsuka+1","floor":8.0},{"not_picked":["PrismaMod:ChloeGaeBolg","PrismaMod:ChloeCheapAttack","PrismaMod:ChloeMaid+1"],"picked":"SKIP","floor":12.0},{"not_picked":["PrismaMod:ChloeGaeBolg","PrismaMod:ChloeCheapAttack"],"picked":"PrismaMod:ChloeMaid+1","floor":12.0},{"not_picked":["PrismaMod:ChloeExcalibur","PrismaMod:ChloeRitsuka+1","PrismaMod:ChloeCheapDefend+1"],"picked":"SKIP","floor":13.0},{"not_picked":["PrismaMod:ChloeCheapDefend+1","PrismaMod:ChloeBetterTracePools"],"picked":"PrismaMod:ChloeMordred+1","floor":14.0},{"not_picked":["PrismaMod:ChloeDoubleRelicSpeed","PrismaMod:ChloeAnySkillTrace+1"],"picked":"PrismaMod:ChloeAnyAttackTrace+1","floor":16.0},{"not_picked":["PrismaMod:ChloeBetterTracePools","PrismaMod:ChloeCheapAttack"],"picked":"PrismaMod:ChloeExhaustOne+1","floor":18.0},{"not_picked":["PrismaMod:ChloeCheapDefendTwo+1","PrismaMod:ChloeCheapDefend+1","PrismaMod:ChloeCheapAttackTwo+1"],"picked":"SKIP","floor":21.0},{"not_picked":["PrismaMod:ChloeCheapAttackTwo","PrismaMod:ChloeCommonAOEAttack","PrismaMod:ChloeCheapDefend+1"],"picked":"SKIP","floor":25.0},{"not_picked":["PrismaMod:ChloeCheapDefendTwo+1","PrismaMod:ChloeCommonAOEAttack","PrismaMod:ChloeExhaustTwo+1"],"picked":"SKIP","floor":27.0},{"not_picked":["PrismaMod:ChloeExhaustOne+1","PrismaMod:ChloeCheapDefendTwo+1","PrismaMod:ChloeCheapAttackTwo"],"picked":"SKIP","floor":29.0},{"not_picked":["PrismaMod:ChloeExhaustOne+1","PrismaMod:ChloeCheapDefendTwo+1","PrismaMod:ChloeCheapAttackTwo"],"picked":"SKIP","floor":29.0},{"not_picked":["PrismaMod:ChloeDevil","PrismaMod:ChloeDiscardRecovery+1","PrismaMod:ChloeExhaustOne+1"],"picked":"SKIP","floor":30.0},{"not_picked":["PrismaMod:ChloeGreatTracePools","PrismaMod:ChloeAnyCommonTrace+1"],"picked":"PrismaMod:ChloeUnlimitedBladeWorks+1","floor":33.0},{"not_picked":["PrismaMod:ChloeCheapDefendTwo+1","PrismaMod:ChloeExhaustOne+1"],"picked":"PrismaMod:ChloeCheapDefend+1","floor":35.0},{"not_picked":["PrismaMod:ChloeMaid+1","PrismaMod:ChloeCheapDefendTwo+1","PrismaMod:ChloeCommonAOEAttack+1"],"picked":"SKIP","floor":38.0}],"player_experience":506134,"relics_obtained":[{"floor":6.0,"key":"Toxic Egg 2"},{"floor":8.0,"key":"Calipers"},{"floor":9.0,"key":"Bird Faced Urn"},{"floor":12.0,"key":"Mercury Hourglass"},{"floor":29.0,"key":"Toy Ornithopter"}],"event_choices":[{"cards_removed":["Writhe"],"damage_healed":0.0,"max_hp_gain":0.0,"max_hp_loss":0.0,"gold_gain":0.0,"event_name":"Golden Wing","player_choice":"Card Removal","floor":3.0,"gold_loss":0.0,"damage_taken":7.0},{"damage_healed":0.0,"max_hp_gain":0.0,"max_hp_loss":0.0,"gold_gain":100.0,"event_name":"Golden Shrine","player_choice":"Pray","floor":10.0,"gold_loss":0.0,"damage_taken":0.0},{"damage_healed":0.0,"max_hp_gain":0.0,"max_hp_loss":0.0,"gold_gain":99.0,"event_name":"Nest","player_choice":"Stole From Cult","floor":19.0,"gold_loss":0.0,"damage_taken":0.0},{"cards_removed":["PrismaMod:ChloeCommonAttack"],"damage_healed":0.0,"max_hp_gain":0.0,"max_hp_loss":0.0,"gold_gain":0.0,"event_name":"Beggar","player_choice":"Gave Gold","floor":20.0,"gold_loss":75.0,"damage_taken":0.0},{"damage_healed":0.0,"max_hp_gain":0.0,"max_hp_loss":0.0,"gold_gain":0.0,"event_name":"Ghosts","player_choice":"Ignored","floor":31.0,"gold_loss":0.0,"damage_taken":0.0},{"cards_removed":["PrismaMod:ChloeCommonDefend"],"damage_healed":0.0,"max_hp_gain":0.0,"max_hp_loss":0.0,"gold_gain":0.0,"event_name":"Purifier","player_choice":"Purged","floor":37.0,"gold_loss":0.0,"damage_taken":0.0}],"is_beta":false,"boss_relics":[{"not_picked":["Cursed Key","Calling Bell"],"picked":"Fusion Hammer"},{"not_picked":["Tiny House","Velvet Choker"],"picked":"Black Star"}],"items_purged_floors":[22,24,28,36],"is_endless":false,"potions_floor_spawned":[6,8,13,16,18,25,27,29,35,39],"killed_by":"4 Shapes","ascension_level":1}}