{"host":"thn8o1tmql8xszd5","time":1611538091,"event":{"mods":["AchievementEnabler","Act Like it!","Aspiration","Astrologer","BaseMod","Bestiary","Better Third Choice","Block Reminder","Colored Map","Conspire","Curses Come First","DeckTracker","Fox Events","Friendly Minions","Gensokyo","Hermit","Highlight Path","Hubris","Jorbs\u0027s Wanderer Trilogy","Minty Spire (QoL Compilation)","Permanent Neow","Quick Restart","Random Character Button","Relic Sorter","Relic Stats","Robot Space Explorer","Shade Mod","Spire Arcade","StSLib","The Blackbeard","The Blue Laboratory","The Marked","TheVelvet"],"gold_per_floor":[118,118,118,11,11,41,0,15,38,51,80,80,80,100,100,205,205,225,244,244,244,244,275,275,275],"floor_reached":24,"language":"ENG","playtime":1906,"items_purged":[],"score":222,"play_id":"e5e8c697-2f4d-4aae-a2e1-960fb955df20","local_time":"20210124202811","is_ascension_mode":false,"campfire_choices":[{"floor":13,"key":"REST"},{"floor":15,"key":"REST"}],"circlet_count":0,"master_deck":["theMarked:Strike","theMarked:Strike","theMarked:Defend","theMarked:Defend","theMarked:Defend","theMarked:Defend","theMarked:SoldierOfQuellstein","theMarked:Parkour","Pain","conspire:Banana","theMarked:ResourceFulStrike","theMarked:Parkour","theMarked:EnhanceMovement","theMarked:BanishingStrike","theMarked:Frustration","theMarked:Vacuum","theMarked:TwofoldDefense+1","theMarked:GodGivenPower","Strike_G","Flechettes","Flechettes","theMarked:BanishingStrike"],"relics":["theMarked:ArtifactOfAir","aspiration:AnachronicSnailShell","Gensokyo:LunaticRedEyes","Juzu Bracelet","theMarked:DemonDagger","Regal Pillow","hubris:Towel","aspiration:DefectSkillbook","aspiration:Nostalgia","Ring of the Snake","Vajra","theMarked:VonisonLock"],"acts_visited":["Exordium","Gensokyo:Gensokyo"],"potions_floor_usage":[18,18,24],"damage_taken":[{"damage":3,"enemies":"Gensokyo:2_Kodama","floor":1,"turns":4},{"damage":56,"enemies":"Gensokyo:Cirno","floor":6,"turns":7},{"damage":3,"enemies":"Gensokyo:Python","floor":8,"turns":2},{"damage":0,"enemies":"Gensokyo:Gryphon","floor":10,"turns":2},{"damage":14,"enemies":"Gensokyo:Aya","floor":11,"turns":6},{"damage":14,"enemies":"Gensokyo:CorruptedTreant","floor":14,"turns":3},{"damage":48,"enemies":"Gensokyo:Kokoro","floor":16,"turns":12},{"damage":19,"enemies":"Gensokyo:3_Dogs","floor":18,"turns":5},{"damage":12,"enemies":"Gensokyo:2_Gloops","floor":19,"turns":6},{"damage":12,"enemies":"Gensokyo:Koishi","floor":23,"turns":6},{"damage":13,"enemies":"Gensokyo:Slime_Group","floor":24,"turns":4}],"seed_played":"4234015587033614767","potions_obtained":[{"floor":10,"key":"blueLaboratory:PyrophylliteBrew"},{"floor":11,"key":"Fire Potion"},{"floor":16,"key":"blueLaboratory:HeartbeatPotion"},{"floor":23,"key":"blueLaboratory:StoneskinPotion"}],"is_trial":false,"path_per_floor":["M","?","?","$","?","E","?","M","T","M","E","?","R","M","R","B",null,"M","M","$","?","?","E","M"],"character_chosen":"THE_DEFAULT","items_purchased":["conspire:Banana","theMarked:ResourceFulStrike","aspiration:Nostalgia","Vajra"],"campfire_rested":2,"item_purchase_floors":[4,4,20,20],"current_hp_per_floor":[60,63,63,63,63,8,28,25,25,26,13,13,48,35,70,23,71,53,42,22,22,22,11,0,0],"gold":275,"neow_bonus":"ONE_RARE_RELIC","is_daily":false,"chose_seed":false,"campfire_upgraded":0,"win_rate":0.0,"timestamp":1611538091,"path_taken":["M","?","?","$","?","E","?","M","T","M","E","?","R","M","R","BOSS","M","M","?","?","?","E","M"],"items_purchased_type":["Card","Card","Relic","Relic"],"build_version":"2020-12-22","purchased_purges":0,"victory":false,"max_hp_per_floor":[63,66,66,66,66,67,67,67,67,68,69,69,69,70,70,71,71,72,73,73,73,73,74,75,75],"relic_stats":{"Regal Pillow":29,"counters":[11,57],"Juzu Bracelet":2,"obtain_stats":[{"theMarked:DemonDagger":9,"Regal Pillow":11,"aspiration:Nostalgia":20,"Vajra":20,"Juzu Bracelet":6,"hubris:Towel":12,"Gensokyo:LunaticRedEyes":3,"theMarked:ArtifactOfAir":0,"Frozen Eye":23,"aspiration:DefectSkillbook":17,"aspiration:AnachronicSnailShell":0,"theMarked:VonisonLock":23,"Ring of the Snake":20},{"theMarked:DemonDagger":3,"Regal Pillow":5,"aspiration:Nostalgia":9,"Vajra":9,"Juzu Bracelet":2,"hubris:Towel":5,"Gensokyo:LunaticRedEyes":1,"theMarked:ArtifactOfAir":0,"Frozen Eye":9,"aspiration:DefectSkillbook":7,"aspiration:AnachronicSnailShell":0,"theMarked:VonisonLock":10,"Ring of the Snake":9},{"theMarked:DemonDagger":13,"Regal Pillow":21,"aspiration:Nostalgia":47,"Vajra":47,"Juzu Bracelet":11,"hubris:Towel":21,"Gensokyo:LunaticRedEyes":4,"theMarked:ArtifactOfAir":0,"Frozen Eye":47,"aspiration:DefectSkillbook":36,"aspiration:AnachronicSnailShell":0,"theMarked:VonisonLock":53,"Ring of the Snake":47}],"Ring of the Snake":[4]},"card_choices":[{"not_picked":["theMarked:MysticalArsenal","theMarked:Aftermath"],"picked":"theMarked:Parkour","floor":1},{"not_picked":["theMarked:ShockingTouch","theMarked:EmpowerWeapon"],"picked":"theMarked:Parkour","floor":6},{"not_picked":["theMarked:EmpowerWeapon","theMarked:Frustration"],"picked":"theMarked:EnhanceMovement","floor":8},{"not_picked":["theMarked:Static","theMarked:Aftermath"],"picked":"theMarked:BanishingStrike","floor":10},{"not_picked":["theMarked:EmpowerWeapon","theMarked:AttractMetal"],"picked":"theMarked:Frustration","floor":11},{"not_picked":["theMarked:SwordAndMagic","theMarked:Frustration","theMarked:TheMission"],"picked":"SKIP","floor":14},{"not_picked":["theMarked:ThrowWeapon","theMarked:UnarmedFury"],"picked":"theMarked:Vacuum","floor":16},{"not_picked":["Coolheaded","Aggregate+1","theMarked:Static"],"picked":"theMarked:TwofoldDefense+1","floor":18},{"not_picked":["theMarked:AttractMetal","Steam","theMarked:ShockingTouch+1"],"picked":"theMarked:GodGivenPower","floor":19},{"not_picked":["conspire:Rain","Force Field","theMarked:TwofoldDefense"],"picked":"theMarked:BanishingStrike","floor":23}],"player_experience":671208,"relics_obtained":[{"floor":6,"key":"Juzu Bracelet"},{"floor":9,"key":"theMarked:DemonDagger"},{"floor":11,"key":"Regal Pillow"},{"floor":23,"key":"theMarked:VonisonLock"}],"event_choices":[],"is_beta":false,"boss_relics":[{"not_picked":["hubris:RunicObelisk","aspiration:PoetsPen_weak"],"picked":"aspiration:DefectSkillbook"}],"items_purged_floors":[],"is_endless":false,"potions_floor_spawned":[10,11,16,23],"killed_by":"Gensokyo:Slime_Group","ascension_level":0}}