{"host":"flash","time":1611579393,"event":{"mods":["ATMod(°¢èªMod)","Act Like it!","BaseMod","Jorbs\u0027s Wanderer Trilogy","Luminous","Minty Spire (QoL Compilation)","Shop Mod","StSLib","Td1madao Mod"],"gold_per_floor":[313,33,33,46,46,90,265,265,265,265,305,91,91,91,91,187,187,212,233,88,3,3,3,3,3],"floor_reached":24,"language":"ZHS","playtime":696,"items_purged":["Strike_P"],"score":337,"play_id":"29d4a281-c1b2-44b2-9525-53822d7d7b72","local_time":"20210125205633","is_ascension_mode":true,"campfire_choices":[{"data":"PathToVictory","floor":8.0,"key":"SMITH"},{"floor":10.0,"key":"REST"},{"floor":13.0,"key":"REST"},{"data":"PathToVictory","floor":15.0,"key":"SMITH"},{"data":"AT_FamilyPortrait","floor":23,"key":"SMITH"}],"circlet_count":0,"master_deck":["AscendersBane","Strike_P","Strike_P","Strike_P","Defend_P","Defend_P","Defend_P","Defend_P","Eruption","Vigilance","AT_ShrugMaster","PathToVictory+1","PathToVictory+1","Consecrate","SpiritShield","AT_FamilyPortrait+1","AT_OneInchPunch","Vault"],"relics":["HolyWater","AT_ATBox","Old Coin","Golden Idol","White Beast Statue","Kunai","AT_BladeRuinedKing","Toy Ornithopter","AT_SilvercatRing","Nloth\u0027s Gift"],"acts_visited":["Exordium","TheCity"],"potions_floor_usage":[19,19],"damage_taken":[{"damage":2.0,"enemies":"Jaw Worm","floor":1.0,"turns":4.0},{"damage":0.0,"enemies":"Small Slimes","floor":4.0,"turns":2.0},{"damage":22.0,"enemies":"Lagavulin","floor":6.0,"turns":5.0},{"damage":32.0,"enemies":"3 Sentries","floor":11.0,"turns":13.0},{"damage":12.0,"enemies":"The Guardian","floor":16.0,"turns":7.0},{"damage":13,"enemies":"2 Thieves","floor":18,"turns":5},{"damage":2,"enemies":"Shell Parasite","floor":19,"turns":3},{"damage":48,"enemies":"Slavers","floor":24,"turns":5}],"seed_played":"1986043768844195081","potions_obtained":[{"floor":4.0,"key":"DuplicationPotion"},{"floor":11.0,"key":"FearPotion"},{"floor":16.0,"key":"Fire Potion"},{"floor":19,"key":"StancePotion"}],"is_trial":false,"path_per_floor":["M","$","?","M","?","E","?","R","T","R","E","$","R","?","R","B",null,"M","M","$","?","?","R","E"],"character_chosen":"WATCHER","items_purchased":["PathToVictory","Art of War","AT_FamilyPortrait","AT_OneInchPunch","Toy Ornithopter"],"campfire_rested":2,"item_purchase_floors":[2,2,12,12,20],"current_hp_per_floor":[59,59,42,42,47,25,25,25,25,46,14,14,35,35,35,23,61,48,46,46,46,46,46,0,0],"gold":3,"neow_bonus":"ONE_RARE_RELIC","is_daily":false,"chose_seed":false,"campfire_upgraded":3,"win_rate":0.0,"timestamp":1611579393,"path_taken":["M","$","?","M","?","E","?","R","T","R","E","?","R","?","R","BOSS","M","M","$","?","?","R","E"],"items_purchased_type":["Card","Relic","Card","Card","Relic"],"build_version":"2020-12-18","purchased_purges":1,"victory":false,"max_hp_per_floor":[68,68,68,68,73,73,73,73,73,73,73,73,73,73,73,73,73,73,73,73,73,73,73,73,73],"card_choices":[{"not_picked":["SashWhip","ThirdEye"],"picked":"PathToVictory","floor":1.0},{"not_picked":["CutThroughFate","EmptyBody"],"picked":"Consecrate","floor":4.0},{"not_picked":["JustLucky","Protect"],"picked":"SpiritShield","floor":6.0},{"not_picked":["ClearTheMind","BowlingBash","TalkToTheHand"],"picked":"SKIP","floor":11.0},{"not_picked":["DeusExMachina","Judgement"],"picked":"Vault","floor":16.0},{"not_picked":["SashWhip","ReachHeaven","EmptyFist"],"picked":"SKIP","floor":18},{"not_picked":["FollowUp","JustLucky","Crescendo"],"picked":"SKIP","floor":19}],"player_experience":658527,"relics_obtained":[{"floor":6.0,"key":"White Beast Statue"},{"floor":9.0,"key":"Kunai"},{"floor":11.0,"key":"AT_BladeRuinedKing"}],"event_choices":[{"damage_healed":0.0,"max_hp_gain":0.0,"max_hp_loss":0.0,"gold_gain":0.0,"event_name":"Golden Idol","player_choice":"Take Damage","floor":3.0,"gold_loss":0.0,"damage_taken":17.0,"relics_obtained":["Golden Idol"]},{"damage_healed":0.0,"max_hp_gain":5.0,"max_hp_loss":0.0,"gold_gain":0.0,"event_name":"Big Fish","player_choice":"Donut","floor":5.0,"gold_loss":0.0,"damage_taken":0.0},{"damage_healed":0.0,"max_hp_gain":0.0,"max_hp_loss":0.0,"gold_gain":175.0,"event_name":"Liars Game","player_choice":"AGREE","floor":7.0,"gold_loss":0.0,"damage_taken":0.0,"cards_obtained":["Doubt"]},{"cards_removed":["Doubt"],"damage_healed":0.0,"max_hp_gain":0.0,"max_hp_loss":0.0,"gold_gain":0.0,"event_name":"Fountain of Cleansing","player_choice":"Removed Curses","floor":14.0,"gold_loss":0.0,"damage_taken":0.0},{"damage_healed":0,"gold_gain":0,"player_choice":"Obtained Relic","damage_taken":0,"relics_obtained":["AT_SilvercatRing"],"max_hp_gain":0,"max_hp_loss":0,"event_name":"Addict","floor":21,"gold_loss":85},{"damage_healed":0,"gold_gain":0,"player_choice":"Traded Relic","damage_taken":0,"relics_obtained":["Nloth\u0027s Gift"],"max_hp_gain":0,"max_hp_loss":0,"event_name":"N\u0027loth","floor":22,"relics_lost":["Art of War"],"gold_loss":0}],"is_beta":true,"boss_relics":[{"not_picked":["Astrolabe","Ectoplasm"],"picked":"HolyWater"}],"items_purged_floors":[2],"is_endless":false,"potions_floor_spawned":[4,11,16,18,19],"killed_by":"Slavers","ascension_level":14}}