{"host":"yq2wmfr0u0wuvxc0","time":1611538244,"event":{"mods":["Act Like it!","BaseMod","Curses Come First","Downfall","Friendly Minions","Gensokyo","Hero for Fun","Hubris","Minty Spire (QoL Compilation)","Shop Mod","StSLib"],"gold_per_floor":[99,118,129,129,139,166,166,166,196,196,206,218,218,318,333,430,430,430,305,373,423,436,462,485,499,518,568,65,79,79,146,162,264,264,264,364,381,399,116,149,172,93,93,106,138,138,151,176,76,76],"floor_reached":51,"language":"ZHS","playtime":4662,"items_purged":["hexamod:Defend","downfall:Malfunctioning","hexamod:NightmareGuise"],"score":807,"play_id":"bc294275-e0d8-424c-a93e-75ec130523be","local_time":"20210124173044","is_ascension_mode":false,"campfire_choices":[{"data":"hexamod:Sear","floor":1.0,"key":"SMITH"},{"data":"hexamod:PowerFromBeyond","floor":10.0,"key":"SMITH"},{"floor":13.0,"key":"REST"},{"data":"hexamod:GiftsFromTheDead","floor":18.0,"key":"SMITH"},{"data":"hexamod:GhostOfSpireFuture","floor":30,"key":"SMITH"},{"data":"hexamod:UnlimitedPower","floor":35,"key":"SMITH"},{"data":"hexamod:FastForward","floor":43,"key":"SMITH"},{"data":"hexamod:GhostOfSpireFuture","floor":49,"key":"SMITH"}],"circlet_count":0,"master_deck":["hexamod:Sear+1","hexamod:Float","hexamod:FastForward+1","hexamod:Haunt","hexamod:PowerFromBeyond+1","hexamod:AdvancingGuard","hexamod:GhostOfSpireFuture+1","hexamod:GhostLash+1","hexamod:Hexaguard","hexamod:GiftsFromTheDead+1","hexamod:Firestarter+1","hexamod:GhostflameInferno+1","hexamod:ShieldOfDarkness+1","hexamod:ForkedFlame+1","hexamod:GhostOfSpireFuture+1","Ghostly","Ghostly","Ghostly","hexamod:CouncilsJustice+1","hexamod:CouncilsJustice+1","hexamod:CouncilsJustice+1","hexamod:UnleashSpirits+1","hexamod:UnlimitedPower+1","hexamod:ForkedFlame+1","hexamod:FastForward+1","hexamod:UnleashSpirits+1","hexamod:DynamicBlow+1"],"relics":["Black Star","Molten Egg 2","Singing Bowl","Centennial Puzzle","Tiny Chest","downfall:CloakOfManyFaces","CultistMask","FaceOfCleric","NlothsMask","GremlinMask","SsserpentHead","Astrolabe","Regal Pillow","Potion Belt","Ornamental Fan","Bottled Tornado","SlaversCollar","hubris:BundleOfHerbs","hexamod:MatchstickCase","Whetstone","Ancient Tea Set","Omamori","Turnip","Blood Vial","Bronze Scales","downfall:HeartBlessingGreen"],"acts_visited":["Exordium","TheCity","TheBeyond"],"potions_floor_usage":[26,28,33,48,50,50,50,50],"damage_taken":[{"damage":0.0,"enemies":"Cultist","floor":2.0,"turns":3.0},{"damage":3.0,"enemies":"Small Slimes","floor":3.0,"turns":3.0},{"damage":0.0,"enemies":"2 Louse","floor":5.0,"turns":3.0},{"damage":23.0,"enemies":"Lagavulin","floor":6.0,"turns":7.0},{"damage":11.0,"enemies":"Blue Slaver","floor":11.0,"turns":3.0},{"damage":0.0,"enemies":"Exordium Wildlife","floor":12.0,"turns":3.0},{"damage":0.0,"enemies":"downfall:FaceTrader","floor":14.0,"turns":8.0},{"damage":6.0,"enemies":"3 Louse","floor":15.0,"turns":3.0},{"damage":32.0,"enemies":"IC_STATUS_ARCHETYPE","floor":16.0,"turns":6.0},{"damage":0.0,"enemies":"downfall:FleeingMerchant","floor":19.0,"turns":4.0},{"damage":12.0,"enemies":"Shell Parasite","floor":20.0,"turns":4.0},{"damage":2.0,"enemies":"Chosen","floor":22.0,"turns":4.0},{"damage":1.0,"enemies":"Gremlin Leader","floor":23.0,"turns":3.0},{"damage":13.0,"enemies":"Snake Plant","floor":25.0,"turns":4.0},{"damage":0,"enemies":"Chosen and Byrds","floor":26,"turns":4},{"damage":0,"enemies":"downfall:FleeingMerchant","floor":28,"turns":4},{"damage":0,"enemies":"Centurion and Healer","floor":29,"turns":3},{"damage":0,"enemies":"downfall:FleeingMerchant","floor":31,"turns":4},{"damage":5,"enemies":"Snake Plant","floor":32,"turns":3},{"damage":7,"enemies":"DF_ARCHETYPE_CLAW","floor":33,"turns":8},{"damage":0,"enemies":"DF_ARCHETYPE_CLAW","floor":36,"turns":4},{"damage":15,"enemies":"Orb Walker","floor":37,"turns":3},{"damage":18,"enemies":"3 Shapes","floor":38,"turns":3},{"damage":5,"enemies":"Nemesis","floor":40,"turns":5},{"damage":0,"enemies":"Maw","floor":44,"turns":6},{"damage":4,"enemies":"Giant Head","floor":45,"turns":6},{"damage":0,"enemies":"Sphere and 2 Shapes","floor":47,"turns":3},{"damage":1,"enemies":"Reptomancer","floor":48,"turns":5},{"damage":11,"enemies":"WA_ARCHETYPE_DIVINITY","floor":50,"turns":6}],"seed_played":"5743950525320522449","potions_obtained":[{"floor":3.0,"key":"LiquidBronze"},{"floor":6.0,"key":"bronze:BurnAndBuffPotion"},{"floor":11.0,"key":"Fire Potion"},{"floor":12.0,"key":"GamblersBrew"},{"floor":15.0,"key":"PowerPotion"},{"floor":23.0,"key":"Slimebound:ThreeZeroPotion"},{"floor":26,"key":"SteroidPotion"},{"floor":29,"key":"Ancient Potion"},{"floor":32,"key":"bronze:BurnAndBuffPotion"},{"floor":38,"key":"SteroidPotion"},{"floor":44,"key":"PowerPotion"}],"is_trial":false,"path_per_floor":["R","M","M","?","M","E","T","?","?","R","M","M","R","?","M","B",null,"R","$","M","?","M","E","T","M","M","T","$","M","R","$","M","B",null,"R","?","M","M","?","E","T","$","R","M","E","$","M","E","R","B",null],"character_chosen":"THE_SPIRIT","items_purchased":["hexamod:GhostOfSpireFuture","hexamod:UnleashSpirits+1","Bottled Tornado","hexamod:UnlimitedPower","PowerPotion","hexamod:UnleashSpirits+1"],"campfire_rested":1,"item_purchase_floors":[19,28,28,31,31,42],"current_hp_per_floor":[70,70,67,67,67,44,44,44,44,44,33,33,54,54,51,20,74,74,75,66,39,40,42,42,32,33,33,36,39,39,42,40,34,62,62,65,56,46,80,76,76,76,76,79,78,78,79,81,81,73],"gold":76,"neow_bonus":"BOSS_RELIC","is_daily":false,"chose_seed":false,"campfire_upgraded":7,"win_rate":0.0,"timestamp":1611538244,"path_taken":["R","M","M","?","M","E","T","?","?","R","M","M","R","?","M","BOSS","R","$","?","?","M","E","T","M","M","?","$","M","R","?","M","BOSS","R","?","M","M","?","E","T","$","R","M","E","$","M","E","R","BOSS"],"items_purchased_type":["Card","Card","Relic","Card","Potion","Card"],"build_version":"2020-12-22","purchased_purges":3,"victory":true,"max_hp_per_floor":[70,70,70,70,70,70,70,70,70,70,70,70,70,70,73,74,74,74,75,78,39,42,45,45,48,49,49,52,55,55,58,61,62,62,62,65,68,71,80,81,81,81,81,84,87,87,88,91,91,92],"card_choices":[{"not_picked":["hexamod:Firestarter","hexamod:Hexaguard"],"picked":"hexamod:FastForward","floor":2.0},{"not_picked":["hexamod:GhostLash","hexamod:NecessarySacrifice"],"picked":"hexamod:Haunt","floor":3.0},{"not_picked":["hexamod:SwordOfDarkness","hexamod:InspiringFlames"],"picked":"hexamod:PowerFromBeyond","floor":5.0},{"not_picked":["hexamod:HauntingEcho+1","hexamod:FlamesFromBeyond"],"picked":"hexamod:AdvancingGuard","floor":6.0},{"not_picked":["hexamod:FastForward","hexamod:Again"],"picked":"hexamod:GhostOfSpireFuture","floor":11.0},{"not_picked":["hexamod:ThermalTransfer+1","hexamod:BurningTouch"],"picked":"hexamod:GhostLash+1","floor":12.0},{"not_picked":["hexamod:GhostShield","hexamod:CatchUp"],"picked":"hexamod:Hexaguard","floor":14.0},{"not_picked":["hexamod:ThermalTransfer+1","hexamod:SecondSeal","hexamod:CatchUp"],"picked":"Singing Bowl","floor":15.0},{"not_picked":["hexamod:ParanormalForm","hexamod:ForkedFlame+1"],"picked":"hexamod:GiftsFromTheDead","floor":16.0},{"not_picked":["hexamod:BacktrackSmack+1","hexamod:InspiringFlames"],"picked":"hexamod:ForkedFlame+1","floor":19.0},{"not_picked":["hexamod:Firestarter+1","hexamod:SpectralAdrenaline+1","hexamod:ExtraCrispy+1"],"picked":"Singing Bowl","floor":20.0},{"not_picked":["hexamod:NightmareGuise","hexamod:Again+1","hexamod:FastForward"],"picked":"Singing Bowl","floor":22.0},{"not_picked":["hexamod:FastForward","hexamod:SkipABeat","hexamod:FirstSeal"],"picked":"Singing Bowl","floor":23.0},{"not_picked":["hexamod:GhostLash+1","hexamod:BacktrackSmack+1","hexamod:Hexaguard+1"],"picked":"Singing Bowl","floor":25.0},{"not_picked":["hexamod:ShieldOfDarkness","hexamod:SearingWound"],"picked":"hexamod:NightmareGuise","floor":26},{"not_picked":["hexamod:GhostOfSpirePast+1","hexamod:DynamicBlow+1","hexamod:BurningTouch"],"picked":"Singing Bowl","floor":28},{"not_picked":["hexamod:RadiantFlame","hexamod:RainOfEmbers+1","hexamod:SwordOfDarkness+1"],"picked":"Singing Bowl","floor":29},{"not_picked":["hexamod:SwordOfDarkness+1","hexamod:SoulSteal","hexamod:SpectersWail+1"],"picked":"Singing Bowl","floor":31},{"not_picked":["hexamod:NightmareGuise","hexamod:GhostLash+1","hexamod:ThermalTransfer+1"],"picked":"Singing Bowl","floor":32},{"not_picked":["hexamod:GhostflameInferno","hexamod:TurnItUp"],"picked":"hexamod:ForkedFlame+1","floor":33},{"not_picked":["hexamod:NightmareGuise+1","hexamod:PowerFromBeyond+1","hexamod:Firestarter+1"],"picked":"Singing Bowl","floor":36},{"not_picked":["hexamod:FirstSeal","hexamod:ThermalTransfer+1","hexamod:ThirdSeal"],"picked":"Singing Bowl","floor":37},{"not_picked":["hexamod:ThirdSeal","hexamod:PhantomFireball+1","hexamod:BurningTouch"],"picked":"Singing Bowl","floor":38},{"not_picked":["hexamod:InspiringFlames","hexamod:Hexaguard"],"picked":"hexamod:FastForward","floor":40},{"not_picked":["hexamod:HeatMetal+1","hexamod:SecondSeal","hexamod:SpectersWail+1"],"picked":"Singing Bowl","floor":44},{"not_picked":["hexamod:AdvancingGuard","hexamod:BacktrackSmack+1","hexamod:EmpoweredFlame"],"picked":"Singing Bowl","floor":45},{"not_picked":["hexamod:StepThrough+1","hexamod:BurningTouch+1"],"picked":"hexamod:DynamicBlow+1","floor":47},{"not_picked":["hexamod:InspiringFlames+1","hexamod:WildfireWeapon","hexamod:AdvancingGuard+1"],"picked":"Singing Bowl","floor":48}],"player_experience":238607,"relics_obtained":[{"floor":6.0,"key":"Molten Egg 2"},{"floor":6.0,"key":"Singing Bowl"},{"floor":7.0,"key":"Centennial Puzzle"},{"floor":14.0,"key":"downfall:CloakOfManyFaces"},{"floor":23.0,"key":"Regal Pillow"},{"floor":23.0,"key":"Potion Belt"},{"floor":27,"key":"Ornamental Fan"},{"floor":36,"key":"hubris:BundleOfHerbs"},{"floor":40,"key":"hexamod:MatchstickCase"},{"floor":40,"key":"Whetstone"},{"floor":41,"key":"Ancient Tea Set"},{"floor":45,"key":"Omamori"},{"floor":45,"key":"Turnip"},{"floor":48,"key":"Blood Vial"},{"floor":48,"key":"Bronze Scales"}],"event_choices":[],"is_beta":false,"boss_relics":[{"not_picked":["Cursed Key","hubris:HollowSoul"],"picked":"Astrolabe"},{"not_picked":["Sozu","Velvet Choker"],"picked":"SlaversCollar"}],"items_purged_floors":[19,28,31],"is_endless":false,"potions_floor_spawned":[3,6,11,12,15,23,26,29,32,38,44,45,47],"ascension_level":0}}