{"host":"Oniwa","time":1611575182,"event":{"mods":["BaseMod","Colored Map","Colored Powertips","Minty Spire (QoL Compilation)","Relic Stats","Slay the Relics Exporter","SpireBot","StSLib","ojb\u0027s Better Paths Mod","ojb\u0027s Info Mod"],"gold_per_floor":[109,109,32,47,47,81,81,112,135,165,2,16,41,41,41,120,120,134,134,8,8,21,21,50,50,50,50,50,70,99,111,111,186,186,203,203,228,245,257,257,285,285,308,342,169,189,199,124,124,124,124,124,124,36,66,66],"floor_reached":57,"language":"JPN","playtime":6123,"items_purged":["Strike_G","Pain"],"score":2773,"play_id":"07550bec-9755-423d-b3ff-76d69ef399a9","local_time":"20210125204622","is_ascension_mode":true,"campfire_choices":[{"data":"Dash","floor":7,"key":"SMITH"},{"data":"Bouncing Flask","floor":15,"key":"SMITH"},{"data":"Dagger Spray","floor":23,"key":"SMITH"},{"floor":25,"key":"REST"},{"data":"Poisoned Stab","floor":27,"key":"SMITH"},{"data":"Ghostly","floor":32,"key":"SMITH"},{"data":"Ghostly","floor":40,"key":"SMITH"},{"floor":42,"key":"RECALL"},{"data":"Outmaneuver","floor":49,"key":"SMITH"},{"data":"Ghostly","floor":53,"key":"SMITH"}],"circlet_count":0,"master_deck":["AscendersBane","Strike_G","Strike_G","Defend_G","Defend_G","Defend_G","Defend_G","Defend_G","Survivor","Neutralize","Dash+1","Predator","Well Laid Plans","Dagger Spray+1","Poisoned Stab+1","Caltrops","Bouncing Flask+1","Backflip","Venomology","Deflect","Blade Dance+1","Concentrate+1","Ghostly+1","Ghostly+1","Ghostly+1","Sucker Punch+1","After Image","Infinite Blades+1","Corpse Explosion","Outmaneuver+1","Acrobatics","Catalyst+1","Terror","Bouncing Flask","After Image","Crippling Poison+1"],"relics":["Ring of the Snake","NeowsBlessing","Vajra","Ancient Tea Set","Snake Skull","Pantograph","Pen Nib","Busted Crown","WarpedTongs","Lantern","Molten Egg 2","Happy Flower","Kunai","Runic Pyramid","Torii","Strawberry","Bottled Tornado","OrangePellets","Bag of Marbles"],"acts_visited":["Exordium","TheCity","TheBeyond","TheEnding"],"potions_floor_usage":[8,10,18,18,22,24,29,30,31,33,39,41,44,44,56,56,56,56],"damage_taken":[{"damage":0,"enemies":"Small Slimes","floor":1,"turns":1},{"damage":0,"enemies":"Cultist","floor":4,"turns":1},{"damage":0,"enemies":"3 Sentries","floor":6,"turns":2},{"damage":32,"enemies":"Lagavulin","floor":8,"turns":9},{"damage":6,"enemies":"3 Sentries","floor":10,"turns":4},{"damage":0,"enemies":"Jaw Worm","floor":12,"turns":3},{"damage":21,"enemies":"Lagavulin","floor":13,"turns":10},{"damage":12,"enemies":"Hexaghost","floor":16,"turns":9},{"damage":3,"enemies":"Spheric Guardian","floor":18,"turns":3},{"damage":7,"enemies":"Chosen","floor":22,"turns":4},{"damage":23,"enemies":"Slavers","floor":24,"turns":6},{"damage":0,"enemies":"Centurion and Healer","floor":29,"turns":7},{"damage":5,"enemies":"Gremlin Leader","floor":30,"turns":7},{"damage":0,"enemies":"3 Cultists","floor":31,"turns":5},{"damage":3,"enemies":"Champ","floor":33,"turns":13},{"damage":0,"enemies":"3 Shapes","floor":35,"turns":5},{"damage":0,"enemies":"Mind Bloom Boss Battle","floor":37,"turns":6},{"damage":1,"enemies":"3 Darklings","floor":38,"turns":3},{"damage":8,"enemies":"Writhing Mass","floor":39,"turns":7},{"damage":1,"enemies":"Nemesis","floor":41,"turns":7},{"damage":3,"enemies":"Reptomancer","floor":44,"turns":7},{"damage":0,"enemies":"Jaw Worm Horde","floor":46,"turns":2},{"damage":0,"enemies":"3 Darklings","floor":47,"turns":1},{"damage":20,"enemies":"Awakened One","floor":50,"turns":14},{"damage":16,"enemies":"Time Eater","floor":51,"turns":9},{"damage":30,"enemies":"Shield and Spear","floor":55,"turns":8},{"damage":60,"enemies":"The Heart","floor":56,"turns":7}],"seed_played":"2226222649167845556","potions_obtained":[{"floor":2,"key":"SteroidPotion"},{"floor":2,"key":"Swift Potion"},{"floor":6,"key":"FearPotion"},{"floor":8,"key":"Swift Potion"},{"floor":10,"key":"SteroidPotion"},{"floor":18,"key":"Explosive Potion"},{"floor":33,"key":"EntropicBrew"},{"floor":46,"key":"Energy Potion"},{"floor":47,"key":"FairyPotion"}],"is_trial":false,"path_per_floor":["M","?","$","M","?","E","R","E","T","E","$","M","E","?","R","B",null,"M","?","$","T","M","R","E","R","T","R","?","M","E","M","R","B",null,"M","?","?","M","M","R","E","R","T","E","$","M","M","?","R","B","B",null,"R","$","E","B",null],"character_chosen":"THE_SILENT","items_purchased":["Predator","Bouncing Flask","Deflect","OrangePellets","After Image"],"campfire_rested":1,"item_purchase_floors":[3,11,20,45,54],"current_hp_per_floor":[59,59,59,59,64,64,64,32,32,26,26,26,5,5,5,18,58,55,55,55,55,48,48,25,46,46,46,35,35,30,30,30,32,34,34,34,35,34,26,26,32,32,32,42,42,42,42,42,42,22,26,38,38,38,8,2],"gold":66,"neow_bonus":"THREE_ENEMY_KILL","is_daily":false,"chose_seed":false,"campfire_upgraded":8,"win_rate":0.0,"timestamp":1611575182,"path_taken":["M","?","?","M","?","E","R","E","T","E","?","?","E","?","R","BOSS","M","?","$","?","M","R","E","R","T","R","?","M","E","M","R","BOSS","M","?","?","M","M","R","E","R","T","E","$","?","M","?","R","BOSS","BOSS","R","$","E","BOSS"],"items_purchased_type":["Card","Card","Card","Relic","Card"],"build_version":"2020-12-18","purchased_purges":2,"victory":true,"max_hp_per_floor":[66,66,66,66,71,71,71,71,71,71,71,71,71,71,71,71,71,71,71,71,71,71,71,71,71,71,71,35,35,35,35,35,35,35,35,35,35,35,35,35,42,42,42,42,42,42,42,42,42,42,42,42,42,42,42,42],"relic_stats":{"OrangePellets":[4],"Busted Crown":32,"Happy Flower":[36],"Torii":18,"counters":[27,160],"Pantograph":76,"Snake Skull":[149],"Pen Nib":[33],"Kunai":[61],"obtain_stats":[{"Lantern":21,"NeowsBlessing":0,"Happy Flower":26,"Torii":37,"Vajra":6,"Snake Skull":9,"Pen Nib":13,"Bottled Tornado":44,"Ancient Tea Set":8,"WarpedTongs":19,"OrangePellets":45,"Busted Crown":17,"Pantograph":10,"Strawberry":41,"Molten Egg 2":24,"Bag of Marbles":55,"Kunai":30,"Ring of the Snake":0,"Runic Pyramid":34},{"Lantern":9,"NeowsBlessing":0,"Happy Flower":11,"Torii":17,"Vajra":3,"Snake Skull":4,"Pen Nib":7,"Bottled Tornado":21,"Ancient Tea Set":4,"WarpedTongs":9,"OrangePellets":21,"Busted Crown":8,"Pantograph":5,"Strawberry":20,"Molten Egg 2":11,"Bag of Marbles":26,"Kunai":13,"Ring of the Snake":0,"Runic Pyramid":15},{"Lantern":42,"NeowsBlessing":0,"Happy Flower":52,"Torii":95,"Vajra":4,"Snake Skull":13,"Pen Nib":30,"Bottled Tornado":119,"Ancient Tea Set":13,"WarpedTongs":42,"OrangePellets":119,"Busted Crown":39,"Pantograph":17,"Strawberry":112,"Molten Egg 2":52,"Bag of Marbles":153,"Kunai":66,"Ring of the Snake":0,"Runic Pyramid":84}],"Ring of the Snake":[54],"WarpedTongs":[118]},"card_choices":[{"not_picked":["Flying Knee","Underhanded Strike"],"picked":"Dash","floor":1},{"not_picked":["Bouncing Flask","Quick Slash"],"picked":"Well Laid Plans","floor":4},{"not_picked":["Backflip","Cloak And Dagger"],"picked":"Dagger Spray","floor":6},{"not_picked":["Bane","Prepared"],"picked":"Poisoned Stab","floor":8},{"not_picked":["All Out Attack","Flechettes"],"picked":"Caltrops","floor":10},{"not_picked":["Quick Slash","Sucker Punch","Poisoned Stab"],"picked":"SKIP","floor":12},{"not_picked":["Blade Dance","Poisoned Stab"],"picked":"Backflip","floor":13},{"not_picked":["Night Terror","Bullet Time"],"picked":"Venomology","floor":16},{"not_picked":["Underhanded Strike"],"picked":"SKIP","floor":18},{"not_picked":[],"picked":"Blade Dance+1","floor":22},{"not_picked":[],"picked":"Concentrate+1","floor":24},{"not_picked":[],"picked":"Sucker Punch+1","floor":29},{"not_picked":[],"picked":"After Image","floor":30},{"not_picked":[],"picked":"Infinite Blades+1","floor":31},{"not_picked":[],"picked":"Corpse Explosion","floor":33},{"not_picked":["Slice+1"],"picked":"SKIP","floor":35},{"not_picked":[],"picked":"Outmaneuver","floor":38},{"not_picked":["Masterful Stab+1"],"picked":"SKIP","floor":39},{"not_picked":[],"picked":"Acrobatics","floor":41},{"not_picked":[],"picked":"Catalyst+1","floor":44},{"not_picked":["Eviscerate+1"],"picked":"SKIP","floor":46},{"not_picked":["Deadly Poison"],"picked":"SKIP","floor":47},{"not_picked":["Deadly Poison"],"picked":"SKIP","floor":47},{"not_picked":[],"picked":"Crippling Poison+1","floor":55}],"player_experience":2587845,"relics_obtained":[{"floor":6,"key":"Vajra"},{"floor":8,"key":"Ancient Tea Set"},{"floor":9,"key":"Snake Skull"},{"floor":10,"key":"Pantograph"},{"floor":13,"key":"Pen Nib"},{"floor":21,"key":"Lantern"},{"floor":24,"key":"Molten Egg 2"},{"floor":26,"key":"Happy Flower"},{"floor":30,"key":"Kunai"},{"floor":37,"key":"Torii"},{"floor":41,"key":"Strawberry"},{"floor":44,"key":"Bottled Tornado"},{"floor":55,"key":"Bag of Marbles"}],"event_choices":[{"damage_healed":0,"gold_gain":0,"player_choice":"Got Potions","damage_taken":0,"max_hp_gain":0,"max_hp_loss":0,"event_name":"Lab","floor":2,"gold_loss":0},{"damage_healed":0,"gold_gain":0,"player_choice":"Donut","damage_taken":0,"max_hp_gain":5,"max_hp_loss":0,"event_name":"Big Fish","floor":5,"gold_loss":0},{"damage_healed":0,"gold_gain":0,"player_choice":"0 cards matched","damage_taken":0,"max_hp_gain":0,"max_hp_loss":0,"event_name":"Match and Keep!","floor":14,"gold_loss":0,"cards_obtained":[]},{"damage_healed":0,"gold_gain":0,"player_choice":"Rummage","damage_taken":0,"relics_obtained":["WarpedTongs"],"max_hp_gain":0,"max_hp_loss":0,"event_name":"Accursed Blacksmith","floor":19,"gold_loss":0,"cards_obtained":["Pain"]},{"damage_healed":0,"gold_gain":0,"player_choice":"Became a Ghost","damage_taken":0,"max_hp_gain":0,"max_hp_loss":36,"event_name":"Ghosts","floor":28,"gold_loss":0,"cards_obtained":["Ghostly","Ghostly","Ghostly"]},{"damage_healed":0,"gold_gain":0,"player_choice":"Ignored","damage_taken":0,"max_hp_gain":0,"max_hp_loss":0,"event_name":"Tomb of Lord Red Mask","floor":36,"gold_loss":0},{"damage_healed":0,"gold_gain":0,"player_choice":"Fight","damage_taken":0,"max_hp_gain":0,"max_hp_loss":0,"event_name":"MindBloom","floor":37,"gold_loss":0},{"damage_healed":0,"gold_gain":0,"cards_transformed":["Strike_G","Strike_G"],"player_choice":"Transformed Cards","damage_taken":0,"max_hp_gain":0,"max_hp_loss":0,"event_name":"Designer","floor":48,"gold_loss":75,"cards_obtained":["Terror","Bouncing Flask"]}],"is_beta":true,"boss_relics":[{"not_picked":["SacredBark","Calling Bell"],"picked":"Busted Crown"},{"not_picked":["WristBlade","Empty Cage"],"picked":"Runic Pyramid"}],"items_purged_floors":[11,20],"is_endless":false,"potions_floor_spawned":[4,6,8,10,18,33,37,46,47,55],"ascension_level":20}}