{"host":"x3q4ieql2tr7v8o6","time":1611577714,"event":{"mods":["BaseMod","Bestiary","Better Altar","Better Match","Better Note","Better Sensory Stone","Better Skull","Better Third Choice","Colored Map","Colored Powertips","Curses Come First","Minty Spire (QoL Compilation)","StSLib"],"gold_per_floor":[116,131,131,15,15,44,62,87,87,119,131,154,176,203,215,299,311,341,368,34,34,46,46,60,60,87,121,131,131,56,76,76,155,155,165,179,194,214,20,20,20],"floor_reached":40,"language":"ENG","playtime":1986,"items_purged":["Masterful Stab"],"score":855,"play_id":"4c9fe46f-f619-4cef-963e-49dddede665f","local_time":"20210125122834","is_ascension_mode":true,"campfire_choices":[{"floor":15.0,"key":"REST"},{"floor":23.0,"key":"REST"},{"data":"Bullet Time","floor":25.0,"key":"SMITH"},{"data":"Leg Sweep","floor":32.0,"key":"SMITH"}],"circlet_count":0,"master_deck":["AscendersBane","Survivor","Neutralize+1","Prepared","Leg Sweep+1","Caltrops","Dagger Spray","Dash","Terror","Slice","Reflex","Slice","Corpse Explosion","Poisoned Stab","Venomology","Catalyst","A Thousand Cuts","Blur","Reflex","Bouncing Flask","Acrobatics","Bullet Time+1","PiercingWail+1","Blade Dance","Noxious Fumes","Finisher","Outmaneuver","Venomology","Accuracy","Catalyst","PiercingWail","Blade Dance","Bullet Time","Endless Agony+1","Backstab+1","Parasite","Sucker Punch+1","Acrobatics"],"relics":["Ring of the Snake","NeowsBlessing","Calipers","Whetstone","Bag of Preparation","MawBank","Pandora\u0027s Box","MealTicket","Centennial Puzzle","Bag of Marbles","Cursed Key","OrangePellets"],"acts_visited":["Exordium","TheCity","TheBeyond"],"potions_floor_usage":[40,40,40],"damage_taken":[{"damage":0.0,"enemies":"Small Slimes","floor":1.0,"turns":1.0},{"damage":0.0,"enemies":"Cultist","floor":2.0,"turns":1.0},{"damage":0.0,"enemies":"Gremlin Nob","floor":6.0,"turns":1.0},{"damage":0.0,"enemies":"Jaw Worm","floor":7.0,"turns":5.0},{"damage":18.0,"enemies":"Lagavulin","floor":8.0,"turns":9.0},{"damage":11.0,"enemies":"Exordium Thugs","floor":10.0,"turns":6.0},{"damage":1.0,"enemies":"2 Fungi Beasts","floor":12.0,"turns":3.0},{"damage":2.0,"enemies":"3 Louse","floor":13.0,"turns":3.0},{"damage":2.0,"enemies":"Exordium Wildlife","floor":14.0,"turns":5.0},{"damage":12.0,"enemies":"Hexaghost","floor":16.0,"turns":11.0},{"damage":19.0,"enemies":"Shell Parasite","floor":18.0,"turns":8.0},{"damage":0.0,"enemies":"2 Thieves","floor":19.0,"turns":1.0},{"damage":0.0,"enemies":"Snecko","floor":22.0,"turns":3.0},{"damage":1.0,"enemies":"3 Cultists","floor":24.0,"turns":3.0},{"damage":0.0,"enemies":"Book of Stabbing","floor":27.0,"turns":3.0},{"damage":31.0,"enemies":"Cultist and Chosen","floor":28.0,"turns":6.0},{"damage":5.0,"enemies":"Snake Plant","floor":31.0,"turns":5.0},{"damage":33.0,"enemies":"Collector","floor":33.0,"turns":8.0},{"damage":0.0,"enemies":"3 Shapes","floor":35.0,"turns":4.0},{"damage":35.0,"enemies":"3 Darklings","floor":36.0,"turns":4.0},{"damage":0.0,"enemies":"Writhing Mass","floor":37.0,"turns":7.0},{"damage":12.0,"enemies":"Maw","floor":38.0,"turns":5.0},{"damage":38,"enemies":"Nemesis","floor":40,"turns":3}],"seed_played":"4774683652998363789","potions_obtained":[{"floor":1.0,"key":"Swift Potion"},{"floor":8.0,"key":"AttackPotion"},{"floor":16.0,"key":"SteroidPotion"},{"floor":19.0,"key":"BlessingOfTheForge"},{"floor":31.0,"key":"DistilledChaos"},{"floor":36.0,"key":"DuplicationPotion"},{"floor":37.0,"key":"LiquidBronze"}],"is_trial":false,"path_per_floor":["M","M","?","$","T","E","M","E","T","M","?","M","M","M","R","B",null,"M","M","$","?","M","R","M","R","T","E","M","$","$","M","R","B",null,"M","M","M","M","$","E"],"character_chosen":"THE_SILENT","items_purchased":["Caltrops","Dagger Spray","MealTicket","Noxious Fumes","Finisher","Outmaneuver","OrangePellets","Explosive Potion"],"campfire_rested":2,"item_purchase_floors":[4,4,20,20,20,20,39,39],"current_hp_per_floor":[59,59,59,59,59,59,59,41,41,30,30,29,27,25,44,32,58,39,39,39,39,39,58,57,57,57,57,38,53,66,61,61,28,57,57,22,22,10,25,0,0],"gold":20,"neow_bonus":"THREE_ENEMY_KILL","is_daily":false,"chose_seed":false,"campfire_upgraded":2,"win_rate":0.0,"timestamp":1611577714,"path_taken":["M","M","?","$","?","E","M","E","T","?","?","M","M","M","R","BOSS","M","M","$","?","?","R","M","R","T","E","M","?","$","M","R","BOSS","M","?","M","M","$","E"],"items_purchased_type":["Card","Card","Relic","Card","Card","Card","Relic","Potion"],"build_version":"2020-12-22","purchased_purges":1,"victory":false,"max_hp_per_floor":[66,66,66,66,66,66,66,66,66,66,66,66,66,66,66,66,66,66,66,66,66,66,66,66,66,66,66,66,66,66,66,66,66,66,66,66,66,66,66,66,66],"card_choices":[{"not_picked":["Underhanded Strike","Setup"],"picked":"Prepared","floor":1.0},{"not_picked":["Acrobatics","Dagger Spray"],"picked":"Leg Sweep","floor":2.0},{"not_picked":["Calculated Gamble","Dodge and Roll"],"picked":"Dash","floor":6.0},{"not_picked":["Backflip","Dodge and Roll"],"picked":"Terror","floor":7.0},{"not_picked":["Quick Slash","Escape Plan"],"picked":"Slice","floor":8.0},{"not_picked":["Dodge and Roll","Terror"],"picked":"Reflex","floor":10.0},{"not_picked":["Dagger Throw","Eviscerate"],"picked":"Slice","floor":12.0},{"not_picked":["Quick Slash","PiercingWail"],"picked":"Corpse Explosion","floor":13.0},{"not_picked":["Prepared","Dash"],"picked":"Poisoned Stab","floor":14.0},{"not_picked":["Glass Knife","Phantasmal Killer"],"picked":"Venomology","floor":16.0},{"not_picked":["Caltrops","Poisoned Stab"],"picked":"PiercingWail+1","floor":18.0},{"not_picked":["Deadly Poison","Terror"],"picked":"Blade Dance","floor":19.0},{"not_picked":["Choke","Backflip"],"picked":"Accuracy","floor":22.0},{"not_picked":["Caltrops","Grand Finale"],"picked":"Catalyst","floor":24.0},{"not_picked":["Terror","Backflip"],"picked":"PiercingWail","floor":27.0},{"not_picked":["PiercingWail+1","Escape Plan"],"picked":"Blade Dance","floor":28.0},{"not_picked":["Dagger Spray","Dagger Throw","Masterful Stab"],"picked":"SKIP","floor":31.0},{"not_picked":["Venomology","Burst"],"picked":"Bullet Time","floor":33.0},{"not_picked":["Prepared+1","Flying Knee"],"picked":"Endless Agony+1","floor":35.0},{"not_picked":["Quick Slash","Bane+1"],"picked":"Backstab+1","floor":36.0},{"not_picked":["Dagger Throw","Well Laid Plans"],"picked":"Sucker Punch+1","floor":37.0},{"not_picked":["Masterful Stab","Quick Slash"],"picked":"Acrobatics","floor":38.0}],"player_experience":738143,"relics_obtained":[{"floor":5.0,"key":"Calipers"},{"floor":6.0,"key":"Whetstone"},{"floor":8.0,"key":"Bag of Preparation"},{"floor":9.0,"key":"MawBank"},{"floor":26.0,"key":"Centennial Puzzle"},{"floor":27.0,"key":"Bag of Marbles"}],"event_choices":[{"cards_removed":["Strike_G"],"damage_healed":0.0,"max_hp_gain":0.0,"max_hp_loss":0.0,"gold_gain":0.0,"event_name":"Bonfire Elementals","player_choice":"Offered Basic","floor":3.0,"gold_loss":0.0,"damage_taken":0.0},{"cards_removed":["Strike_G"],"damage_healed":0.0,"max_hp_gain":0.0,"max_hp_loss":0.0,"gold_gain":0.0,"event_name":"Purifier","player_choice":"Purged","floor":11.0,"gold_loss":0.0,"damage_taken":0.0},{"damage_healed":0.0,"max_hp_gain":0.0,"max_hp_loss":0.0,"gold_gain":0.0,"event_name":"Duplicator","player_choice":"Copied","floor":21.0,"gold_loss":0.0,"damage_taken":0.0,"cards_obtained":["Venomology"]}],"is_beta":false,"boss_relics":[{"not_picked":["Sozu","Runic Pyramid"],"picked":"Pandora\u0027s Box"},{"not_picked":["Velvet Choker","Fusion Hammer"],"picked":"Cursed Key"}],"items_purged_floors":[30],"is_endless":false,"potions_floor_spawned":[1,8,10,13,16,19,31,33,36,37],"killed_by":"Nemesis","ascension_level":15}}