{"host":"bpkhhmvsfrvlto2l","time":1611599352,"event":{"mods":["2.2 Compatiblity","AchievementEnabler","Act Like it!","AlwaysNeverKeys","Aspiration","BaseMod","Better Silent Start","Challenge The Spire","Colored Map","Colored Powertips","Custom Start","Energized Spire","Friendly Minions","GifTheSpireLib","Halation","Hubris","Infinite Spire","Ironclad Rager","Mimic Mod","Minty Spire (QoL Compilation)","Permanent Neow","Quick Restart","Random Character Button","Relic Sorter","Replay The Spire","Spikes Relics","StSLib","Stuff the Spire","Swap Starting Deck Mod","Trackpad"],"gold_per_floor":[116,2,14,33,33,67,67,98,135,146,180,180,180,195,195,295,295,309,320,339,339,89,124,141,141,217,217,217,217,235,263,263,364,364,378,391,391,56,69,69,87,119,191,216,216,216,216,216,216,216],"floor_reached":51,"language":"ENG","playtime":833,"items_purged":[],"score":1116,"play_id":"fea20858-77f6-4843-ba1d-81c6d5b0d114","local_time":"20210125132912","is_ascension_mode":true,"campfire_choices":[{"data":"infinitespire:Neurotoxin","floor":7.0,"key":"SMITH"},{"data":"Venomology","floor":13.0,"key":"SMITH"},{"data":"Poisoned Stab","floor":15,"key":"SMITH"},{"data":"Poisoned Stab","floor":25,"key":"SMITH"},{"data":"Poisoned Stab","floor":27,"key":"SMITH"},{"data":"Poisoned Stab","floor":29,"key":"SMITH"},{"data":"Poisoned Stab","floor":32,"key":"SMITH"},{"data":"Deflect","floor":40,"key":"SMITH"},{"floor":45,"key":"REST"},{"data":"Deflect","floor":47,"key":"SMITH"},{"floor":49,"key":"REST"}],"circlet_count":0,"master_deck":["Poisoned Stab+1","Poisoned Stab+1","Poisoned Stab+1","Deflect+1","Deflect+1","Deflect+1","Deflect+1","Deadly Poison+1","Venomology+1","infinitespire:Neurotoxin+1","infinitespire:Neurotoxin+1","Poisoned Stab+1"],"relics":["Ring of the Snake","hubris:Icosahedron","halation:PromiseList","War Paint","Pear","Blue Doll","Ring of Chaos","infinitespire:WardingShard","StuffTheSpire:DarkSteelAnvil","Golden Egg","halation:Toothbrush","infinitespire:Eraser","InkBottle","trackpad:PetRock","Replay:Ringing Soul","Happy Flower"],"acts_visited":["Exordium","TheCity","TheBeyond"],"potions_floor_usage":[16,16,16,16,20,23,23,23,31,31,31,35,41,41,42,42,44,50,50],"damage_taken":[{"damage":0.0,"enemies":"2 Louse","floor":1.0,"turns":2.0},{"damage":0.0,"enemies":"Cultist","floor":3.0,"turns":3.0},{"damage":2.0,"enemies":"Jaw Worm","floor":4.0,"turns":2.0},{"damage":14.0,"enemies":"Lagavulin","floor":6.0,"turns":4.0},{"damage":4.0,"enemies":"Gremlin Nob","floor":8.0,"turns":3.0},{"damage":2.0,"enemies":"2 Fungi Beasts","floor":9.0,"turns":5.0},{"damage":0.0,"enemies":"2 Fungi Beasts","floor":10.0,"turns":2.0},{"damage":6.0,"enemies":"Lagavulin","floor":11.0,"turns":3.0},{"damage":0,"enemies":"Lots of Slimes","floor":14,"turns":3},{"damage":0,"enemies":"Slime Boss","floor":16,"turns":5},{"damage":2,"enemies":"Chosen","floor":18,"turns":2},{"damage":0,"enemies":"Shell Parasite","floor":19,"turns":2},{"damage":0,"enemies":"Snake Plant","floor":20,"turns":1},{"damage":5,"enemies":"Book of Stabbing","floor":23,"turns":3},{"damage":1,"enemies":"Chosen and Byrds","floor":24,"turns":3},{"damage":1,"enemies":"Cultist and Chosen","floor":30,"turns":3},{"damage":0,"enemies":"Gremlin Leader","floor":31,"turns":2},{"damage":23,"enemies":"hubris:MusketHawk","floor":33,"turns":4},{"damage":16,"enemies":"3 Darklings","floor":35,"turns":4},{"damage":4,"enemies":"Orb Walker","floor":36,"turns":2},{"damage":9,"enemies":"3 Darklings","floor":39,"turns":2},{"damage":0,"enemies":"Maw","floor":41,"turns":2},{"damage":4,"enemies":"Reptomancer","floor":42,"turns":3},{"damage":7,"enemies":"Nemesis","floor":44,"turns":3},{"damage":30,"enemies":"Time Eater","floor":50,"turns":8}],"seed_played":"-3434219472677180759","potions_obtained":[{"floor":3.0,"key":"Adrenaline Potion"},{"floor":8.0,"key":"Adrenaline Potion"},{"floor":10.0,"key":"FearPotion"},{"floor":11.0,"key":"Poison Potion"},{"floor":16,"key":"Poison Potion"},{"floor":19,"key":"Swift Potion"},{"floor":23,"key":"Doom Potion"},{"floor":24,"key":"Dexterity Potion"},{"floor":30,"key":"DistilledChaos"},{"floor":41,"key":"Doom Potion"},{"floor":42,"key":"Block Potion"}],"is_trial":false,"path_per_floor":["M","$","M","M","$","E","R","E","MIM","M","E","?","R","M","R","B",null,"M","M","M","?","$","E","M","R","T","R","?","R","M","E","R","B",null,"M","M","?","$","M","R","M","E","T","E","R","?","R","?","R","B",null],"character_chosen":"THE_SILENT","items_purchased":["infinitespire:Neurotoxin","infinitespire:WardingShard","InkBottle","DuplicationPotion"],"campfire_rested":2,"item_purchase_floors":[2,22,38,38],"current_hp_per_floor":[53,53,53,51,51,37,37,43,41,41,35,35,35,35,35,35,56,54,54,54,54,54,49,48,48,48,48,48,48,47,47,47,24,53,37,33,36,36,27,27,27,23,23,16,35,35,35,35,54,24],"gold":216,"neow_bonus":"","is_daily":false,"chose_seed":false,"campfire_upgraded":9,"win_rate":0.0,"timestamp":1611599352,"path_taken":["M","$","M","M","$","E","R","E","MIM","M","E","?","R","M","R","BOSS","M","M","M","?","$","E","M","R","T","R","?","R","?","E","R","BOSS","M","M","?","$","M","R","M","E","T","E","R","?","R","?","R","BOSS"],"items_purchased_type":["Card","Relic","Relic","Potion"],"build_version":"2020-12-22","purchased_purges":0,"victory":true,"max_hp_per_floor":[53,53,53,53,53,53,53,63,63,63,63,63,63,63,63,63,63,63,63,63,63,63,63,63,63,63,63,63,63,63,63,63,63,63,63,63,66,66,66,66,66,66,66,66,66,66,66,66,66,66],"card_choices":[{"not_picked":["Deflect","StuffTheSpire:Incantation","StuffTheSpire:Injection"],"picked":"SKIP","floor":8.0},{"not_picked":["Concentrate","ReplayTheSpireMod:From All Sides"],"picked":"Poisoned Stab","floor":14}],"player_experience":113701,"relics_obtained":[{"floor":6.0,"key":"War Paint"},{"floor":8.0,"key":"Pear"},{"floor":9.0,"key":"Blue Doll"},{"floor":11.0,"key":"halation:PromiseList"},{"floor":23,"key":"StuffTheSpire:DarkSteelAnvil"},{"floor":26,"key":"Golden Egg"},{"floor":31,"key":"infinitespire:Eraser"},{"floor":42,"key":"trackpad:PetRock"},{"floor":43,"key":"Replay:Ringing Soul"},{"floor":44,"key":"Happy Flower"}],"event_choices":[{"damage_healed":0,"gold_gain":0,"player_choice":"Ignored","damage_taken":0,"max_hp_gain":0,"max_hp_loss":0,"event_name":"Ghosts","floor":21,"gold_loss":0},{"damage_healed":0,"gold_gain":0,"player_choice":"Gave Potion","damage_taken":0,"relics_obtained":["halation:Toothbrush"],"max_hp_gain":0,"max_hp_loss":0,"event_name":"WeMeetAgain","floor":28,"gold_loss":0},{"cards_removed":["Poisoned Stab"],"damage_healed":0,"gold_gain":0,"player_choice":"Removed Attack","damage_taken":0,"max_hp_gain":0,"max_hp_loss":0,"event_name":"Falling","floor":37,"gold_loss":0},{"damage_healed":0,"gold_gain":0,"player_choice":"Forge","damage_taken":0,"max_hp_gain":0,"max_hp_loss":0,"event_name":"Accursed Blacksmith","floor":48,"gold_loss":0,"cards_upgraded":["Deflect"]}],"is_beta":false,"boss_relics":[{"not_picked":["halation:CatFaceCupcake","WristBlade"],"picked":"Ring of Chaos"},{"not_picked":["hubris:VirtuousBlindfold","energizedSpire:MagnifyingGlass","StuffTheSpire:RunicHypercube"]}],"items_purged_floors":[],"is_endless":false,"potions_floor_spawned":[3,8,10,11,16,19,23,24,30,36,41,42],"ascension_level":5}}