{"host":"mydft8i2zzydgggw","time":1611588468,"event":{"mods":["AchievementEnabler","BaseMod","BetterRewards","Colored Map","Colored Powertips","DeckTracker","Keyboard Shortcuts","Minty Spire (QoL Compilation)","Rare Cards Sparkle","StSLib","SuperFastMode","everything is the same but u backflip on backflip"],"gold_per_floor":[19,35,35,55,55,89,99,99,126,146,159,159,189,200,200,200,200],"floor_reached":16,"language":"KOR","playtime":500,"items_purged":[],"score":148,"play_id":"524a8b25-46ef-4ab9-8df1-a727a36a65fd","local_time":"20210126002748","is_ascension_mode":true,"campfire_choices":[{"data":"Adrenaline","floor":8,"key":"SMITH"},{"data":"Tactician","floor":12,"key":"SMITH"},{"data":"Envenom","floor":15,"key":"SMITH"}],"circlet_count":0,"master_deck":["Strike_G","Strike_G","Strike_G","Strike_G","Defend_G","Defend_G","Defend_G","Defend_G","Survivor","Neutralize","Underhanded Strike","Dagger Throw","Acrobatics","Adrenaline+1","Backflip","Tactician+1","Backflip","PiercingWail","Expertise","Envenom+1"],"relics":["Ring of the Snake","Bronze Scales","Blood Vial","Potion Belt","Nunchaku"],"acts_visited":["Exordium"],"potions_floor_usage":[6,16,16],"damage_taken":[{"damage":0,"enemies":"2 Louse","floor":1,"turns":3},{"damage":1,"enemies":"Cultist","floor":2,"turns":3},{"damage":0,"enemies":"Jaw Worm","floor":4,"turns":3},{"damage":26,"enemies":"Lagavulin","floor":6,"turns":7},{"damage":0,"enemies":"Gremlin Gang","floor":7,"turns":3},{"damage":0,"enemies":"Blue Slaver","floor":10,"turns":2},{"damage":0,"enemies":"2 Fungi Beasts","floor":11,"turns":2},{"damage":9,"enemies":"3 Sentries","floor":13,"turns":9},{"damage":16,"enemies":"Exordium Wildlife","floor":14,"turns":6},{"damage":23,"enemies":"Slime Boss","floor":16,"turns":11}],"seed_played":"2878372942568080187","potions_obtained":[{"floor":2,"key":"Regen Potion"},{"floor":4,"key":"Weak Potion"},{"floor":7,"key":"DuplicationPotion"},{"floor":10,"key":"SpeedPotion"}],"is_trial":false,"path_per_floor":["M","M","?","M","?","E","M","R","T","M","M","R","E","M","R","B"],"character_chosen":"THE_SILENT","items_purchased":[],"campfire_rested":0,"item_purchase_floors":[],"current_hp_per_floor":[63,62,62,62,62,36,38,38,38,40,42,42,35,21,21,0,0],"gold":200,"neow_bonus":"REMOVE_TWO","is_daily":false,"chose_seed":false,"campfire_upgraded":3,"win_rate":0.0,"timestamp":1611588468,"path_taken":["M","M","?","?","?","E","M","R","T","M","M","R","E","M","R","BOSS"],"items_purchased_type":[],"build_version":"2020-12-22","purchased_purges":0,"victory":false,"max_hp_per_floor":[70,70,70,70,70,70,70,70,70,70,70,70,70,70,70,70,70],"card_choices":[{"not_picked":["Quick Slash","Deflect"],"picked":"Underhanded Strike","floor":1},{"not_picked":["Sucker Punch","Outmaneuver"],"picked":"Dagger Throw","floor":2},{"not_picked":["Catalyst","Dodge and Roll"],"picked":"Acrobatics","floor":4},{"not_picked":["Crippling Poison","Dagger Throw"],"picked":"Backflip","floor":6},{"not_picked":["Slice","Underhanded Strike"],"picked":"Tactician","floor":7},{"not_picked":["Deflect","Quick Slash"],"picked":"Backflip","floor":10},{"not_picked":["Blade Dance","Distraction"],"picked":"PiercingWail","floor":11},{"not_picked":["Concentrate","All Out Attack","Expertise"],"picked":"SKIP","floor":13},{"not_picked":["Concentrate","All Out Attack"],"picked":"Expertise","floor":13},{"not_picked":["Endless Agony","Underhanded Strike"],"picked":"Envenom","floor":14}],"player_experience":220847,"relics_obtained":[{"floor":6,"key":"Blood Vial"},{"floor":9,"key":"Potion Belt"},{"floor":13,"key":"Nunchaku"}],"event_choices":[{"damage_healed":0,"gold_gain":0,"player_choice":"Gave Potion","damage_taken":0,"relics_obtained":["Bronze Scales"],"max_hp_gain":0,"max_hp_loss":0,"event_name":"WeMeetAgain","floor":3,"gold_loss":0},{"damage_healed":0,"gold_gain":0,"player_choice":"1 cards matched","damage_taken":0,"max_hp_gain":0,"max_hp_loss":0,"event_name":"Match and Keep!","floor":5,"gold_loss":0,"cards_obtained":["Adrenaline"]}],"is_beta":false,"boss_relics":[],"items_purged_floors":[],"is_endless":false,"potions_floor_spawned":[2,4,7,10],"killed_by":"Slime Boss","ascension_level":6}}