{"host":"l4p18zw33fr8bdc3","time":1611540901,"event":{"mods":["AchievementEnabler","BaseMod","Bestiary","Block Reminder","Colored Map","Colored Powertips","Curses Come First","Minty Spire (QoL Compilation)","Quick Restart","Rare Cards Sparkle","StSLib"],"gold_per_floor":[110,110,110,129,129,155,155,22,22,56,56,75,104,29,29,133,133,153,166,182,194,174,203,203,236,260,277,31,59,83,94,94,189,189,207,2,2,2,19,50,50,50,76,76,4,4,23,35,35,35,35,35,35,60,60],"floor_reached":56,"language":"ENG","playtime":4482,"items_purged":["Strike_B","Dualcast"],"score":1544,"play_id":"9c61da20-f6d3-4e04-a669-b32d7cf27fe3","local_time":"20210124211501","is_ascension_mode":true,"campfire_choices":[{"data":"Redo","floor":7.0,"key":"SMITH"},{"data":"Coolheaded","floor":11.0,"key":"SMITH"},{"floor":15.0,"key":"REST"},{"data":"Streamline","floor":24.0,"key":"SMITH"},{"floor":32,"key":"REST"},{"floor":41,"key":"RECALL"},{"data":"Rainbow","floor":46,"key":"SMITH"},{"floor":49,"key":"REST"},{"data":"Capacitor","floor":52,"key":"SMITH"}],"circlet_count":0,"master_deck":["Strike_B+1","Defend_B+1","Zap","Coolheaded+1","Compile Driver","Redo+1","Capacitor+1","Streamline+1","Turbo","Cold Snap","Barrage+1","Go for the Eyes+1","Melter+1","Cold Snap+1","Conserve Battery","Lockon+1","Capacitor","Defragment","Defragment","Leap+1","Rainbow+1","Defragment","Beam Cell+1","Deep Breath","Compile Driver","Chill","Rip and Tear+1","Beam Cell+1"],"relics":["Nuclear Battery","Happy Flower","Orichalcum","TungstenRod","Astrolabe","Shuriken","The Courier","Oddly Smooth Stone","PreservedInsect","Matryoshka","Strawberry","Vajra","Sozu","OrangePellets","Centennial Puzzle","Nunchaku","Bag of Preparation","Art of War"],"acts_visited":["TheCity","TheBeyond","TheEnding"],"potions_floor_usage":[29,31,31,33,55],"damage_taken":[{"damage":2.0,"enemies":"2 Louse","floor":1.0,"turns":3.0},{"damage":1.0,"enemies":"Small Slimes","floor":4.0,"turns":4.0},{"damage":6.0,"enemies":"Gremlin Nob","floor":6.0,"turns":3.0},{"damage":12.0,"enemies":"Lagavulin","floor":10.0,"turns":4.0},{"damage":0.0,"enemies":"Cultist","floor":12.0,"turns":3.0},{"damage":20.0,"enemies":"3 Sentries","floor":13.0,"turns":7.0},{"damage":15.0,"enemies":"Hexaghost","floor":16.0,"turns":10.0},{"damage":3.0,"enemies":"Shell Parasite","floor":18.0,"turns":4.0},{"damage":0.0,"enemies":"3 Byrds","floor":19.0,"turns":4.0},{"damage":2.0,"enemies":"Centurion and Healer","floor":20.0,"turns":4.0},{"damage":12.0,"enemies":"Snake Plant","floor":21.0,"turns":3.0},{"damage":4.0,"enemies":"Gremlin Leader","floor":23.0,"turns":6.0},{"damage":1,"enemies":"Book of Stabbing","floor":25,"turns":4},{"damage":8,"enemies":"Snecko","floor":27,"turns":4},{"damage":32,"enemies":"Slavers","floor":29,"turns":6},{"damage":4,"enemies":"Centurion and Healer","floor":31,"turns":4},{"damage":29,"enemies":"Collector","floor":33,"turns":9},{"damage":1,"enemies":"3 Shapes","floor":35,"turns":6},{"damage":27,"enemies":"3 Darklings","floor":39,"turns":4},{"damage":11,"enemies":"Reptomancer","floor":40,"turns":6},{"damage":0,"enemies":"Spire Growth","floor":47,"turns":3},{"damage":25,"enemies":"Jaw Worm Horde","floor":48,"turns":5},{"damage":13,"enemies":"Awakened One","floor":50,"turns":8},{"damage":18,"enemies":"Shield and Spear","floor":54,"turns":5},{"damage":60,"enemies":"The Heart","floor":55,"turns":10}],"seed_played":"7381117853426850210","potions_obtained":[{"floor":1.0,"key":"ColorlessPotion"},{"floor":6.0,"key":"ColorlessPotion"},{"floor":12.0,"key":"SpeedPotion"},{"floor":16.0,"key":"Fruit Juice"},{"floor":19.0,"key":"GamblersBrew"},{"floor":22.0,"key":"Fire Potion"},{"floor":27,"key":"DuplicationPotion"},{"floor":29,"key":"PowerPotion"},{"floor":31,"key":"Fire Potion"},{"floor":33,"key":"SpeedPotion"}],"is_trial":false,"path_per_floor":["M","?","?","M","?","E","R","$","T","E","R","M","E","$","R","B",null,"M","M","M","M","?","E","R","E","T","M","$","E","T","M","R","B",null,"M","$","$","?","M","E","R","?","T","?","$","R","M","M","R","B",null,"R","$","E","B",null],"character_chosen":"DEFECT","items_purchased":["Capacitor","Streamline","Defragment","PreservedInsect","Defragment","OrangePellets","Compile Driver","Chill"],"campfire_rested":3,"item_purchase_floors":[8,8,28,28,28,36,45,45],"current_hp_per_floor":[73,58,51,50,50,44,44,44,44,32,32,32,12,12,34,24,80,77,77,75,63,63,59,59,58,58,50,50,25,32,35,61,39,87,87,87,87,87,60,49,49,49,49,49,49,49,49,24,50,37,87,87,87,69,9],"gold":60,"neow_bonus":"BOSS_RELIC","is_daily":false,"chose_seed":false,"campfire_upgraded":5,"win_rate":0.0,"timestamp":1611540901,"path_taken":["M","?","?","M","?","E","R","$","T","E","R","M","E","$","R","BOSS","M","?","M","M","?","E","R","E","T","?","$","E","?","M","R","BOSS","M","?","$","?","M","E","R","?","T","?","$","R","?","M","R","BOSS","R","$","E","BOSS"],"items_purchased_type":["Card","Card","Card","Relic","Card","Relic","Card","Card"],"build_version":"2020-12-22","purchased_purges":2,"victory":true,"max_hp_per_floor":[75,75,75,75,75,75,75,75,75,75,75,75,75,75,75,80,80,80,80,80,80,80,80,80,80,80,80,80,80,87,87,87,87,87,87,87,87,87,87,87,87,87,87,87,87,87,87,87,87,87,87,87,87,87,87],"card_choices":[{"not_picked":["Heatsinks","Conserve Battery"],"picked":"Coolheaded","floor":1.0},{"not_picked":["Conserve Battery","Rebound"],"picked":"Compile Driver","floor":4.0},{"not_picked":["Double Energy","Turbo"],"picked":"Redo","floor":6.0},{"not_picked":["Hyperbeam","Stack"],"picked":"Turbo","floor":10.0},{"not_picked":["Storm","Go for the Eyes","Coolheaded"],"picked":"SKIP","floor":12.0},{"not_picked":["Core Surge","Redo"],"picked":"Cold Snap","floor":13.0},{"not_picked":["Turbo","Coolheaded"],"picked":"Cold Snap+1","floor":18.0},{"not_picked":["Redo+1","Stack"],"picked":"Conserve Battery","floor":19.0},{"not_picked":["Stack+1","Thunder Strike"],"picked":"Lockon+1","floor":20.0},{"not_picked":["Leap","Steam"],"picked":"Capacitor","floor":21.0},{"not_picked":["BootSequence","Steam Power","Recycle"],"picked":"SKIP","floor":23.0},{"not_picked":["Leap","Streamline","Rebound"],"picked":"SKIP","floor":25},{"not_picked":["Lockon","Chill"],"picked":"Self Repair","floor":27},{"not_picked":["Storm","Rip and Tear"],"picked":"Leap+1","floor":29},{"not_picked":["Steam","Turbo+1"],"picked":"White Noise","floor":31},{"not_picked":["Core Surge","Biased Cognition"],"picked":"Rainbow","floor":33},{"not_picked":["Genetic Algorithm+1","Beam Cell"],"picked":"Defragment","floor":35},{"not_picked":["Steam","Reinforced Body+1"],"picked":"Beam Cell+1","floor":39},{"not_picked":["Beam Cell","Double Energy","Static Discharge"],"picked":"SKIP","floor":40},{"not_picked":["Violence","PanicButton"],"picked":"Deep Breath","floor":42},{"not_picked":["Sunder","Conserve Battery+1","Cold Snap+1"],"picked":"SKIP","floor":47},{"not_picked":["Self Repair+1","Chill+1"],"picked":"Rip and Tear+1","floor":48},{"not_picked":["Rebound","Redo"],"picked":"Beam Cell+1","floor":54}],"player_experience":191510,"relics_obtained":[{"floor":6.0,"key":"Happy Flower"},{"floor":10.0,"key":"Orichalcum"},{"floor":13.0,"key":"TungstenRod"},{"floor":23.0,"key":"Shuriken"},{"floor":25,"key":"The Courier"},{"floor":26,"key":"Oddly Smooth Stone"},{"floor":29,"key":"Matryoshka"},{"floor":30,"key":"Strawberry"},{"floor":30,"key":"Vajra"},{"floor":40,"key":"Centennial Puzzle"},{"floor":43,"key":"Nunchaku"},{"floor":43,"key":"Bag of Preparation"},{"floor":54,"key":"Art of War"}],"event_choices":[{"damage_healed":0.0,"max_hp_gain":0.0,"max_hp_loss":0.0,"gold_gain":0.0,"event_name":"Shining Light","player_choice":"Entered Light","floor":2.0,"gold_loss":0.0,"damage_taken":15.0,"cards_upgraded":["Defend_B","Strike_B"]},{"cards_removed":["Strike_B"],"damage_healed":0.0,"max_hp_gain":0.0,"max_hp_loss":0.0,"gold_gain":0.0,"event_name":"Golden Wing","player_choice":"Card Removal","floor":3.0,"gold_loss":0.0,"damage_taken":7.0},{"cards_removed":["Defend_B"],"damage_healed":0.0,"max_hp_gain":0.0,"max_hp_loss":0.0,"gold_gain":0.0,"event_name":"Bonfire Elementals","player_choice":"Offered Basic","floor":5.0,"gold_loss":0.0,"damage_taken":0.0},{"damage_healed":0.0,"max_hp_gain":0.0,"max_hp_loss":0.0,"gold_gain":0.0,"event_name":"The Woman in Blue","player_choice":"Bought 1 Potion","floor":22.0,"gold_loss":0.0,"damage_taken":0.0},{"cards_removed":["Self Repair"],"damage_healed":0,"gold_gain":0,"player_choice":"Removed Power","damage_taken":0,"max_hp_gain":0,"max_hp_loss":0,"event_name":"Falling","floor":38,"gold_loss":0},{"damage_healed":0,"gold_gain":0,"player_choice":"Memory 1","damage_taken":0,"max_hp_gain":0,"max_hp_loss":0,"event_name":"SensoryStone","floor":42,"gold_loss":0},{"cards_removed":["White Noise"],"damage_healed":0,"gold_gain":0,"player_choice":"Purged","damage_taken":0,"max_hp_gain":0,"max_hp_loss":0,"event_name":"Purifier","floor":44,"gold_loss":0}],"is_beta":false,"boss_relics":[{"not_picked":["SlaversCollar","Empty Cage"],"picked":"Astrolabe"},{"not_picked":["Runic Pyramid","Coffee Dripper"],"picked":"Sozu"}],"items_purged_floors":[14,36],"is_endless":false,"potions_floor_spawned":[1,6,12,16,19,27,29,31,33,35,39,40,48],"ascension_level":2}}