{"host":"njb27ds59h4j3ikk","time":1611604929,"event":{"mods":["AchievementEnabler","BaseMod","Better Altar","Better Match","Better Note","Better Sensory Stone","Better Skull","Better Third Choice","BetterRewards","Downfall","Hermit","Hubris","Minty Spire (QoL Compilation)","Permanent Neow","Quarter Circle Forward PUNCH!","Quick Restart","Rare Cards Sparkle","Shop Mod","StSLib","Trackpad","Transform Curses"],"gold_per_floor":[99,119,119,136,148,323,323,16,51,66,66,66,83,103,120,120,120],"floor_reached":16,"language":"ENG","playtime":706,"items_purged":[],"score":129,"play_id":"e606bd25-19ad-40b5-99e3-9ff46ab5edf8","local_time":"20210125150209","is_ascension_mode":false,"campfire_choices":[{"data":"hermit:Snapshot","floor":1,"key":"SMITH"},{"data":"hermit:HighCaliber","floor":11,"key":"SMITH"}],"circlet_count":0,"master_deck":["hermit:Strike_Hermit","hermit:Strike_Hermit","hermit:Strike_Hermit","hermit:Strike_Hermit","hermit:Defend_Hermit","hermit:Defend_Hermit","hermit:Defend_Hermit","hermit:Defend_Hermit","hermit:Snapshot+1","hermit:Covet","hubris:Wrath","hermit:HighCaliber+1","hermit:ShadowCloak","hermit:Feint","Doubt","hermit:Virtue","hermit:RoundhouseKick","hermit:Glare","Panacea","hermit:Headshot","hermit:Dive","hermit:FullyLoaded"],"relics":["hermit:Momento","hubris:Towel","Juzu Bracelet","Du-Vu Doll","Strawberry"],"acts_visited":["Exordium"],"potions_floor_usage":[14,15,16,16],"damage_taken":[{"damage":2,"enemies":"Small Slimes","floor":2,"turns":3},{"damage":6,"enemies":"Jaw Worm","floor":4,"turns":3},{"damage":6,"enemies":"2 Louse","floor":5,"turns":2},{"damage":3,"enemies":"downfall:FleeingMerchant","floor":8,"turns":4},{"damage":21,"enemies":"Lagavulin","floor":9,"turns":6},{"damage":17,"enemies":"Exordium Thugs","floor":10,"turns":6},{"damage":7,"enemies":"3 Louse","floor":13,"turns":2},{"damage":1,"enemies":"2 Fungi Beasts","floor":14,"turns":3},{"damage":0,"enemies":"Lots of Slimes","floor":15,"turns":1},{"damage":38,"enemies":"SI_SHIV_ARCHETYPE","floor":16,"turns":6}],"seed_played":"2331993922330061248","potions_obtained":[{"floor":9,"key":"hermit:Tonic"},{"floor":13,"key":"Fire Potion"},{"floor":14,"key":"Explosive Potion"},{"floor":15,"key":"Strength Potion"}],"is_trial":false,"path_per_floor":["R","M","?","M","M","?","T","$","E","M","R","?","M","M","M","B"],"character_chosen":"HERMIT","items_purchased":["Du-Vu Doll"],"campfire_rested":0,"item_purchase_floors":[8],"current_hp_per_floor":[89,87,87,81,75,75,75,72,58,41,41,41,34,33,33,0,0],"gold":120,"neow_bonus":"TWENTY_PERCENT_HP_BONUS","is_daily":false,"chose_seed":false,"campfire_upgraded":2,"win_rate":0.0,"timestamp":1611604929,"path_taken":["R","M","?","M","M","?","T","?","E","M","R","?","M","M","M","BOSS"],"items_purchased_type":["Relic"],"build_version":"2020-12-22","purchased_purges":0,"victory":false,"max_hp_per_floor":[89,89,89,89,89,89,89,89,96,96,96,96,96,96,96,96,96],"card_choices":[{"not_picked":["hermit:CursedWeapon","hermit:SprayPray"],"picked":"hermit:HighCaliber","floor":2},{"not_picked":["hermit:BodyArmor","hermit:BigShot"],"picked":"hermit:ShadowCloak","floor":4},{"not_picked":["hermit:ItchyTrigger","hermit:FullyLoaded"],"picked":"hermit:Feint","floor":5},{"not_picked":["hermit:HighCaliber","hermit:SprayPray"],"picked":"hermit:Virtue","floor":8},{"not_picked":["hermit:CalledShot","hermit:EyeOfTheStorm"],"picked":"hermit:RoundhouseKick","floor":9},{"not_picked":["hermit:LoneWolf","hermit:SprayPray"],"picked":"hermit:Glare","floor":10},{"not_picked":["hermit:Manifest","hermit:TakeAim"],"picked":"hermit:Headshot","floor":13},{"not_picked":["hermit:Showdown","hermit:ShadowCloak"],"picked":"hermit:Dive","floor":14},{"not_picked":["hermit:NoHoldsBarred","hermit:TrackingShot"],"picked":"hermit:FullyLoaded","floor":15}],"player_experience":1312519,"relics_obtained":[{"floor":7,"key":"Juzu Bracelet"},{"floor":9,"key":"Strawberry"}],"event_choices":[],"is_beta":false,"boss_relics":[],"items_purged_floors":[],"is_endless":false,"potions_floor_spawned":[9,13,14,15],"killed_by":"SI_SHIV_ARCHETYPE","ascension_level":0}}