{"host":"yjeq27nqd9iczda7","time":1611541421,"event":{"mods":["Arknights The Spire","BaseMod","Colored Map","Colored Powertips","GifTheSpireLib","Minty Spire (QoL Compilation)","Prisma Mod","StSLib","The Alterego","The Poker Player","Waifu the Spire"],"gold_per_floor":[116,35,49,124,134,163,163,177,177,189,255,255,255,267,267,362,362,373,24,36,36,135,135,170,170,170,182,36,36,47,64,64,161,161,171,189,19,39,59,92,0,0,23,23,23,40,74,174,174,174,174],"floor_reached":50,"language":"KOR","playtime":3643,"items_purged":["ats:Strike V"],"score":572,"play_id":"99d2bc58-61a8-4bfb-bf73-254ab8f255f9","local_time":"20210125112341","is_ascension_mode":false,"campfire_choices":[{"floor":7.0,"key":"RECALL"},{"floor":15.0,"key":"REST"},{"data":"ats:Roar Of Ursus","floor":23.0,"key":"SMITH"},{"data":"ats:Ambush","floor":25.0,"key":"SMITH"},{"floor":29.0,"key":"REST"},{"floor":32.0,"key":"REST"},{"data":"ats:Nebulous Foxfire","floor":42,"key":"SMITH"},{"data":"ats:Closed Bolt Burst Fire","floor":45,"key":"SMITH"},{"data":"ats:Overload","floor":49,"key":"SMITH"}],"circlet_count":0,"master_deck":["ats:Strike C+1","ats:Strike G+1","ats:Strike S+1","ats:Armor Crushing Shot","ats:Defend","ats:Defend","ats:Defend","ats:Defend","ats:Emotion Absorption+1","ats:Hammer On","ats:Nebulous Foxfire+1","ats:Blood Oath+1","ats:Assault Order","ats:Roar Of Ursus+1","ats:Flexible Camouflage+1","ats:Powerful Strike+1","ats:Poison Spread","ats:Ambush+1","ats:Closed Bolt Burst Fire+1","ats:Explosion Area Strengthen","ats:Literary Storm+1","ats:Poison Spread","ats:Encircling Forest+1","ats:Ignite+1","ats:Leaping Hammer","ats:Shadow Raid","ats:Thermite Blade","ats:Echo Reverb","ats:Assault Order+1","ats:Red Shift","ats:Overload+1","ats:Assault Order","ats:Volcano","ats:Leaping Hammer+1","ats:Shell Defense+1","ats:Serious Mode+1","ats:Curse Doll+1"],"relics":["ats:Sanity","ats:Originium","Centennial Puzzle","Whetstone","ats:Omniscience","ats:Spiritual Recovery","Nilry\u0027s Codex","Shuriken","War Paint","Coffee Dripper","InkBottle","Red Mask","Regal Pillow","Meat on the Bone"],"acts_visited":["Exordium","TheCity","TheBeyond"],"potions_floor_usage":[40,50],"damage_taken":[{"damage":7.0,"enemies":"Cultist","floor":1.0,"turns":5.0},{"damage":12.0,"enemies":"Small Slimes","floor":3.0,"turns":4.0},{"damage":3.0,"enemies":"2 Louse","floor":5.0,"turns":2.0},{"damage":102.0,"enemies":"Lagavulin","floor":6.0,"turns":17.0},{"damage":12.0,"enemies":"Large Slime","floor":8.0,"turns":6.0},{"damage":14.0,"enemies":"3 Louse","floor":10.0,"turns":3.0},{"damage":3.0,"enemies":"Gremlin Gang","floor":14.0,"turns":4.0},{"damage":54.0,"enemies":"The Guardian","floor":16.0,"turns":8.0},{"damage":15.0,"enemies":"Shell Parasite","floor":18.0,"turns":5.0},{"damage":7.0,"enemies":"Chosen","floor":20.0,"turns":4.0},{"damage":19.0,"enemies":"Slavers","floor":24.0,"turns":3.0},{"damage":34.0,"enemies":"3 Cultists","floor":27.0,"turns":6.0},{"damage":6.0,"enemies":"Centurion and Healer","floor":30.0,"turns":4.0},{"damage":25.0,"enemies":"Sentry and Sphere","floor":31.0,"turns":5.0},{"damage":89.0,"enemies":"Collector","floor":33.0,"turns":14.0},{"damage":6,"enemies":"3 Shapes","floor":35,"turns":4},{"damage":10,"enemies":"3 Darklings","floor":36,"turns":7},{"damage":0,"enemies":"Transient","floor":38,"turns":5},{"damage":41,"enemies":"4 Shapes","floor":39,"turns":3},{"damage":29,"enemies":"Nemesis","floor":40,"turns":8},{"damage":7,"enemies":"3 Darklings","floor":46,"turns":3},{"damage":0,"enemies":"Giant Head","floor":47,"turns":6},{"damage":129,"enemies":"Time Eater","floor":50,"turns":9}],"seed_played":"-4862108545478494638","potions_obtained":[{"floor":5.0,"key":"SneckoOil"},{"floor":10.0,"key":"BlessingOfTheForge"},{"floor":14.0,"key":"Strength Potion"},{"floor":16.0,"key":"CultistPotion"},{"floor":24.0,"key":"BlessingOfTheForge"},{"floor":27.0,"key":"LiquidMemories"},{"floor":30.0,"key":"GamblersBrew"},{"floor":38,"key":"Block Potion"},{"floor":46,"key":"FairyPotion"}],"is_trial":false,"path_per_floor":["M","$","M","?","M","E","R","M","T","M","?","?","?","M","R","B",null,"M","$","M","?","?","R","E","R","T","M","$","R","M","M","R","B",null,"M","M","$","M","M","E","?","R","T","?","R","M","E","?","R","B"],"character_chosen":"DOCTOR_CLASS","items_purchased":["ats:Nebulous Foxfire","ats:Explosion Area Strengthen","ats:Spiritual Recovery","ats:Literary Storm","ats:Poison Spread","Energy Potion","War Paint","ats:Overload","ats:Assault Order"],"campfire_rested":3,"item_purchase_floors":[2,19,19,19,19,19,28,37,37],"current_hp_per_floor":[72,72,68,57,60,45,45,45,45,39,39,39,23,32,55,27,79,71,71,72,56,56,56,40,40,40,25,25,48,52,35,58,1,79,73,73,73,79,46,33,33,33,33,33,33,33,60,60,60,0,0],"gold":174,"neow_bonus":"TEN_PERCENT_HP_BONUS","is_daily":false,"chose_seed":false,"campfire_upgraded":5,"win_rate":0.0,"timestamp":1611541421,"path_taken":["M","?","M","?","M","E","R","M","T","M","?","?","?","M","R","BOSS","M","$","M","?","?","R","E","R","T","M","$","R","M","M","R","BOSS","M","M","$","M","M","E","?","R","T","?","R","?","E","?","R","BOSS"],"items_purchased_type":["Card","Card","Relic","Card","Card","Potion","Relic","Card","Card"],"build_version":"2020-12-22","purchased_purges":1,"victory":false,"max_hp_per_floor":[79,79,79,79,79,79,79,79,79,79,79,79,79,79,79,79,79,79,79,79,79,79,79,79,79,79,79,79,79,79,79,79,79,79,79,79,79,79,79,79,79,79,79,79,79,79,79,79,79,79,79],"card_choices":[{"not_picked":["ats:Healing Strengthening","ats:Shadow Raid"],"picked":"ats:Hammer On","floor":1.0},{"not_picked":["ats:Shell Defense","ats:Sword Rain"],"picked":"ats:Blood Oath","floor":3.0},{"not_picked":["ats:Curse Doll","ats:Part Time Job"],"picked":"ats:Assault Order","floor":5.0},{"not_picked":["ats:Shadow Raid","ats:Powerful Strike"],"picked":"ats:Roar Of Ursus","floor":6.0},{"not_picked":["ats:Hammer On","ats:Part Time Job"],"picked":"ats:Flexible Camouflage","floor":8.0},{"not_picked":["ats:Assault Order","ats:Magnetic Hammer"],"picked":"ats:Powerful Strike","floor":10.0},{"not_picked":["ats:Flexible Camouflage","ats:Absolute Focus"],"picked":"ats:Poison Spread","floor":14.0},{"not_picked":["ats:Durian","ats:Soul Rend"],"picked":"ats:Ambush","floor":16.0},{"not_picked":["ats:Assault Order","ats:Serious Mode"],"picked":"ats:Closed Bolt Burst Fire","floor":18.0},{"not_picked":["ats:Composite Medical Shells","ats:Powerful Strike"],"picked":"ats:Encircling Forest+1","floor":20.0},{"not_picked":["ats:Hammer On+1","ats:Apocalypse"],"picked":"ats:Ignite+1","floor":24.0},{"not_picked":["ats:Poison Spread","ats:Assault Order+1"],"picked":"ats:Leaping Hammer","floor":27.0},{"not_picked":["ats:Roar Of Ursus","ats:Flexible Camouflage"],"picked":"ats:Shadow Raid","floor":30.0},{"not_picked":["ats:Beaten Up","ats:Shell Defense"],"picked":"ats:Thermite Blade","floor":31.0},{"not_picked":["ats:Soul Rend","ats:Disruption Kick"],"picked":"ats:Echo Reverb","floor":33.0},{"not_picked":["ats:Apocalypse","ats:Closed Bolt Burst Fire"],"picked":"ats:Assault Order+1","floor":35},{"not_picked":["ats:Healing Drone+1","ats:Curse Doll"],"picked":"ats:Red Shift","floor":36},{"not_picked":["ats:Ignite","ats:Guardian Obelisk"],"picked":"ats:Volcano","floor":38},{"not_picked":["ats:Revitalization+1","ats:Assault Order+1"],"picked":"ats:Leaping Hammer+1","floor":39},{"not_picked":["ats:Blood Oath+1","ats:Flame Of Heaven"],"picked":"ats:Shell Defense+1","floor":40},{"not_picked":["ats:Burning Ground+1","ats:Charging Defense"],"picked":"ats:Serious Mode+1","floor":46},{"not_picked":["ats:Shell Defense+1","ats:Powerful Strike+1"],"picked":"ats:Curse Doll+1","floor":47}],"player_experience":33599,"relics_obtained":[{"floor":6.0,"key":"ats:Originium"},{"floor":6.0,"key":"Centennial Puzzle"},{"floor":9.0,"key":"Whetstone"},{"floor":21.0,"key":"Nilry\u0027s Codex"},{"floor":24.0,"key":"ats:Originium"},{"floor":24.0,"key":"Shuriken"},{"floor":40,"key":"ats:Originium"},{"floor":40,"key":"InkBottle"},{"floor":43,"key":"Regal Pillow"},{"floor":47,"key":"ats:Originium"},{"floor":47,"key":"Meat on the Bone"}],"event_choices":[{"damage_healed":0.0,"max_hp_gain":0.0,"max_hp_loss":0.0,"gold_gain":75.0,"event_name":"World of Goop","player_choice":"Gather Gold","floor":4.0,"gold_loss":0.0,"damage_taken":11.0},{"damage_healed":0.0,"max_hp_gain":0.0,"max_hp_loss":0.0,"gold_gain":66.0,"event_name":"Golden Wing","player_choice":"Gained Gold","floor":11.0,"gold_loss":0.0,"damage_taken":0.0},{"damage_healed":0.0,"max_hp_gain":0.0,"max_hp_loss":0.0,"gold_gain":0.0,"event_name":"Living Wall","player_choice":"Grow","floor":12.0,"gold_loss":0.0,"damage_taken":0.0,"cards_upgraded":["ats:Blood Oath"]},{"damage_healed":0.0,"max_hp_gain":0.0,"max_hp_loss":0.0,"gold_gain":0.0,"event_name":"Shining Light","player_choice":"Entered Light","floor":13.0,"gold_loss":0.0,"damage_taken":16.0,"cards_upgraded":["ats:Strike G","ats:Powerful Strike"]},{"damage_healed":0.0,"max_hp_gain":0.0,"max_hp_loss":0.0,"gold_gain":0.0,"event_name":"Cursed Tome","player_choice":"Obtained Book","floor":21.0,"gold_loss":0.0,"damage_taken":16.0},{"damage_healed":0.0,"max_hp_gain":0.0,"max_hp_loss":0.0,"gold_gain":99.0,"event_name":"Nest","player_choice":"Stole From Cult","floor":22.0,"gold_loss":0.0,"damage_taken":0.0},{"damage_healed":0,"gold_gain":0,"player_choice":"Paid","damage_taken":0,"relics_obtained":["Red Mask"],"max_hp_gain":0,"max_hp_loss":0,"event_name":"Tomb of Lord Red Mask","floor":41,"gold_loss":92},{"damage_healed":0,"gold_gain":0,"player_choice":"Forge","damage_taken":0,"max_hp_gain":0,"max_hp_loss":0,"event_name":"Accursed Blacksmith","floor":44,"gold_loss":0,"cards_upgraded":["ats:Emotion Absorption"]},{"damage_healed":0,"gold_gain":100,"player_choice":"Pray","damage_taken":0,"max_hp_gain":0,"max_hp_loss":0,"event_name":"Golden Shrine","floor":48,"gold_loss":0}],"is_beta":false,"boss_relics":[{"not_picked":["Philosopher\u0027s Stone","Ectoplasm"],"picked":"ats:Omniscience"},{"not_picked":["Cursed Key","Runic Pyramid"],"picked":"Coffee Dripper"}],"items_purged_floors":[37],"is_endless":false,"potions_floor_spawned":[5,10,14,16,24,27,30,38,46],"killed_by":"Time Eater","ascension_level":0}}