{"host":"7l2t4psy44vpcd9q","time":1611588972,"event":{"mods":["AchievementEnabler","BaseMod","DeckTracker","Minty Spire (QoL Compilation)","SuperFastMode"],"gold_per_floor":[111,121,137,137,149,179,179,206,233,233,247,258,278,298,298,374,374,388,148,103,113,113,113,113,113,113],"floor_reached":25,"language":"KOR","playtime":1215,"items_purged":["Strike_R"],"score":474,"play_id":"daca4c09-9fba-4734-83d6-449f8fb03cb9","local_time":"20210126003612","is_ascension_mode":true,"campfire_choices":[{"floor":7,"key":"REST"},{"floor":10,"key":"REST"},{"data":"Inflame","floor":15,"key":"SMITH"},{"floor":24,"key":"REST"}],"circlet_count":0,"master_deck":["AscendersBane","Strike_R","Strike_R","Strike_R","Strike_R","Defend_R","Defend_R","Defend_R","Defend_R","Bash","Clothesline","Iron Wave","Battle Trance+1","Clothesline","Metallicize","Cleave","Flex","Shrug It Off","Inflame+1","Limit Break","Pummel","Shrug It Off","Fire Breathing","Armaments+1","Burning Pact"],"relics":["Burning Blood","Shuriken","Anchor","Tiny Chest","Omamori","Snecko Eye","Orrery"],"acts_visited":["Exordium","TheCity"],"potions_floor_usage":[5,12,14,16,23,23],"damage_taken":[{"damage":14,"enemies":"Jaw Worm","floor":1,"turns":4},{"damage":4,"enemies":"Cultist","floor":2,"turns":3},{"damage":10,"enemies":"2 Louse","floor":3,"turns":3},{"damage":21,"enemies":"Gremlin Gang","floor":5,"turns":7},{"damage":42,"enemies":"Gremlin Nob","floor":6,"turns":5},{"damage":32,"enemies":"3 Sentries","floor":8,"turns":10},{"damage":4,"enemies":"3 Louse","floor":11,"turns":4},{"damage":0,"enemies":"Lots of Slimes","floor":12,"turns":1},{"damage":0,"enemies":"Looter","floor":13,"turns":3},{"damage":0,"enemies":"2 Fungi Beasts","floor":14,"turns":3},{"damage":42,"enemies":"The Guardian","floor":16,"turns":16},{"damage":19,"enemies":"Spheric Guardian","floor":18,"turns":5},{"damage":26,"enemies":"2 Thieves","floor":20,"turns":5},{"damage":19,"enemies":"Sentry and Sphere","floor":21,"turns":5},{"damage":0,"enemies":"Slavers","floor":23,"turns":2},{"damage":55,"enemies":"Book of Stabbing","floor":25,"turns":7}],"seed_played":"-3502003037745800868","potions_obtained":[{"floor":2,"key":"HeartOfIron"},{"floor":3,"key":"Ancient Potion"},{"floor":11,"key":"LiquidMemories"},{"floor":12,"key":"SpeedPotion"},{"floor":13,"key":"SteroidPotion"},{"floor":16,"key":"Dexterity Potion"},{"floor":20,"key":"SmokeBomb"},{"floor":21,"key":"Strength Potion"}],"is_trial":false,"path_per_floor":["M","M","M","?","M","E","R","E","T","R","M","M","M","M","R","B",null,"M","$","M","M","?","E","R","E"],"character_chosen":"IRONCLAD","items_purchased":["Orrery"],"campfire_rested":3,"item_purchase_floors":[19],"current_hp_per_floor":[67,69,65,65,50,14,38,12,12,36,38,44,50,56,56,20,67,54,54,34,21,21,27,51,0,0],"gold":113,"neow_bonus":"TEN_PERCENT_HP_BONUS","is_daily":false,"chose_seed":false,"campfire_upgraded":1,"win_rate":0.0,"timestamp":1611588972,"path_taken":["M","M","M","?","M","E","R","E","T","R","?","M","M","M","R","BOSS","M","$","M","M","?","E","R","E"],"items_purchased_type":["Relic"],"build_version":"2020-12-22","purchased_purges":1,"victory":false,"max_hp_per_floor":[82,82,82,82,82,82,82,82,82,82,82,82,82,82,82,82,82,82,82,82,82,82,82,82,82,82],"card_choices":[{"not_picked":["Shrug It Off","Second Wind"],"picked":"Clothesline","floor":1},{"not_picked":["Sword Boomerang","Ghostly Armor"],"picked":"Iron Wave","floor":2},{"not_picked":["Thunderclap","Pommel Strike"],"picked":"Battle Trance","floor":3},{"not_picked":["Dual Wield","Evolve"],"picked":"Clothesline","floor":5},{"not_picked":["Anger","Fire Breathing"],"picked":"Metallicize","floor":6},{"not_picked":["Clash","Headbutt"],"picked":"Cleave","floor":8},{"not_picked":["Wild Strike","Twin Strike"],"picked":"Flex","floor":11},{"not_picked":["Sever Soul","Rupture","Flex"],"picked":"SKIP","floor":12},{"not_picked":["True Grit","Metallicize"],"picked":"Shrug It Off","floor":13},{"not_picked":["Immolate","Carnage"],"picked":"Inflame","floor":14},{"not_picked":["Impervious","Bludgeon"],"picked":"Limit Break","floor":16},{"not_picked":["Body Slam","Perfected Strike"],"picked":"Pummel","floor":18},{"not_picked":["Havoc","Anger"],"picked":"Shrug It Off","floor":19},{"not_picked":["Sword Boomerang","Flex"],"picked":"Fire Breathing","floor":19},{"not_picked":["Shrug It Off","Hemokinesis"],"picked":"Armaments+1","floor":19},{"not_picked":["Reckless Charge","Flex"],"picked":"Burning Pact","floor":20},{"not_picked":["Flex","Pommel Strike","Warcry"],"picked":"SKIP","floor":21}],"player_experience":1277676,"relics_obtained":[{"floor":6,"key":"Anchor"},{"floor":8,"key":"Tiny Chest"},{"floor":9,"key":"Omamori"}],"event_choices":[{"damage_healed":0,"gold_gain":0,"player_choice":"Gave Potion","damage_taken":0,"relics_obtained":["Shuriken"],"max_hp_gain":0,"max_hp_loss":0,"event_name":"WeMeetAgain","floor":4,"gold_loss":0},{"damage_healed":0,"gold_gain":0,"player_choice":"Forge","damage_taken":0,"max_hp_gain":0,"max_hp_loss":0,"event_name":"Accursed Blacksmith","floor":22,"gold_loss":0,"cards_upgraded":["Battle Trance"]}],"is_beta":false,"boss_relics":[{"not_picked":["Fusion Hammer","Black Star"],"picked":"Snecko Eye"}],"items_purged_floors":[19],"is_endless":false,"potions_floor_spawned":[2,3,11,12,13,16,20,21,23],"killed_by":"Book of Stabbing","ascension_level":20}}