{"host":"8xqrs3rh9uxfv7nb","time":1611537474,"event":{"mods":["AchievementEnabler","BaseMod","Colored Powertips","KomeijiMod","Minty Spire (QoL Compilation)","Permanent Neow","StSLib","The Poker Player","The_Crusader"],"gold_per_floor":[114,131,131,147,147,180,100,100,100,100,119,119,46,65,65,190,190,190,190],"floor_reached":18,"language":"ENG","playtime":1885,"items_purged":[],"score":185,"play_id":"95b0967c-3d57-4574-b836-832dc368e808","local_time":"20210125021754","is_ascension_mode":false,"campfire_choices":[{"floor":8,"key":"REST"},{"floor":12,"key":"DIG"},{"floor":15,"key":"REST"}],"circlet_count":0,"master_deck":["theFirst:TheCrusaderStrike","theFirst:TheCrusaderStrike","theFirst:TheCrusaderStrike","theFirst:TheCrusaderDefend","theFirst:TheCrusaderDefend","theFirst:TheCrusaderDefend","theFirst:TheCrusaderDefend","theFirst:Bless","theFirst:UnleashDivinity","theFirst:AmbitiousOpening","theFirst:BlessingOfDivinity+1","theFirst:HolyShield","theFirst:DivineIntervention","theFirst:BlessingOfWisdom","theFirst:Bless","theFirst:PrayerOfPotency","theFirst:IllusionsOfGrandeur","theFirst:QuickMedicine","theFirst:HolyStrike","theFirst:BlessingOfMight"],"relics":["theFirst:CrusaderStarterRelic","Golden Idol","Lizard Tail","Shovel","Smiling Mask","SlaversCollar"],"acts_visited":["Exordium","TheCity"],"potions_floor_usage":[6,6,16,16],"damage_taken":[{"damage":0,"enemies":"Small Slimes","floor":1,"turns":3},{"damage":11,"enemies":"Jaw Worm","floor":2,"turns":4},{"damage":0,"enemies":"2 Louse","floor":4,"turns":3},{"damage":27,"enemies":"3 Sentries","floor":6,"turns":12},{"damage":2,"enemies":"Red Slaver","floor":11,"turns":4},{"damage":25,"enemies":"Lots of Slimes","floor":14,"turns":9},{"damage":67,"enemies":"The Guardian","floor":16,"turns":13},{"damage":84,"enemies":"Chosen","floor":18,"turns":8}],"seed_played":"-7075553458774520823","potions_obtained":[{"floor":0,"key":"Ancient Potion"},{"floor":0,"key":"Block Potion"},{"floor":0,"key":"ExcitationPotion"},{"floor":6,"key":"SpeedPotion"},{"floor":11,"key":"SteroidPotion"},{"floor":14,"key":"ColorlessPotion"}],"is_trial":false,"path_per_floor":["M","M","?","M","?","E","$","R","T","?","M","R","$","M","R","B",null,"M"],"character_chosen":"THE_DEFAULT","items_purchased":["theFirst:BlessingOfWisdom","theFirst:Bless","theFirst:QuickMedicine"],"campfire_rested":2,"item_purchase_floors":[7,7,13],"current_hp_per_floor":[75,64,64,64,46,19,19,41,41,41,40,40,40,22,44,24,75,0,0],"gold":190,"neow_bonus":"THREE_SMALL_POTIONS","is_daily":false,"chose_seed":false,"campfire_upgraded":0,"win_rate":0.0,"timestamp":1611537474,"path_taken":["M","M","?","M","?","E","$","R","T","?","?","R","?","M","R","BOSS","M"],"items_purchased_type":["Card","Card","Card"],"build_version":"2020-12-22","purchased_purges":0,"victory":false,"max_hp_per_floor":[75,75,75,75,75,75,75,75,75,75,75,75,75,75,75,75,75,75,75],"card_choices":[{"not_picked":["theFirst:MulishSacrifice","theFirst:Nimbleness"],"picked":"theFirst:AmbitiousOpening","floor":1},{"not_picked":["theFirst:FalsePrayer","theFirst:Bless"],"picked":"theFirst:BlessingOfDivinity","floor":2},{"not_picked":["theFirst:Remedy","theFirst:Rampage"],"picked":"theFirst:HolyShield","floor":4},{"not_picked":["theFirst:DivineStrike","theFirst:InvokeThePlague"],"picked":"theFirst:DivineIntervention","floor":6},{"not_picked":["theFirst:BattleCry","theFirst:PettyOffering"],"picked":"theFirst:IllusionsOfGrandeur","floor":11},{"not_picked":["theFirst:SmallCharm","theFirst:ContainDivinity"],"picked":"theFirst:HolyStrike","floor":14},{"not_picked":["theFirst:DivineHealing","theFirst:Remedy"],"picked":"theFirst:BlessingOfMight","floor":16}],"player_experience":152214,"relics_obtained":[{"floor":6,"key":"Lizard Tail"},{"floor":9,"key":"Shovel"},{"floor":12,"key":"Smiling Mask"}],"event_choices":[{"damage_healed":0,"gold_gain":0,"player_choice":"Grow","damage_taken":0,"max_hp_gain":0,"max_hp_loss":0,"event_name":"Living Wall","floor":3,"gold_loss":0,"cards_upgraded":["theFirst:BlessingOfDivinity"]},{"damage_healed":0,"gold_gain":0,"player_choice":"Take Damage","damage_taken":18,"relics_obtained":["Golden Idol"],"max_hp_gain":0,"max_hp_loss":0,"event_name":"Golden Idol","floor":5,"gold_loss":0},{"damage_healed":0,"gold_gain":0,"cards_transformed":["theFirst:TheCrusaderStrike"],"player_choice":"Transformed","damage_taken":0,"max_hp_gain":0,"max_hp_loss":0,"event_name":"Transmorgrifier","floor":10,"gold_loss":0,"cards_obtained":["theFirst:PrayerOfPotency"]}],"is_beta":false,"boss_relics":[{"not_picked":["SacredBark","Velvet Choker"],"picked":"SlaversCollar"}],"items_purged_floors":[],"is_endless":false,"potions_floor_spawned":[6,11,14],"killed_by":"Chosen","ascension_level":0}}