{"host":"h0xw20cia6ppa69g","time":1611564115,"event":{"mods":["AchievementEnabler","BaseMod","Colored Map","Filter the Spire","Googly Eyes","Minty Spire (QoL Compilation)","Relic Stats","StSLib","The Awakened One except there are too many feathers","everything is the same but u backflip on backflip"],"gold_per_floor":[113,113,124,190,259,288,288,320,320,333,383,402,452,465,465,560,560,575,540,590,610,126,126,138,173,173,173,202,252,71,89,89,189,189,207,217,233,250,9,9,59,85,85,85,119,169,183,215,215,215,215,215,16,42,42],"floor_reached":56,"language":"ENG","playtime":3408,"items_purged":["Neutralize","Decay"],"score":1464,"play_id":"bea492c0-cd59-49d6-8e05-a4e2ec01cb02","local_time":"20210125024155","is_ascension_mode":true,"campfire_choices":[{"data":"Phantasmal Killer","floor":7,"key":"SMITH"},{"data":"Reflex","floor":15,"key":"SMITH"},{"data":"Well Laid Plans","floor":23,"key":"SMITH"},{"data":"Footwork","floor":27,"key":"SMITH"},{"data":"Blur","floor":32,"key":"SMITH"},{"floor":40,"key":"RECALL"},{"data":"Skewer","floor":44,"key":"SMITH"},{"data":"Sadistic Nature","floor":49,"key":"SMITH"},{"data":"Leg Sweep","floor":52,"key":"SMITH"}],"circlet_count":0,"master_deck":["Survivor","Unload","Grand Finale","Phantasmal Killer+1","Reflex+1","Deflect","Corpse Explosion","Deadly Poison","Blur+1","Flying Knee","PiercingWail","Leg Sweep+1","Finisher","Backflip+1","Setup+1","Doppelganger+1","Blur+1","Crippling Poison+1","Well Laid Plans+1","Leg Sweep+1","Acrobatics+1","Reflex+1","Outmaneuver+1","Deflect+1","Footwork+1","Night Terror+1","Poisoned Stab","Corpse Explosion+1","Tactician+1","Burst+1","Crippling Poison+1","Dodge and Roll+1","Concentrate+1","Skewer+1","Impatience+1","Apotheosis+1","Sadistic Nature+1","Dodge and Roll+1","Malaise+1","Blur+1"],"relics":["Pandora\u0027s Box","SsserpentHead","Tiny Chest","The Courier","Toxic Egg 2","Coffee Dripper","Happy Flower","Orrery","Lantern","Toy Ornithopter","Ancient Tea Set","Orichalcum","Mango","TwistedFunnel","Snecko Eye","Turnip","Juzu Bracelet","Paper Crane","HornCleat","Pear","Chemical X","Ginger"],"acts_visited":["Exordium","TheCity","TheBeyond","TheEnding"],"potions_floor_usage":[25,33,35,36,55],"damage_taken":[{"damage":1,"enemies":"2 Louse","floor":1,"turns":2},{"damage":0,"enemies":"Cultist","floor":3,"turns":3},{"damage":0,"enemies":"Small Slimes","floor":4,"turns":3},{"damage":8,"enemies":"3 Louse","floor":5,"turns":2},{"damage":19,"enemies":"3 Sentries","floor":6,"turns":5},{"damage":9,"enemies":"Lagavulin","floor":8,"turns":6},{"damage":1,"enemies":"Exordium Thugs","floor":10,"turns":4},{"damage":0,"enemies":"2 Fungi Beasts","floor":12,"turns":3},{"damage":1,"enemies":"Red Slaver","floor":14,"turns":3},{"damage":15,"enemies":"The Guardian","floor":16,"turns":9},{"damage":0,"enemies":"Chosen","floor":18,"turns":5},{"damage":8,"enemies":"Shell Parasite","floor":21,"turns":4},{"damage":6,"enemies":"Sentry and Sphere","floor":24,"turns":7},{"damage":10,"enemies":"Slavers","floor":25,"turns":4},{"damage":0,"enemies":"Book of Stabbing","floor":28,"turns":8},{"damage":5,"enemies":"Snecko","floor":31,"turns":5},{"damage":50,"enemies":"Collector","floor":33,"turns":8},{"damage":3,"enemies":"Orb Walker","floor":35,"turns":3},{"damage":17,"enemies":"3 Darklings","floor":36,"turns":3},{"damage":0,"enemies":"Maw","floor":37,"turns":4},{"damage":4,"enemies":"Writhing Mass","floor":38,"turns":6},{"damage":14,"enemies":"Reptomancer","floor":42,"turns":7},{"damage":0,"enemies":"Nemesis","floor":45,"turns":9},{"damage":0,"enemies":"Jaw Worm Horde","floor":47,"turns":2},{"damage":6,"enemies":"Giant Head","floor":48,"turns":8},{"damage":13,"enemies":"Donu and Deca","floor":50,"turns":9},{"damage":35,"enemies":"Shield and Spear","floor":54,"turns":6},{"damage":53,"enemies":"The Heart","floor":55,"turns":11}],"seed_played":"-4787112357617111968","potions_obtained":[{"floor":3,"key":"Fire Potion"},{"floor":5,"key":"SkillPotion"},{"floor":8,"key":"SkillPotion"},{"floor":28,"key":"ColorlessPotion"},{"floor":31,"key":"Fruit Juice"},{"floor":33,"key":"DistilledChaos"},{"floor":36,"key":"SmokeBomb"},{"floor":37,"key":"LiquidMemories"},{"floor":42,"key":"GhostInAJar"},{"floor":45,"key":"Ancient Potion"}],"is_trial":false,"path_per_floor":["M","?","M","M","M","E","R","E","T","M","?","M","?","M","R","B",null,"M","?","T","M","$","R","M","E","T","R","E","?","$","M","R","B",null,"M","M","M","M","$","R","?","E","T","R","E","?","M","E","R","B",null,"R","$","E","B",null],"character_chosen":"THE_SILENT","items_purchased":["Well Laid Plans","Orrery","Lantern","Toy Ornithopter","Tactician+1","TwistedFunnel","Turnip","Chemical X"],"campfire_rested":0,"item_purchase_floors":[22,22,22,22,30,30,39,53],"current_hp_per_floor":[69,69,69,69,61,42,42,33,33,32,32,32,80,79,79,64,80,80,80,80,72,72,72,66,61,61,61,75,75,75,70,70,30,99,96,82,82,78,78,78,78,64,64,64,64,54,54,58,58,45,109,109,109,74,26],"gold":42,"neow_bonus":"BOSS_RELIC","is_daily":false,"chose_seed":false,"campfire_upgraded":8,"win_rate":0.0,"timestamp":1611564115,"path_taken":["M","?","M","?","?","E","R","E","T","M","?","M","?","M","R","BOSS","M","?","?","M","$","R","M","E","T","R","E","?","$","M","R","BOSS","M","M","M","M","$","R","?","E","T","R","E","?","M","E","R","BOSS","R","$","E","BOSS"],"items_purchased_type":["Card","Relic","Relic","Relic","Card","Relic","Relic","Relic"],"build_version":"2020-12-22","purchased_purges":2,"victory":true,"max_hp_per_floor":[70,70,70,70,70,70,70,70,70,70,70,70,80,80,80,80,80,80,80,80,80,80,80,80,80,80,80,94,94,94,94,94,99,99,99,99,99,99,99,99,99,99,99,99,99,99,99,109,109,109,109,109,109,109,109],"relic_stats":{"Happy Flower":[34],"counters":[28,149],"Juzu Bracelet":1,"Ginger":[2],"Orichalcum":[36],"SsserpentHead":450,"Snecko Eye":[130,114,110,146],"Pandora\u0027s Box":["Infinite Blades","Unload","Grand Finale","Phantasmal Killer","Reflex","Deflect","Corpse Explosion","Distraction","Flying Knee","Deadly Poison"],"Tiny Chest":1,"Turnip":[2],"Chemical X":[9],"obtain_stats":[{"TwistedFunnel":30,"Lantern":22,"Pear":48,"Happy Flower":19,"Mango":28,"The Courier":8,"Juzu Bracelet":42,"Ginger":54,"Orichalcum":26,"Paper Crane":43,"Ancient Tea Set":25,"SsserpentHead":2,"HornCleat":45,"Orrery":22,"Snecko Eye":34,"Pandora\u0027s Box":0,"Tiny Chest":6,"Turnip":39,"Coffee Dripper":17,"Chemical X":53,"Toxic Egg 2":9,"Toy Ornithopter":22,"Ring of the Snake":0},{"TwistedFunnel":15,"Lantern":12,"Pear":25,"Happy Flower":11,"Mango":15,"The Courier":6,"Juzu Bracelet":22,"Ginger":27,"Orichalcum":14,"Paper Crane":22,"Ancient Tea Set":14,"SsserpentHead":1,"HornCleat":23,"Orrery":12,"Snecko Eye":17,"Pandora\u0027s Box":0,"Tiny Chest":5,"Turnip":21,"Coffee Dripper":10,"Chemical X":26,"Toxic Egg 2":6,"Toy Ornithopter":12,"Ring of the Snake":0},{"TwistedFunnel":68,"Lantern":49,"Pear":123,"Happy Flower":45,"Mango":68,"The Courier":21,"Juzu Bracelet":104,"Ginger":138,"Orichalcum":60,"Paper Crane":104,"Ancient Tea Set":60,"SsserpentHead":2,"HornCleat":113,"Orrery":49,"Snecko Eye":81,"Pandora\u0027s Box":0,"Tiny Chest":15,"Turnip":97,"Coffee Dripper":40,"Chemical X":132,"Toxic Egg 2":21,"Toy Ornithopter":49,"Ring of the Snake":0}],"Toy Ornithopter":18},"card_choices":[{"not_picked":["Slice","Outmaneuver"],"picked":"Blur","floor":1},{"not_picked":["Blade Dance","PiercingWail"],"picked":"Flying Knee","floor":3},{"not_picked":["Acrobatics","Sucker Punch"],"picked":"Envenom","floor":4},{"not_picked":["Bane","Flechettes","Sucker Punch"],"picked":"SKIP","floor":5},{"not_picked":["Bane","Bouncing Flask"],"picked":"PiercingWail","floor":6},{"not_picked":["Noxious Fumes","Corpse Explosion"],"picked":"Leg Sweep","floor":8},{"not_picked":["PiercingWail+1","Crippling Poison+1","Riddle With Holes"],"picked":"SKIP","floor":10},{"not_picked":["Blade Dance+1","Poisoned Stab"],"picked":"Backflip+1","floor":12},{"not_picked":["Acrobatics+1","Flying Knee"],"picked":"Setup+1","floor":14},{"not_picked":["Phantasmal Killer+1","Envenom"],"picked":"Doppelganger+1","floor":16},{"not_picked":["Deadly Poison+1","Bane"],"picked":"Blur+1","floor":18},{"not_picked":["Flying Knee","Slice"],"picked":"Crippling Poison+1","floor":21},{"not_picked":["Finisher+1","Underhanded Strike"],"picked":"Leg Sweep+1","floor":22},{"not_picked":["Dagger Throw","Sucker Punch"],"picked":"Acrobatics+1","floor":22},{"not_picked":["Blade Dance+1","Deadly Poison+1"],"picked":"Reflex+1","floor":22},{"not_picked":["Expertise+1","Slice"],"picked":"Outmaneuver+1","floor":22},{"not_picked":["Cloak And Dagger+1","Infinite Blades"],"picked":"Deflect+1","floor":24},{"not_picked":["Predator","Eviscerate"],"picked":"Footwork","floor":25},{"not_picked":["Flying Knee","Quick Slash"],"picked":"Night Terror+1","floor":28},{"not_picked":["Poisoned Stab","Underhanded Strike","Deadly Poison+1"],"picked":"SKIP","floor":31},{"not_picked":["Corpse Explosion+1","Tools of the Trade"],"picked":"Burst+1","floor":33},{"not_picked":["PiercingWail+1","Dagger Spray+1"],"picked":"Crippling Poison+1","floor":35},{"not_picked":["Backflip+1","Tactician+1"],"picked":"Dodge and Roll+1","floor":36},{"not_picked":["Well Laid Plans","Heel Hook","Cloak And Dagger+1"],"picked":"SKIP","floor":37},{"not_picked":["Dagger Spray","Bane"],"picked":"Concentrate+1","floor":38},{"not_picked":["Blade Dance+1","Deflect+1"],"picked":"Skewer","floor":42},{"not_picked":["Reflex+1","Catalyst+1","Finisher+1"],"picked":"SKIP","floor":45},{"not_picked":["Forethought+1","Swift Strike"],"picked":"Impatience+1","floor":46},{"not_picked":["Good Instincts+1","Enlightenment+1"],"picked":"Apotheosis+1","floor":46},{"not_picked":["The Bomb+1","Purity+1"],"picked":"Sadistic Nature","floor":46},{"not_picked":["Sucker Punch+1","Outmaneuver+1"],"picked":"Dodge and Roll+1","floor":47},{"not_picked":["Deadly Poison+1","Flying Knee+1"],"picked":"Malaise+1","floor":48},{"not_picked":["PiercingWail+1","Tactician+1"],"picked":"Blur+1","floor":54}],"player_experience":3760267,"relics_obtained":[{"floor":6,"key":"Tiny Chest"},{"floor":8,"key":"The Courier"},{"floor":9,"key":"Toxic Egg 2"},{"floor":25,"key":"Ancient Tea Set"},{"floor":26,"key":"Orichalcum"},{"floor":28,"key":"Mango"},{"floor":42,"key":"Juzu Bracelet"},{"floor":43,"key":"Paper Crane"},{"floor":45,"key":"HornCleat"},{"floor":48,"key":"Pear"},{"floor":54,"key":"Ginger"}],"event_choices":[{"damage_healed":0,"gold_gain":0,"player_choice":"Trade","damage_taken":0,"relics_obtained":["SsserpentHead"],"max_hp_gain":0,"max_hp_loss":0,"event_name":"FaceTrader","floor":2,"gold_loss":0},{"damage_healed":0,"gold_gain":0,"cards_transformed":["Distraction"],"player_choice":"Change","damage_taken":0,"max_hp_gain":0,"max_hp_loss":0,"event_name":"Living Wall","floor":11,"gold_loss":0,"cards_obtained":["Finisher"]},{"cards_removed":["Envenom"],"damage_healed":38,"gold_gain":0,"player_choice":"Offered Rare","damage_taken":0,"max_hp_gain":10,"max_hp_loss":0,"event_name":"Bonfire Elementals","floor":13,"gold_loss":0},{"damage_healed":0,"gold_gain":0,"player_choice":"Obtained Relic","damage_taken":0,"relics_obtained":["Happy Flower"],"max_hp_gain":0,"max_hp_loss":0,"event_name":"Addict","floor":19,"gold_loss":85},{"damage_healed":0,"gold_gain":0,"cards_transformed":["Infinite Blades","Flying Knee"],"player_choice":"Became Test Subject","damage_taken":0,"max_hp_gain":0,"max_hp_loss":0,"event_name":"Drug Dealer","floor":29,"gold_loss":0,"cards_obtained":["Poisoned Stab","Corpse Explosion"]},{"damage_healed":0,"gold_gain":0,"player_choice":"Cursed","damage_taken":0,"max_hp_gain":0,"max_hp_loss":0,"event_name":"Wheel of Change","floor":41,"gold_loss":0,"cards_obtained":["Decay"]},{"damage_healed":0,"gold_gain":0,"player_choice":"Memory 3","damage_taken":10,"max_hp_gain":0,"max_hp_loss":0,"event_name":"SensoryStone","floor":46,"gold_loss":0}],"is_beta":false,"boss_relics":[{"not_picked":["Fusion Hammer","SacredBark"],"picked":"Coffee Dripper"},{"not_picked":["Tiny House","SlaversCollar"],"picked":"Snecko Eye"}],"items_purged_floors":[22,53],"is_endless":false,"potions_floor_spawned":[3,5,8,18,28,31,33,36,37,42,45,48,54],"ascension_level":1}}