{"host":"0x0gr83ly0vxzjzg","time":1611538330,"event":{"mods":["BaseMod","Bestiary","Better Skull","Curses Come First","Downfall","Hubris","Infinite Spire","Minty Spire (QoL Compilation)","Replay The Spire","Shop Mod","Spire Arcade","StSLib","The Cursed","The Servant 0.9.4"],"gold_per_floor":[99,110,95,107,120,155,155,155,155,183,283,300,300,312,331,426,426,426,440,457,475,495,495,576,576,592,612,365,383,383,383,383],"floor_reached":30,"language":"ENG","playtime":2944,"items_purged":[],"score":246,"play_id":"86ba3c76-c7f8-4175-9aba-7c622a465d2c","local_time":"20210124203210","is_ascension_mode":false,"campfire_choices":[{"data":"bronze:Boost","floor":9,"key":"SMITH"},{"floor":13,"key":"REST"},{"data":"bronze:SpaghettiCode","floor":18,"key":"SMITH"}],"circlet_count":0,"master_deck":["bronze:Strike","bronze:Strike","bronze:Strike","bronze:Strike","bronze:Defend","bronze:Defend","bronze:Defend","bronze:Defend","bronze:Replicate","bronze:Goto","bronze:Frontload","bronze:Frontload","bronze:BitShift","bronze:Flail","bronze:Boost+1","bronze:SpaghettiCode+1","bronze:CutThrough","bronze:DelayedSlice","bronze:GetLatest","bronze:Break","bronze:Fortify","bronze:BuggyMess+1","bronze:Invalidate","bronze:FineTuning+1","hubris:Fate","bronze:DelayedSlice","bronze:BuggyMess+1","bronze:Allocate+1","bronze:BuggyMess+1","bronze:Fortify","bronze:Branch"],"relics":["bronze:BronzeCore","Regal Pillow","Gremlin Horn","Peace Pipe","bronze:MakeshiftBattery","Replay:Bottled Eggs","Lantern"],"acts_visited":["Exordium","TheCity"],"potions_floor_usage":[16,16,21,26,28],"damage_taken":[{"damage":1,"enemies":"Small Slimes","floor":2,"turns":3},{"damage":0,"enemies":"downfall:FleeingMerchant","floor":3,"turns":4},{"damage":1,"enemies":"Cultist","floor":4,"turns":5},{"damage":1,"enemies":"Jaw Worm","floor":5,"turns":5},{"damage":18,"enemies":"Lagavulin","floor":6,"turns":9},{"damage":29,"enemies":"Gremlin Nob","floor":10,"turns":5},{"damage":3,"enemies":"Red Slaver","floor":12,"turns":4},{"damage":0,"enemies":"Gremlin Gang","floor":14,"turns":3},{"damage":0,"enemies":"Blue Slaver","floor":15,"turns":3},{"damage":53,"enemies":"DF_ARCHETYPE_STREAMLINE","floor":16,"turns":10},{"damage":7,"enemies":"Shell Parasite","floor":19,"turns":3},{"damage":5,"enemies":"Cultist and Chosen","floor":20,"turns":4},{"damage":0,"enemies":"Shelled Parasite and Fungi","floor":21,"turns":4},{"damage":37,"enemies":"Snake Plant","floor":22,"turns":6},{"damage":0,"enemies":"Cultist and Chosen","floor":26,"turns":2},{"damage":17,"enemies":"Sentry and Sphere","floor":27,"turns":4},{"damage":2,"enemies":"downfall:FleeingMerchant","floor":28,"turns":4},{"damage":0,"enemies":"Snecko","floor":29,"turns":3},{"damage":15,"enemies":"Book of Stabbing","floor":30,"turns":2}],"seed_played":"-5997762699887930618","potions_obtained":[{"floor":4,"key":"AttackPotion"},{"floor":5,"key":"ColorlessPotion"},{"floor":12,"key":"LiquidBronze"},{"floor":20,"key":"SneckoOil"},{"floor":21,"key":"bronze:FreeFunctionsPotion"},{"floor":25,"key":"DistilledChaos"},{"floor":25,"key":"hexamod:SoulburnPotion"},{"floor":25,"key":"Fire Potion"},{"floor":26,"key":"Swift Potion"}],"is_trial":false,"path_per_floor":["R","M","$","M","M","E","T","?","R","E","?","M","R","M","M","B",null,"R","M","M","M","M","AVR","T","?","M","M","$","M","E"],"character_chosen":"THE_AUTOMATON","items_purchased":["bronze:BuggyMess","bronze:Fortify","Lantern"],"campfire_rested":1,"item_purchase_floors":[28,28,28],"current_hp_per_floor":[77,76,76,75,74,56,56,56,56,27,27,24,62,62,62,9,77,77,70,65,65,28,28,28,28,28,11,9,9,0,0,0],"gold":383,"neow_bonus":"TEN_PERCENT_HP_BONUS","is_daily":false,"chose_seed":false,"campfire_upgraded":2,"win_rate":0.0,"timestamp":1611538330,"path_taken":["R","M","$","M","M","E","T","?","R","E","?","M","R","?","M","BOSS","R","M","M","M","M","AVR","T","?","?","M","$","M","E"],"items_purchased_type":["Card","Card","Relic"],"build_version":"2020-12-22","purchased_purges":0,"victory":false,"max_hp_per_floor":[77,77,77,77,77,77,77,77,77,77,77,77,77,77,77,77,77,77,77,77,77,77,77,77,77,77,77,77,77,77,77,77],"card_choices":[{"not_picked":["bronze:FineTuning","bronze:Invalidate"],"picked":"bronze:Frontload","floor":2},{"not_picked":["bronze:Turbo","bronze:ItsAFeature"],"picked":"bronze:Frontload","floor":3},{"not_picked":["bronze:CloningBeam","bronze:Frontload"],"picked":"bronze:BitShift","floor":4},{"not_picked":["bronze:WhirlingStrike","bronze:CloningBeam"],"picked":"bronze:Flail","floor":5},{"not_picked":["bronze:Backtrace","bronze:FollowUp"],"picked":"bronze:Boost","floor":6},{"not_picked":["bronze:BitShift","bronze:WhirlingStrike"],"picked":"bronze:SpaghettiCode","floor":10},{"not_picked":["bronze:Turbo","bronze:WildBeam"],"picked":"bronze:CutThrough","floor":12},{"not_picked":["bronze:BurnOut","bronze:BugBarrage"],"picked":"bronze:DelayedSlice","floor":14},{"not_picked":["bronze:BugBarrage","bronze:Shield"],"picked":"bronze:GetLatest","floor":15},{"not_picked":["bronze:Virus","bronze:Format"],"picked":"bronze:Break","floor":16},{"not_picked":["bronze:WildBeam","bronze:NullPointer"],"picked":"bronze:Fortify","floor":19},{"not_picked":["bronze:Frontload+1","bronze:GetLatest"],"picked":"bronze:BuggyMess","floor":20},{"not_picked":["bronze:Return","bronze:MaxOutput"],"picked":"bronze:Invalidate","floor":21},{"not_picked":["bronze:Deprecate","bronze:ClassDefault+1"],"picked":"bronze:FineTuning+1","floor":22},{"not_picked":["bronze:CloningBeam+1","bronze:Frontload"],"picked":"bronze:DelayedSlice","floor":26},{"not_picked":["bronze:Optimize","bronze:SpaghettiCode"],"picked":"bronze:BuggyMess","floor":27},{"not_picked":["bronze:Backtrace","bronze:Shield"],"picked":"bronze:Allocate+1","floor":28},{"not_picked":["bronze:BronzeOrb","bronze:WhirlingStrike+1"],"picked":"bronze:Branch","floor":29}],"player_experience":141793,"relics_obtained":[{"floor":6,"key":"Regal Pillow"},{"floor":7,"key":"Gremlin Horn"},{"floor":10,"key":"Peace Pipe"},{"floor":24,"key":"Replay:Bottled Eggs"}],"event_choices":[{"damage_healed":0,"gold_gain":0,"player_choice":"Got Potions","damage_taken":0,"max_hp_gain":0,"max_hp_loss":0,"event_name":"Lab","floor":25,"gold_loss":0}],"is_beta":false,"boss_relics":[{"not_picked":["Replay:Grab Bag","Replay:Wanted Poster"],"picked":"bronze:MakeshiftBattery"}],"items_purged_floors":[],"is_endless":false,"potions_floor_spawned":[4,5,12,20,21,26],"killed_by":"Book of Stabbing","ascension_level":0}}