{"host":"y24pqu7jih1n8m3t","time":1611547835,"event":{"mods":["AchievementEnabler","BaseMod","Bestiary","Block Reminder","Colored Map","Colored Powertips","DeckTracker","Highlight Path","Minty Spire (QoL Compilation)","Permanent Neow","Quick Restart","Rare Cards Sparkle","Relic Stats"],"gold_per_floor":[119,45,45,45,59,92,92,117,117,42,74,89,105,123,123,226,226,241,251,267,287,287,287,287],"floor_reached":23,"language":"ENG","playtime":2448,"items_purged":["Strike_B"],"score":234,"play_id":"450635b6-f708-437f-a335-aaa780133ea3","local_time":"20210124231035","is_ascension_mode":true,"campfire_choices":[{"floor":7,"key":"REST"},{"data":"Fusion","floor":15,"key":"SMITH"}],"circlet_count":0,"master_deck":["Strike_B","Strike_B","Defend_B","Defend_B","Defend_B","Defend_B","Zap","Dualcast","Streamline","Defragment","Core Surge","Flash of Steel","Zap","Sunder","Cold Snap","Steam Power","Ball Lightning","FTL","Fusion+1","Rip and Tear","Reprogram","Rainbow","Go for the Eyes+1","Conserve Battery+1","FTL","Reprogram+1","Defragment"],"relics":["Runic Pyramid","Kunai","Omamori","Thread and Needle","MealTicket","Philosopher\u0027s Stone"],"acts_visited":["Exordium","TheCity"],"potions_floor_usage":[16,16,21,23],"damage_taken":[{"damage":2,"enemies":"Jaw Worm","floor":1,"turns":3},{"damage":0,"enemies":"2 Louse","floor":5,"turns":1},{"damage":19,"enemies":"Lagavulin","floor":6,"turns":7},{"damage":24,"enemies":"Gremlin Nob","floor":8,"turns":4},{"damage":11,"enemies":"3 Sentries","floor":11,"turns":4},{"damage":0,"enemies":"Cultist","floor":12,"turns":3},{"damage":7,"enemies":"Lots of Slimes","floor":13,"turns":3},{"damage":0,"enemies":"Blue Slaver","floor":14,"turns":3},{"damage":6,"enemies":"The Guardian","floor":16,"turns":8},{"damage":4,"enemies":"Chosen","floor":18,"turns":4},{"damage":12,"enemies":"Shell Parasite","floor":19,"turns":5},{"damage":22,"enemies":"Shelled Parasite and Fungi","floor":20,"turns":5},{"damage":1,"enemies":"Centurion and Healer","floor":21,"turns":4},{"damage":28,"enemies":"Slavers","floor":23,"turns":2}],"seed_played":"8447674063916930085","potions_obtained":[{"floor":1,"key":"FocusPotion"},{"floor":5,"key":"PotionOfCapacity"},{"floor":11,"key":"Strength Potion"},{"floor":12,"key":"SteroidPotion"},{"floor":16,"key":"Fire Potion"},{"floor":19,"key":"Dexterity Potion"}],"is_trial":false,"path_per_floor":["M","$","?","?","M","E","R","E","T","$","E","M","M","M","R","B",null,"M","M","M","M","?","E"],"character_chosen":"DEFECT","items_purchased":["Defragment"],"campfire_rested":1,"item_purchase_floors":[2],"current_hp_per_floor":[73,73,73,73,73,54,75,51,51,51,40,40,33,33,33,27,75,71,59,37,36,36,8,8],"gold":287,"neow_bonus":"BOSS_RELIC","is_daily":false,"chose_seed":false,"campfire_upgraded":1,"win_rate":0.0,"timestamp":1611547835,"path_taken":["M","$","?","?","M","E","R","E","T","$","E","?","M","M","R","BOSS","M","M","?","M","?","E"],"items_purchased_type":["Card"],"build_version":"2020-12-22","purchased_purges":1,"victory":false,"max_hp_per_floor":[75,75,75,75,75,75,75,75,75,75,75,75,75,75,75,75,75,75,75,75,75,75,75,75],"relic_stats":{"counters":[14,56],"MealTicket":0,"Kunai":[18],"obtain_stats":[{"Thread and Needle":9,"MealTicket":11,"Philosopher\u0027s Stone":17,"Omamori":8,"Kunai":6,"Cracked Core":0,"Runic Pyramid":0},{"Thread and Needle":4,"MealTicket":5,"Philosopher\u0027s Stone":9,"Omamori":4,"Kunai":3,"Cracked Core":0,"Runic Pyramid":0},{"Thread and Needle":15,"MealTicket":19,"Philosopher\u0027s Stone":36,"Omamori":15,"Kunai":11,"Cracked Core":0,"Runic Pyramid":0}]},"card_choices":[{"not_picked":["Steam","Blizzard"],"picked":"Streamline","floor":1},{"not_picked":["Redo","Leap"],"picked":"Cold Snap","floor":5},{"not_picked":["Genetic Algorithm","Stack"],"picked":"Steam Power","floor":6},{"not_picked":["Stack","Reinforced Body"],"picked":"Ball Lightning","floor":8},{"not_picked":["Barrage","Force Field"],"picked":"FTL","floor":11},{"not_picked":["Sweeping Beam","Hologram"],"picked":"Fusion","floor":12},{"not_picked":["Turbo","Chill"],"picked":"Rip and Tear","floor":13},{"not_picked":["Amplify","Compile Driver"],"picked":"Reprogram","floor":14},{"not_picked":["Thunder Strike","Biased Cognition"],"picked":"Rainbow","floor":16},{"not_picked":["Redo","Static Discharge+1"],"picked":"Go for the Eyes+1","floor":18},{"not_picked":["Leap+1","Storm"],"picked":"Conserve Battery+1","floor":19},{"not_picked":["Beam Cell","Leap"],"picked":"FTL","floor":20},{"not_picked":["Conserve Battery","Hologram"],"picked":"Reprogram+1","floor":21}],"player_experience":188451,"relics_obtained":[{"floor":6,"key":"Kunai"},{"floor":8,"key":"Omamori"},{"floor":9,"key":"Thread and Needle"},{"floor":11,"key":"MealTicket"}],"event_choices":[{"damage_healed":0,"gold_gain":0,"cards_transformed":["Strike_B"],"player_choice":"Change","damage_taken":0,"max_hp_gain":0,"max_hp_loss":0,"event_name":"Living Wall","floor":3,"gold_loss":0,"cards_obtained":["Core Surge"]},{"damage_healed":0,"gold_gain":0,"player_choice":"3 cards matched","damage_taken":0,"max_hp_gain":0,"max_hp_loss":0,"event_name":"Match and Keep!","floor":4,"gold_loss":0,"cards_obtained":["Flash of Steel","Zap","Sunder"]},{"damage_healed":0,"gold_gain":0,"player_choice":"Read","damage_taken":0,"max_hp_gain":0,"max_hp_loss":0,"event_name":"The Library","floor":22,"gold_loss":0,"cards_obtained":["Defragment"]}],"is_beta":false,"boss_relics":[{"not_picked":["Runic Dome","Coffee Dripper"],"picked":"Philosopher\u0027s Stone"}],"items_purged_floors":[10],"is_endless":false,"potions_floor_spawned":[1,5,11,12,16,19,20],"killed_by":"Slavers","ascension_level":2}}