{"host":"94aus4jnk6thj94q","time":1611586272,"event":{"mods":["BaseMod","Minty Spire (QoL Compilation)","Quick Restart","StSLib"],"gold_per_floor":[109,125,125,300,21,54,54,87,164,164,178,178,178,6,6,110,110,121,136,166,166,166,166,166,166],"floor_reached":24,"language":"ENG","playtime":958,"items_purged":["Doubt"],"score":200,"play_id":"40ec3025-9c13-4c3b-b0f0-ec30faa202a8","local_time":"20210125165112","is_ascension_mode":false,"campfire_choices":[{"floor":7.0,"key":"REST"},{"floor":10.0,"key":"REST"},{"floor":13.0,"key":"REST"},{"floor":15.0,"key":"DIG"},{"floor":23,"key":"REST"}],"circlet_count":0,"master_deck":["Strike_B","Strike_B","Defend_B","Defend_B","Defend_B","Defend_B+1","Zap","Dualcast","Decay","Doom and Gloom","Chaos+1","Redo","Capacitor","Conserve Battery","Core Surge","Chaos+1","Ball Lightning+1","Reinforced Body","Multi-Cast"],"relics":["Cracked Core","Shovel","Omamori","Singing Bowl","Bottled Tornado","ClockworkSouvenir","War Paint","Red Mask"],"acts_visited":["Exordium","TheCity"],"potions_floor_usage":[20,20,20,24],"damage_taken":[{"damage":7.0,"enemies":"2 Louse","floor":1.0,"turns":2.0},{"damage":6.0,"enemies":"Jaw Worm","floor":2.0,"turns":3.0},{"damage":19.0,"enemies":"3 Sentries","floor":6.0,"turns":4.0},{"damage":29.0,"enemies":"Gremlin Nob","floor":8.0,"turns":4.0},{"damage":6.0,"enemies":"Small Slimes","floor":11.0,"turns":3.0},{"damage":48.0,"enemies":"The Guardian","floor":16.0,"turns":10.0},{"damage":10,"enemies":"Chosen","floor":18,"turns":5},{"damage":13,"enemies":"Spheric Guardian","floor":19,"turns":4},{"damage":25,"enemies":"Masked Bandits","floor":20,"turns":5},{"damage":19,"enemies":"Book of Stabbing","floor":24,"turns":3}],"seed_played":"8920448040612782479","potions_obtained":[{"floor":1.0,"key":"Explosive Potion"},{"floor":8.0,"key":"SpeedPotion"},{"floor":16.0,"key":"SpeedPotion"},{"floor":18,"key":"SkillPotion"},{"floor":20,"key":"FocusPotion"}],"is_trial":false,"path_per_floor":["M","M","?","?","$","E","R","E","T","R","M","T","R","$","R","B",null,"M","M","?","?","?","R","E"],"character_chosen":"DEFECT","items_purchased":["Omamori","Redo","ClockworkSouvenir","Conserve Battery"],"campfire_rested":4,"item_purchase_floors":[5,5,14,14],"current_hp_per_floor":[68,62,62,62,62,43,65,38,38,61,55,55,77,77,77,29,77,69,56,31,31,31,54,35,35],"gold":166,"neow_bonus":"ONE_RARE_RELIC","is_daily":false,"chose_seed":false,"campfire_upgraded":0,"win_rate":0.0,"timestamp":1611586272,"path_taken":["M","M","?","?","$","E","R","E","T","R","M","?","R","?","R","BOSS","M","M","?","?","?","R","E"],"items_purchased_type":["Relic","Card","Relic","Card"],"build_version":"2020-12-22","purchased_purges":1,"victory":false,"max_hp_per_floor":[75,75,75,75,75,75,75,77,77,77,77,77,77,77,77,77,77,79,79,79,79,79,79,79,79],"card_choices":[{"not_picked":["Cold Snap","Ball Lightning"],"picked":"Doom and Gloom","floor":1.0},{"not_picked":["Redo","Fission"],"picked":"Chaos","floor":2.0},{"not_picked":["Genetic Algorithm","Streamline","Rip and Tear"],"picked":"SKIP","floor":6.0},{"not_picked":["Beam Cell","Tempest","Stack"],"picked":"Singing Bowl","floor":8.0},{"not_picked":["Streamline","Go for the Eyes"],"picked":"Capacitor","floor":11.0},{"not_picked":["Amplify","Meteor Strike"],"picked":"Core Surge","floor":16.0},{"not_picked":["BootSequence","Hologram","Steam"],"picked":"Singing Bowl","floor":18},{"not_picked":["Aggregate","Rip and Tear+1"],"picked":"Chaos+1","floor":19},{"not_picked":["Skim","Static Discharge"],"picked":"Ball Lightning+1","floor":20}],"player_experience":5946160,"relics_obtained":[{"floor":8.0,"key":"Singing Bowl"},{"floor":12.0,"key":"Bottled Tornado"},{"floor":15.0,"key":"War Paint"},{"floor":20,"key":"Red Mask"}],"event_choices":[{"damage_healed":0.0,"max_hp_gain":0.0,"max_hp_loss":0.0,"gold_gain":0.0,"event_name":"Scrap Ooze","player_choice":"Fled","floor":3.0,"gold_loss":0.0,"damage_taken":0.0},{"damage_healed":0.0,"max_hp_gain":0.0,"max_hp_loss":0.0,"gold_gain":175.0,"event_name":"Liars Game","player_choice":"AGREE","floor":4.0,"gold_loss":0.0,"damage_taken":0.0,"cards_obtained":["Doubt"]},{"damage_healed":0,"gold_gain":0,"player_choice":"Fought Bandits","damage_taken":0,"max_hp_gain":0,"max_hp_loss":0,"event_name":"Masked Bandits","floor":20,"gold_loss":0},{"damage_healed":0,"gold_gain":0,"cards_transformed":["Strike_B","Strike_B"],"player_choice":"Became Test Subject","damage_taken":0,"max_hp_gain":0,"max_hp_loss":0,"event_name":"Drug Dealer","floor":21,"gold_loss":0,"cards_obtained":["Reinforced Body","Multi-Cast"]},{"damage_healed":0,"gold_gain":0,"player_choice":"Smashed Altar","damage_taken":0,"max_hp_gain":0,"max_hp_loss":0,"event_name":"Forgotten Altar","floor":22,"gold_loss":0,"cards_obtained":["Decay"]}],"is_beta":false,"boss_relics":[{"not_picked":["Ectoplasm","Runic Dome","Snecko Eye"]}],"items_purged_floors":[5],"is_endless":false,"potions_floor_spawned":[1,8,16,18,20],"killed_by":"Book of Stabbing","ascension_level":0}}