{"host":"4nqeo0vu1vuav7gg","time":1611594597,"event":{"mods":["AchievementEnabler","BaseMod","Block Reminder","Colored Map","Colored Powertips","Highlight Path","Minty Spire (QoL Compilation)","Quick Restart","Rare Cards Sparkle","Relic Relevance Reorder","StSLib"],"gold_per_floor":[117,117,133,148,162,188,188,216,269,269,269,269],"floor_reached":11,"language":"ENG","playtime":583,"items_purged":[],"score":162,"play_id":"dd1c0645-73d4-4117-8d74-aea20b7e5526","local_time":"20210125180957","is_ascension_mode":true,"campfire_choices":[{"floor":7.0,"key":"REST"},{"floor":10.0,"key":"REST"}],"circlet_count":0,"master_deck":["AscendersBane","Strike_B","Strike_B","Strike_B","Strike_B","Defend_B","Defend_B","Defend_B","Defend_B","Zap","Dualcast","Echo Form+1","Cold Snap","Undo","Thunder Strike","Sweeping Beam","Chaos"],"relics":["Cracked Core","Centennial Puzzle","Meat on the Bone","Potion Belt"],"acts_visited":["Exordium"],"potions_floor_usage":[],"damage_taken":[{"damage":3.0,"enemies":"Cultist","floor":1.0,"turns":5.0},{"damage":9.0,"enemies":"Jaw Worm","floor":3.0,"turns":4.0},{"damage":3.0,"enemies":"2 Louse","floor":4.0,"turns":3.0},{"damage":1.0,"enemies":"Blue Slaver","floor":5.0,"turns":4.0},{"damage":43.0,"enemies":"Gremlin Nob","floor":6.0,"turns":6.0},{"damage":20.0,"enemies":"3 Sentries","floor":8.0,"turns":11.0},{"damage":50,"enemies":"Gremlin Nob","floor":11,"turns":4}],"seed_played":"-3082971059705599881","potions_obtained":[{"floor":1.0,"key":"Dexterity Potion"},{"floor":4.0,"key":"GamblersBrew"},{"floor":8.0,"key":"BlessingOfTheForge"}],"is_trial":false,"path_per_floor":["M","?","M","M","M","E","R","E","T","R","E"],"character_chosen":"DEFECT","items_purchased":[],"campfire_rested":2,"item_purchase_floors":[],"current_hp_per_floor":[61,61,52,49,48,5,26,6,6,27,0,0],"gold":269,"neow_bonus":"ONE_RANDOM_RARE_CARD","is_daily":false,"chose_seed":false,"campfire_upgraded":0,"win_rate":0.0,"timestamp":1611594597,"path_taken":["M","?","M","M","M","E","R","E","T","R","E"],"items_purchased_type":[],"build_version":"2020-12-22","purchased_purges":0,"victory":false,"max_hp_per_floor":[71,71,71,71,71,71,71,71,71,71,71,71],"card_choices":[{"not_picked":["Stack","Turbo"],"picked":"Cold Snap","floor":1.0},{"not_picked":["Redo","Stack"],"picked":"Undo","floor":3.0},{"not_picked":["Auto Shields","Compile Driver","Gash"],"picked":"SKIP","floor":4.0},{"not_picked":["Double Energy","Compile Driver"],"picked":"Thunder Strike","floor":5.0},{"not_picked":["Compile Driver","Rebound"],"picked":"Sweeping Beam","floor":6.0},{"not_picked":["Aggregate","Beam Cell"],"picked":"Chaos","floor":8.0}],"player_experience":1071869,"relics_obtained":[{"floor":6.0,"key":"Centennial Puzzle"},{"floor":8.0,"key":"Meat on the Bone"},{"floor":9.0,"key":"Potion Belt"}],"event_choices":[{"damage_healed":0.0,"max_hp_gain":0.0,"max_hp_loss":0.0,"gold_gain":0.0,"event_name":"Living Wall","player_choice":"Grow","floor":2.0,"gold_loss":0.0,"damage_taken":0.0,"cards_upgraded":["Echo Form"]}],"is_beta":false,"boss_relics":[],"items_purged_floors":[],"is_endless":false,"potions_floor_spawned":[1,4,8],"killed_by":"Gremlin Nob","ascension_level":19}}