{"host":"z16h96csw6gsetxl","time":1611569802,"event":{"mods":["BaseMod","Minty Spire (QoL Compilation)"],"gold_per_floor":[14,34,44,44,61,87,87,87,87],"floor_reached":8,"language":"ZHS","playtime":498,"items_purged":[],"score":58,"play_id":"df99d314-8b59-4cba-8e24-00535f29e624","local_time":"20210125181642","is_ascension_mode":false,"campfire_choices":[],"circlet_count":0,"master_deck":["Strike_G","Strike_G","Strike_G","Strike_G","Strike_G","Defend_G","Defend_G","Defend_G","Defend_G","Survivor","Neutralize","Apotheosis","Outmaneuver","Dodge and Roll","PiercingWail","Tactician","Backflip"],"relics":["Ring of the Snake","Kunai"],"acts_visited":["Exordium"],"potions_floor_usage":[6],"damage_taken":[{"damage":0.0,"enemies":"Jaw Worm","floor":1.0,"turns":3.0},{"damage":0.0,"enemies":"Cultist","floor":2.0,"turns":4.0},{"damage":0.0,"enemies":"Small Slimes","floor":3.0,"turns":4.0},{"damage":3.0,"enemies":"Blue Slaver","floor":5.0,"turns":3.0},{"damage":42,"enemies":"Gremlin Nob","floor":6,"turns":6},{"damage":0,"enemies":"Lagavulin","floor":8,"turns":8}],"seed_played":"-275356124471877430","potions_obtained":[{"floor":2.0,"key":"BlessingOfTheForge"},{"floor":6,"key":"DuplicationPotion"}],"is_trial":false,"path_per_floor":["M","M","M","?","M","E","?","E"],"character_chosen":"THE_SILENT","items_purchased":[],"campfire_rested":0,"item_purchase_floors":[],"current_hp_per_floor":[70,70,70,63,60,18,18,18,18],"gold":87,"neow_bonus":"RANDOM_COLORLESS_2","is_daily":false,"chose_seed":false,"campfire_upgraded":0,"win_rate":0.0,"timestamp":1611569802,"path_taken":["M","M","M","?","M","E","?","E"],"items_purchased_type":[],"build_version":"2020-12-22","purchased_purges":0,"victory":false,"max_hp_per_floor":[70,70,70,70,70,70,70,70,70],"card_choices":[{"not_picked":["Magnetism","Metamorphosis"],"picked":"Apotheosis","floor":0.0},{"not_picked":["Backflip","Dagger Spray"],"picked":"Outmaneuver","floor":1.0},{"not_picked":["Blade Dance","Eviscerate"],"picked":"Dodge and Roll","floor":2.0},{"not_picked":["Deflect","Skewer"],"picked":"PiercingWail","floor":3.0},{"not_picked":["Dodge and Roll","Sucker Punch"],"picked":"Tactician","floor":5.0},{"not_picked":["Tactician","Flying Knee"],"picked":"Backflip","floor":6}],"player_experience":42987,"relics_obtained":[{"floor":6,"key":"Kunai"}],"event_choices":[{"cards_removed":["Defend_G"],"damage_healed":0.0,"max_hp_gain":0.0,"max_hp_loss":0.0,"gold_gain":0.0,"event_name":"Golden Wing","player_choice":"Card Removal","floor":4.0,"gold_loss":0.0,"damage_taken":7.0},{"damage_healed":0,"gold_gain":0,"player_choice":"Ignored","damage_taken":0,"max_hp_gain":0,"max_hp_loss":0,"event_name":"NoteForYourself","floor":7,"gold_loss":0}],"is_beta":false,"boss_relics":[],"items_purged_floors":[],"is_endless":false,"potions_floor_spawned":[2,6],"killed_by":"Lagavulin","ascension_level":0}}