{"host":"urvvf8749ekcxo1a","time":1611583132,"event":{"mods":["AchievementEnabler","Bartender","BaseMod","BetterRewards","Colored Powertips","Displayed Cursed Tome","Evolution","Gold Saver","KinomotoSakuraMod(????)","Minty Spire (QoL Compilation)","Quick Restart","Relic Filter","StSLib","SuperFastMode","The Animator","The Cursed","The Hierophant","The Marked","The Servant 0.9.4","TheHero"],"gold_per_floor":[1646,1646,1322,1337,1337,1370,1370,1410,1433,1433,1453,1453,1472,1003,1003,1134,1134,1157,1052,1022,1042,792,813,857,857,857,888,888,903,917,932,932,1055,1055,1080,1101,977,996,996,1039,1057,1057,1057,1098,1098,1117,1138,1165,1165,1165],"floor_reached":51,"language":"ENG","playtime":1806,"items_purged":["Injury","Strike_S"],"score":1068,"play_id":"b8896653-d971-400f-ba71-9edbd4c80d45","local_time":"20210125085852","is_ascension_mode":true,"campfire_choices":[{"floor":7,"key":"REST"},{"floor":10,"key":"REST"},{"floor":15,"key":"DIG"},{"data":"GearUp","floor":25,"key":"SMITH"},{"data":"InstantArmor","floor":28,"key":"SMITH"},{"data":"Barrier","floor":32,"key":"SMITH"},{"data":"SilverBlades","floor":42,"key":"SMITH"},{"data":"Embodiment","floor":45,"key":"SMITH"},{"floor":49,"key":"REST"}],"circlet_count":0,"master_deck":["Strike_S","Strike_S+1","Defend_S","Defend_S","Defend_S","Defend_S","KidneyShot","Exchange","Deadline","Rewind+1","MoonPhase","InstantArmor+1","PendulumOfEternity+1","GearUp+1","Spin","StarChef","MurderousAura","FastForward+1","Rearm","BestPractice+1","InstantArmor+1","Spin+1","InstantArmor+1","Unruled","Gouge","Barrier+1","SurpressingFire+1","Rearm+1","SilverBlades+1","SpecialFormula","Alleviate+1","Embodiment+1","Defy+1"],"relics":["Uniform","EVO:Axolotl","MealTicket","Vajra","Regal Pillow","Golden Idol","Protect_Vest","Shovel","Omamori","Membership Card","Power_Wrist","Pantograph","War Paint","Silver_Glasses","Bag of Marbles","PaperSwan","Mummified Hand","Lizard Tail","Blue Candle","Pear","Black Star","Strange Spoon","Eternal Feather","Orichalcum","White Beast Statue","CaptainsWheel","Happy Flower","PreservedInsect"],"acts_visited":["Exordium","TheCity","TheBeyond"],"potions_floor_usage":[8,16,16,24,29,30,33,40,41,50,50,50],"damage_taken":[{"damage":19,"enemies":"Jaw Worm","floor":1,"turns":5},{"damage":14,"enemies":"Small Slimes","floor":4,"turns":4},{"damage":33,"enemies":"3 Sentries","floor":6,"turns":12},{"damage":40,"enemies":"Gremlin Nob","floor":8,"turns":6},{"damage":0,"enemies":"2 Louse","floor":11,"turns":4},{"damage":0,"enemies":"Exordium Thugs","floor":13,"turns":5},{"damage":0,"enemies":"The Guardian","floor":16,"turns":9},{"damage":19,"enemies":"2 Thieves","floor":18,"turns":4},{"damage":0,"enemies":"Shell Parasite","floor":21,"turns":4},{"damage":0,"enemies":"Centurion and Healer","floor":23,"turns":6},{"damage":0,"enemies":"Gremlin Leader","floor":24,"turns":4},{"damage":0,"enemies":"Slavers","floor":27,"turns":5},{"damage":0,"enemies":"Cultist and Chosen","floor":29,"turns":4},{"damage":6,"enemies":"Snake Plant","floor":30,"turns":5},{"damage":0,"enemies":"Centurion and Healer","floor":31,"turns":3},{"damage":58,"enemies":"Automaton","floor":33,"turns":12},{"damage":11,"enemies":"3 Shapes","floor":35,"turns":3},{"damage":0,"enemies":"3 Darklings","floor":36,"turns":2},{"damage":18,"enemies":"Spire Growth","floor":38,"turns":3},{"damage":5,"enemies":"Nemesis","floor":40,"turns":7},{"damage":0,"enemies":"Jaw Worm Horde","floor":41,"turns":4},{"damage":38,"enemies":"Giant Head","floor":44,"turns":10},{"damage":33,"enemies":"4 Shapes","floor":46,"turns":2},{"damage":22,"enemies":"Writhing Mass","floor":47,"turns":5},{"damage":0,"enemies":"Awakened One","floor":50,"turns":13}],"seed_played":"4019991551915432778","potions_obtained":[{"floor":6,"key":"Dexterity Potion"},{"floor":8,"key":"EssenceOfSteel"},{"floor":13,"key":"SneckoOil"},{"floor":16,"key":"Weak Potion"},{"floor":20,"key":"ColorlessPotion"},{"floor":20,"key":"EssenceOfSteel"},{"floor":27,"key":"Strength Potion"},{"floor":35,"key":"Block Potion"},{"floor":36,"key":"AttackPotion"},{"floor":44,"key":"SneckoOil"},{"floor":46,"key":"DistilledChaos"},{"floor":47,"key":"Fire Potion"}],"is_trial":false,"path_per_floor":["M","?","$","M","?","E","R","E","T","R","M","?","M","$","R","B",null,"M","$","?","M","$","M","E","R","T","E","R","M","M","M","R","B",null,"M","M","$","M","?","E","M","R","T","E","R","M","M","T","R","B",null],"character_chosen":"THE_SERVANT","items_purchased":["Vajra","MoonPhase","Regal Pillow","Membership Card","StarChef","Power_Wrist","Pantograph","Bag of Marbles","Rearm","PaperSwan","Mummified Hand","Strange Spoon"],"campfire_rested":3,"item_purchase_floors":[3,3,3,14,14,14,14,19,19,22,22,37],"current_hp_per_floor":[46,43,58,44,44,11,45,5,5,39,39,26,26,41,41,65,65,46,61,61,61,65,65,65,65,65,75,75,75,69,69,69,17,75,64,64,75,57,85,80,85,85,85,47,65,37,20,20,78,85],"gold":1165,"neow_bonus":"TRANSFORM_CARD","is_daily":false,"chose_seed":false,"campfire_upgraded":5,"win_rate":0.0,"timestamp":1611583132,"path_taken":["M","?","$","M","?","E","R","E","T","R","M","?","M","$","R","BOSS","M","$","?","M","?","M","E","R","T","E","R","M","M","M","R","BOSS","M","M","$","M","?","E","?","R","T","E","R","M","M","?","R","BOSS"],"items_purchased_type":["Relic","Card","Relic","Relic","Card","Relic","Relic","Relic","Card","Relic","Relic","Relic"],"build_version":"2020-12-22","purchased_purges":2,"victory":true,"max_hp_per_floor":[65,65,65,65,65,65,65,65,65,65,65,65,65,65,65,65,65,65,65,65,65,65,65,65,65,65,75,75,75,75,75,75,75,75,75,75,75,75,85,85,85,85,85,85,85,85,85,85,85,85],"card_choices":[{"not_picked":["Replace","Collapse"],"picked":"Rewind","floor":1},{"not_picked":["Defy","Ricochet"],"picked":"InstantArmor","floor":4},{"not_picked":["Contraction","RealityMarble"],"picked":"PendulumOfEternity","floor":6},{"not_picked":["Alleviate","Collapse"],"picked":"GearUp","floor":8},{"not_picked":["Defy","Starlight","Potential"],"picked":"SKIP","floor":11},{"not_picked":["Rewind","Ricochet"],"picked":"Spin","floor":13},{"not_picked":["SoulSculpture","PendulumOfEternity"],"picked":"MurderousAura","floor":16},{"not_picked":["Starlight","Revamp"],"picked":"FastForward+1","floor":18},{"not_picked":["DoubleEdge","Reset"],"picked":"BestPractice+1","floor":21},{"not_picked":["BottledTime","Ricochet"],"picked":"InstantArmor","floor":23},{"not_picked":["Advance","Revamp+1"],"picked":"Spin+1","floor":24},{"not_picked":["Deny","Luminosity"],"picked":"InstantArmor+1","floor":27},{"not_picked":["Revamp","Defy"],"picked":"Unruled","floor":29},{"not_picked":["RealityMarble","Replace"],"picked":"Gouge","floor":30},{"not_picked":["Starlight+1","Moondial"],"picked":"Barrier","floor":31},{"not_picked":["ForgedInTime","LightFlow"],"picked":"TrueSight","floor":33},{"not_picked":["Unruled","ShiftingGears+1"],"picked":"SurpressingFire+1","floor":35},{"not_picked":["Unruled+1","SoulSculpture"],"picked":"Rearm+1","floor":36},{"not_picked":["Revamp","RealityMarble+1"],"picked":"SilverBlades","floor":38},{"not_picked":["InstantArmor","BottledTime"],"picked":"SpecialFormula","floor":40},{"not_picked":["Potential","Snipe+1"],"picked":"Alleviate+1","floor":41},{"not_picked":["Starlight","ReturningBlade+1"],"picked":"Embodiment","floor":44},{"not_picked":["Moonlight+1","Replace","MoonPhase"],"picked":"SKIP","floor":46},{"not_picked":["BottledTime","Snipe"],"picked":"Defy+1","floor":47}],"player_experience":167833,"relics_obtained":[{"floor":6,"key":"Protect_Vest"},{"floor":8,"key":"Shovel"},{"floor":9,"key":"Omamori"},{"floor":15,"key":"War Paint"},{"floor":24,"key":"Lizard Tail"},{"floor":26,"key":"Blue Candle"},{"floor":27,"key":"Pear"},{"floor":40,"key":"Eternal Feather"},{"floor":40,"key":"Orichalcum"},{"floor":43,"key":"White Beast Statue"},{"floor":44,"key":"CaptainsWheel"},{"floor":44,"key":"Happy Flower"},{"floor":48,"key":"PreservedInsect"}],"event_choices":[{"damage_healed":0,"gold_gain":0,"player_choice":"Success","damage_taken":3,"relics_obtained":["MealTicket"],"max_hp_gain":0,"max_hp_loss":0,"event_name":"Scrap Ooze","floor":2,"gold_loss":0},{"damage_healed":0,"gold_gain":0,"player_choice":"Take Wound","damage_taken":0,"relics_obtained":["Golden Idol"],"max_hp_gain":0,"max_hp_loss":0,"event_name":"Golden Idol","floor":5,"gold_loss":0,"cards_obtained":["Injury"]},{"damage_healed":0,"gold_gain":0,"player_choice":"Entered Light","damage_taken":13,"max_hp_gain":0,"max_hp_loss":0,"event_name":"Shining Light","floor":12,"gold_loss":0,"cards_upgraded":["PendulumOfEternity","Strike_S"]},{"damage_healed":0,"gold_gain":0,"player_choice":"Bought 2 Potions","damage_taken":0,"max_hp_gain":0,"max_hp_loss":0,"event_name":"The Woman in Blue","floor":20,"gold_loss":0},{"cards_removed":["TrueSight"],"damage_healed":18,"gold_gain":0,"player_choice":"Offered Rare","damage_taken":0,"max_hp_gain":10,"max_hp_loss":0,"event_name":"Bonfire Elementals","floor":39,"gold_loss":0}],"is_beta":false,"boss_relics":[{"not_picked":["Cursed Key","Sozu"],"picked":"Silver_Glasses"},{"not_picked":["Philosopher\u0027s Stone","SacredBark"],"picked":"Black Star"}],"items_purged_floors":[14,37],"is_endless":false,"potions_floor_spawned":[6,8,13,16,21,27,35,36,44,46,47],"ascension_level":2}}