{"host":"c3lc60y5x60jlt1y","time":1611569288,"event":{"mods":["AchievementEnabler","BaseMod","Bestiary","Colored Map","Minty Spire (QoL Compilation)","Quick Restart","StSLib","ojb\u0027s Info Mod"],"gold_per_floor":[363,363,379,399,412,412,444,444,490,502,502],"floor_reached":10,"language":"ENG","playtime":379,"items_purged":[],"score":136,"play_id":"a836f358-b78f-44e0-8a73-a240c57fadc3","local_time":"20210125120808","is_ascension_mode":true,"campfire_choices":[{"data":"Static Discharge","floor":6,"key":"SMITH"},{"data":"Chaos","floor":8,"key":"SMITH"}],"circlet_count":0,"master_deck":["AscendersBane","Strike_B","Strike_B","Strike_B","Defend_B","Defend_B","Defend_B","Defend_B","Zap","Dualcast","Chaos+1","Reinforced Body","Cold Snap","Steam","Static Discharge+1","BootSequence"],"relics":["Cracked Core","White Beast Statue","MawBank"],"acts_visited":["Exordium"],"potions_floor_usage":[7,10],"damage_taken":[{"damage":6,"enemies":"2 Louse","floor":1,"turns":3},{"damage":4,"enemies":"Small Slimes","floor":3,"turns":4},{"damage":3,"enemies":"Cultist","floor":4,"turns":4},{"damage":4,"enemies":"Looter","floor":5,"turns":4},{"damage":11,"enemies":"Lagavulin","floor":7,"turns":8},{"damage":37,"enemies":"Gremlin Nob","floor":10,"turns":3}],"seed_played":"-4318027636751048637","potions_obtained":[{"floor":1,"key":"Fire Potion"},{"floor":4,"key":"Weak Potion"},{"floor":7,"key":"Energy Potion"}],"is_trial":false,"path_per_floor":["M","?","M","M","M","R","E","R","T","E"],"character_chosen":"DEFECT","items_purchased":[],"campfire_rested":0,"item_purchase_floors":[],"current_hp_per_floor":[58,58,54,51,47,47,36,36,36,0,0],"gold":502,"neow_bonus":"TWO_FIFTY_GOLD","is_daily":false,"chose_seed":false,"campfire_upgraded":2,"win_rate":0.0,"timestamp":1611569288,"path_taken":["M","?","M","M","M","R","E","R","T","E"],"items_purchased_type":[],"build_version":"2020-12-22","purchased_purges":0,"victory":false,"max_hp_per_floor":[64,64,64,64,64,64,64,64,64,64,64],"card_choices":[{"not_picked":["Double Energy","Barrage"],"picked":"Chaos","floor":1},{"not_picked":["Steam","Redo"],"picked":"Cold Snap","floor":3},{"not_picked":["Gash","Reprogram"],"picked":"Steam","floor":4},{"not_picked":["Chaos","Ball Lightning"],"picked":"Static Discharge","floor":5},{"not_picked":["Storm","Fusion"],"picked":"BootSequence","floor":7}],"player_experience":8552490,"relics_obtained":[{"floor":7,"key":"White Beast Statue"},{"floor":9,"key":"MawBank"}],"event_choices":[{"damage_healed":0,"gold_gain":0,"cards_transformed":["Strike_B"],"player_choice":"Change","damage_taken":0,"max_hp_gain":0,"max_hp_loss":0,"event_name":"Living Wall","floor":2,"gold_loss":0,"cards_obtained":["Reinforced Body"]}],"is_beta":false,"boss_relics":[],"items_purged_floors":[],"is_endless":false,"potions_floor_spawned":[1,4,7],"killed_by":"Gremlin Nob","ascension_level":20}}