{"host":"pv86o47qu885j2ye","time":1611597706,"event":{"mods":["ATMod(阿瑾Mod)","Arknights The Spire","Ascension Reborn","Aspiration","Astrologer","Bard","BaseMod","Beaked The Cultist","Become a monster 百变怪","BetterRewards","Challenge The Spire","Colored Map","Conspire","KinomotoSakuraMod(木之本樱)","KomeijiMod","LagranYue(拉格朗・月)","Marisa（F雨　魔理沙）","Mimic Mod","Minty Spire (QoL Compilation)","Nova Terra(诺娃・泰拉)","Prisma Mod","Remilia_Scarlet Moed（蕾米莉亚・斯卡雷特）3.3.5","Remilia（蕾米莉亚）","StSLib","Td1madao Mod","The Administrix","The Alterego","The Animator","The Bug Knight","The IronCluck","The Mystic","The Runesmith","The Senshi","The Servant 0.9.4","WarShipGirlsR/战舰少女R mod","Youmu（魂魄妖梦）","【遗物卡牌】REMEMod"],"gold_per_floor":[109,109,124,143,143,168,168,202,202,102,127,142,142,168,168,323,323,340,389,389,389,389,389,399,399,399,458,458,217,308,327,327,463,463,484,41,41,488,488,519,530,550,620,620,620],"floor_reached":44,"language":"ZHS","playtime":3631,"items_purged":[],"score":642,"play_id":"c69be4b0-0d28-420a-a8f2-2253549eb3fa","local_time":"20210126020146","is_ascension_mode":true,"campfire_choices":[{"data":"RemiliaMod:CPQHZZ","floor":7,"key":"SMITH"},{"data":"RemiliaMod:CZXSJ","floor":13,"key":"SMITH"},{"data":"RemiliaMod:CXXSJ","floor":15,"key":"SMITH"},{"data":"VanishingEverything+1","floor":25,"key":"SWEEP"},{"data":"RemiliaMod:CPQHZZ","floor":28,"key":"SMITH"},{"data":"RemiliaMod:CDB","floor":32,"key":"SMITH"}],"circlet_count":0,"master_deck":["RemiliaMod:Scratch","RemiliaMod:Scratch","RemiliaMod:Scratch+1","RemiliaMod:Scratch","RemiliaMod:Defend","RemiliaMod:Defend","RemiliaMod:Defend","RemiliaMod:Defend","RemiliaMod:CNLCSZL","RemiliaMod:CAattack","AT_ChampionStep","RemiliaMod:CZXSJ+1","astrologer:TheHangedMan","RemiliaMod:CXXSJ+1","RemiliaMod:CPQHZZ+1","RemiliaMod:CJNNPSJ","RemiliaMod:CSlAttack+1","conspire:SpireCoStock","conspire:SpireCoStock","RemiliaMod:CDXSJ","RemiliaMod:CDB+1","RemiliaMod:CHQS","VanishingEverything+1","RemiliaMod:CPQHZZ+1","Dark Shackles","RemiliaMod:CFHGJ","RemiliaMod:CBYZLC","RemiliaMod:CDB+1","Apotheosis","RemiliaMod:CZXSJ","RemiliaMod:CZXSJ+1","Jack Of All Trades","REME_PuzzleBox","RemiliaMod:CJNWYXD"],"relics":["RemiliaMod:RXiangDui","RemiliaMod:RFkXt","RemiliaMod:RWYXT","Juzu Bracelet","AT_ATBox","LagranYue:RandomDrawCardRelic","Orichalcum","aspiration:ChemicalBlood","RemiliaMod:RLLDDJ","aspiration:SeaSaltIceCream","AT_ATBox","Whetstone","conspire:SpecialSausage","HollowMod:PaleOreRelic","Boot","Lee\u0027s Waffle","LagranYue:GuideDeadRelic","Fusion Hammer","HollowMod:StagPassRelic","Runesmith:AutoHammer"],"acts_visited":["Exordium","TheCity","TheBeyond"],"potions_floor_usage":[11,16,19,19,24,27,27,27,31,31,31,33,35,35,40,40,41,41,42,42],"damage_taken":[{"damage":2,"enemies":"Small Slimes","floor":1,"turns":4},{"damage":0,"enemies":"Cultist","floor":3,"turns":3},{"damage":3,"enemies":"Jaw Worm","floor":4,"turns":3},{"damage":3,"enemies":"Gremlin Nob","floor":6,"turns":3},{"damage":0,"enemies":"Lagavulin","floor":8,"turns":5},{"damage":9,"enemies":"3 Sentries","floor":11,"turns":2},{"damage":25,"enemies":"Exordium Wildlife","floor":12,"turns":4},{"damage":0,"enemies":"Slime Boss","floor":16,"turns":5},{"damage":0,"enemies":"2 Thieves","floor":18,"turns":5},{"damage":12,"enemies":"Spheric Guardian","floor":19,"turns":4},{"damage":9,"enemies":"Snecko","floor":24,"turns":3},{"damage":39,"enemies":"Book of Stabbing","floor":27,"turns":4},{"damage":22,"enemies":"HollowMod:Nosk","floor":30,"turns":9},{"damage":52,"enemies":"3 Cultists","floor":31,"turns":5},{"damage":43,"enemies":"conspire:MysteriousRune","floor":33,"turns":5},{"damage":25,"enemies":"3 Shapes","floor":35,"turns":5},{"damage":75,"enemies":"HollowMod:StalkingDevout","floor":40,"turns":6},{"damage":12,"enemies":"Orb Walker","floor":41,"turns":2},{"damage":66,"enemies":"4 Shapes","floor":42,"turns":5},{"damage":27,"enemies":"Spire Growth","floor":44,"turns":2}],"seed_played":"-5876728223385552332","potions_obtained":[{"floor":1,"key":"FearPotion"},{"floor":8,"key":"SkillPotion"},{"floor":16,"key":"PowerPotion"},{"floor":18,"key":"LiquidBronze"},{"floor":19,"key":"SpeedPotion"},{"floor":24,"key":"SteroidPotion"},{"floor":33,"key":"SpeedPotion"},{"floor":40,"key":"Explosive Potion"},{"floor":40,"key":"Fire Potion"}],"is_trial":false,"path_per_floor":["M","?","M","M","?","E","R","E","T","?","E","M","R","T","R","B",null,"M","M","?","?","?","?","M","R","T","E","R","$","E","M","R","B",null,"M","$","?","?","?","E","M","M","T","M"],"character_chosen":"Remilia_Scarlet_Modee","items_purchased":["Dark Shackles","Lee\u0027s Waffle","HollowMod:StagPassRelic","Apotheosis"],"campfire_rested":0,"item_purchase_floors":[29,29,36,36],"current_hp_per_floor":[81,81,82,82,82,80,80,82,82,82,75,79,79,79,79,82,82,82,75,75,59,59,59,71,79,79,75,75,99,99,65,65,41,99,93,93,93,93,88,26,40,9,9,0,0],"gold":620,"neow_bonus":"TEN_PERCENT_HP_BONUS","is_daily":false,"chose_seed":false,"campfire_upgraded":5,"win_rate":0.0,"timestamp":1611597706,"path_taken":["M","?","M","M","?","E","R","E","T","?","E","M","R","?","R","BOSS","M","M","?","?","?","?","M","R","T","E","R","$","E","M","R","BOSS","M","$","?","?","?","E","M","M","T","M"],"items_purchased_type":["Card","Relic","Relic","Card"],"build_version":"2020-12-22","purchased_purges":0,"victory":false,"max_hp_per_floor":[82,82,82,82,82,82,82,82,82,82,82,82,82,82,82,82,82,82,82,82,87,87,87,87,87,87,92,92,99,99,99,99,99,99,99,99,99,99,99,99,99,99,99,99,99],"card_choices":[{"not_picked":["RemiliaMod:CJNMJFZ","RemiliaMod:CFPLL"],"picked":"RemiliaMod:CZXSJ","floor":1},{"not_picked":["RemiliaMod:CMADc","RemiliaMod:CPZQ"],"picked":"RemiliaMod:CXXSJ","floor":3},{"not_picked":["RemiliaMod:CZXSJ","RemiliaMod:CJNWYXD2"],"picked":"RemiliaMod:CPQHZZ","floor":4},{"not_picked":["RemiliaMod:CJNLLFZ","RemiliaMod:CJNWYXD"],"picked":"RemiliaMod:CJNNPSJ","floor":6},{"not_picked":["RemiliaMod:CJNCMSS","RemiliaMod:CFPMJ"],"picked":"RemiliaMod:CSlAttack","floor":8},{"not_picked":["RemiliaMod:CPJHZZ","RemiliaMod:CPFWZL","RemiliaMod:CFPMJ"],"picked":"SKIP","floor":11},{"not_picked":["RemiliaMod:CPFPDLL","RemiliaMod:CJNXRFZ","RemiliaMod:CFPMJ"],"picked":"SKIP","floor":12},{"not_picked":["RemiliaMod:CMODSq","RemiliaMod:CJNWYXD3"],"picked":"RemiliaMod:CDXSJ","floor":16},{"not_picked":["RemiliaMod:CJNLLFZ","RemiliaMod:CJNYSFZ","RemiliaMod:CFPDMJ"],"picked":"SKIP","floor":18},{"not_picked":["RemiliaMod:CJNYSFZ","RemiliaMod:CJNLLFZ"],"picked":"RemiliaMod:CDB","floor":19},{"not_picked":["RemiliaMod:CD6B","RemiliaMod:CFPMJ"],"picked":"RemiliaMod:CHQS","floor":24},{"not_picked":["RemiliaMod:CJNXRFZ+1","RemiliaMod:CJNWYXD"],"picked":"RemiliaMod:CPQHZZ","floor":27},{"not_picked":["RemiliaMod:CPFWZL+1","RemiliaMod:CYYRS"],"picked":"RemiliaMod:CFHGJ","floor":30},{"not_picked":["RemiliaMod:CJNGSYD+1","RemiliaMod:CJNWYXD2+1"],"picked":"RemiliaMod:CPXRNL","floor":31},{"not_picked":["RemiliaMod:CFHFY","RemiliaMod:CMADBY"],"picked":"RemiliaMod:CBYZLC","floor":33},{"not_picked":["RemiliaMod:CFPLL+1","RemiliaMod:CPZQ+1"],"picked":"RemiliaMod:CDB+1","floor":35},{"not_picked":["RemiliaMod:CJNGSYD+1","RemiliaMod:CJNXRFZ+1"],"picked":"RemiliaMod:CZXSJ+1","floor":38},{"not_picked":["AT_Homeward","Mind Blast"],"picked":"Jack Of All Trades","floor":39},{"not_picked":["Secret Technique","Purity"],"picked":"REME_PuzzleBox","floor":39},{"not_picked":["RemiliaMod:CFxAttack","RemiliaMod:CJNJQFY","RemiliaMod:CJNSJDF+1"],"picked":"SKIP","floor":40},{"not_picked":["RemiliaMod:CJNWYXD","RemiliaMod:CMABianfuzhen"],"picked":"RemiliaMod:CMPC+1","floor":41},{"not_picked":["RemiliaMod:CFPMJ","RemiliaMod:CJNCJFJ"],"picked":"RemiliaMod:CJNWYXD","floor":42}],"player_experience":33597,"relics_obtained":[{"floor":6,"key":"aspiration:ChemicalBlood"},{"floor":8,"key":"RemiliaMod:RLLDDJ"},{"floor":9,"key":"aspiration:SeaSaltIceCream"},{"floor":14,"key":"Whetstone"},{"floor":26,"key":"HollowMod:PaleOreRelic"},{"floor":27,"key":"Boot"},{"floor":30,"key":"LagranYue:GuideDeadRelic"},{"floor":40,"key":"Runesmith:AutoHammer"}],"event_choices":[{"damage_healed":0,"gold_gain":0,"player_choice":"Gave Potion","damage_taken":0,"relics_obtained":["Orichalcum"],"max_hp_gain":0,"max_hp_loss":0,"event_name":"WeMeetAgain","floor":2,"gold_loss":0},{"damage_healed":0,"gold_gain":0,"player_choice":"Ignored","damage_taken":0,"max_hp_gain":0,"max_hp_loss":0,"event_name":"Golden Wing","floor":5,"gold_loss":0},{"damage_healed":0,"gold_gain":0,"player_choice":"Invest 2","damage_taken":0,"max_hp_gain":0,"max_hp_loss":0,"event_name":"conspire:Investor","floor":10,"gold_loss":0},{"damage_healed":0,"gold_gain":0,"player_choice":"Shed Blood","damage_taken":21,"max_hp_gain":5,"max_hp_loss":0,"event_name":"Forgotten Altar","floor":21,"gold_loss":0},{"damage_healed":0,"gold_gain":0,"player_choice":"Ignored","damage_taken":0,"max_hp_gain":0,"max_hp_loss":0,"event_name":"Ghosts","floor":22,"gold_loss":0},{"damage_healed":0,"gold_gain":0,"cards_transformed":["RemiliaMod:CPXRNL"],"player_choice":"Transformed","damage_taken":0,"max_hp_gain":0,"max_hp_loss":0,"event_name":"Transmorgrifier","floor":37,"gold_loss":0,"cards_obtained":["RemiliaMod:CZXSJ"]},{"damage_healed":0,"gold_gain":0,"player_choice":"Memory 2","damage_taken":5,"max_hp_gain":0,"max_hp_loss":0,"event_name":"SensoryStone","floor":39,"gold_loss":0}],"is_beta":false,"boss_relics":[{"not_picked":["LagranYue:ContractPerformanceRelic","Velvet Choker"],"picked":"conspire:SpecialSausage"},{"not_picked":["aspiration:RunicSpoon","beaked:MawFillet"],"picked":"Fusion Hammer"}],"items_purged_floors":[],"is_endless":false,"potions_floor_spawned":[1,8,16,18,19,33,40],"killed_by":"Spire Growth","ascension_level":0}}