{"host":"edwx0qgw8a8gox8u","time":1611549440,"event":{"mods":["2.2 Compatiblity","AchievementEnabler","Aspiration","Bard","BaseMod","Beaked The Cultist","Better Altar","Better Match","Better Note","Better Sensory Stone","Better Skull","Better Third Choice","BetterRewards","CCEM","Challenge The Spire","ChefMod","Colored Map","Conspire","Curses Come First","Custom Start","DeckTracker","Defuse TimeMaze Blight","Dio Mod","Displayed Cursed Tome","Dota2Spire","Downfall","Energized Spire","Fox Events","Friendly Minions","FruityMod","GifTheSpireLib","GungeonMod","Halation","Hermit","Hubris","Hunter ??","Infinite Spire","Jedi Mod","Jess\u0027s Bottle","Kiyohime????","Mad Scientist","Mari Mod (Legacy)","Mari\u0027s V1 Patch","Marisa????????","Marked Mod","Mimic Mod","Minty Spire (QoL Compilation)","MostiFishMod","Permanent Neow","Poor People Problems","Potionbrewer","Random Character Button","Relic Stats","Reliquary","Replay The Spire","Retaliation","Robot Space Explorer","RumiaBox-????????","SCP261 Mod","Shade Mod","Shedinja","Shop Mod","Spicy Shops","StS++","StSLib","Stuff the Spire","The Administrix","The Animator","The Blackbeard","The Blue Laboratory","The Bug Knight","The Cursed","The Dragon Tamer","The Gatherer","The Hierophant","The Jungle","The Mystic","The Necromancer","The Poker Player","The Problem Sleuth","The Runesmith","The Servant 0.9.4","The Spell Scribe","The Valiant","TheSwordswoman","TheVelvet","TheWitcher","Trackpad","Uncapped","Unceasing Turn Reminder","Useless Jewels Mod","Yuri Mod","??????REMEMod"],"gold_per_floor":[110,110,110,129,145,180,180,192,264,264,290,290,269,47,47,151,151,164,181,48,63,74,108,124,0,24,35,35,51,51,70,70,168,118,137,153,153,164,179,204,204,216,216,230,230,230,230,244,244,244,244,244,97,126,126,126],"floor_reached":55,"language":"ENG","playtime":2152,"items_purged":[],"score":1409,"play_id":"7a0e90a4-28a3-4741-9228-190af7aa2f1f","local_time":"20210125153720","is_ascension_mode":true,"campfire_choices":[{"floor":10,"key":"RECALL"},{"data":"DDmod:SpikedSkill","floor":15,"key":"SMITH"},{"data":"Replay:Many Hands","floor":28,"key":"SMITH"},{"data":"sneckomod:UnknownClassMAD_SCIENCE","floor":32,"key":"SMITH"},{"data":"Rupture","floor":41,"key":"SMITH"},{"data":"infinitespire:UltimateForm","floor":47,"key":"SMITH"},{"floor":49,"key":"DIG"},{"data":"DDmod:PokeAttack","floor":52,"key":"SMITH"}],"circlet_count":0,"master_deck":["AscendersBane","Strike_R","Strike_R","Strike_R","Strike_R","Strike_R","Defend_R","Defend_R","Defend_R","Defend_R","Bash","SnafuTest:PowerEquilibrium+1","Replay:Undeath\u0027s Touch","Flex","Flex","DDmod:SpikedSkill+1","DDmod:SpikedSkill","Heavy Blade+1","Replay:Many Hands+1","Replay:Undeath\u0027s Touch+1","Heavy Blade+1","Iron Wave","Sword Boomerang+1","Cleave","StuffTheSpire:RagingBull+1","Replay:Undeath\u0027s Touch+1","MostiFishMod:RacingGame+1","Strike_R","Cleave","Rupture+1","Anger+1","infinitespire:UltimateForm+1","DDmod:PokeAttack+1","DDmod:RapidStrikeAttack+1"],"relics":["Burning Blood","REME_ComplimentaryCards","DaveBox","ExusiaiGun","SynthV:TestCard","DDmod:BarbedSlagRelic","hubris:Metronome","MerchantsRug","DemoMod:MonsterBlood","infinitespire:Golems Mask","ChiXiaoBlade","trackpad:ByrdBGone","Happy Flower","BrkXgEgg","infinitespire:PuzzleCube","DemoMod:GlassGuonStoneRelic","energizedSpire:HugeHouse","Dota2Spire:LinkenSphere","StuffTheSpire:GrapeVine","StuffTheSpire:Mouthbags","Technique","conspire:TopHat"],"acts_visited":["Exordium","TheCity","TheBeyond","TheEnding"],"potions_floor_usage":[55,55],"damage_taken":[{"damage":0,"enemies":"Small Slimes","floor":1,"turns":1},{"damage":0,"enemies":"2 Louse","floor":4,"turns":1},{"damage":0,"enemies":"Jaw Worm","floor":5,"turns":1},{"damage":8,"enemies":"3 Sentries","floor":6,"turns":3},{"damage":9,"enemies":"2 Fungi Beasts","floor":8,"turns":2},{"damage":0,"enemies":"Lagavulin","floor":11,"turns":2},{"damage":45,"enemies":"Fading Forest","floor":16,"turns":11},{"damage":0,"enemies":"2 Thieves","floor":18,"turns":1},{"damage":0,"enemies":"conspire:FuzzyDice","floor":19,"turns":1},{"damage":15,"enemies":"Chosen and Byrds","floor":21,"turns":3},{"damage":0,"enemies":"Book of Stabbing","floor":23,"turns":1},{"damage":0,"enemies":"Centurion and Healer","floor":24,"turns":1},{"damage":0,"enemies":"Snake Plant","floor":27,"turns":1},{"damage":12,"enemies":"conspire:HollyBat","floor":29,"turns":6},{"damage":0,"enemies":"Centurion and Healer","floor":31,"turns":1},{"damage":0,"enemies":"Champ","floor":33,"turns":1},{"damage":16,"enemies":"3 Shapes","floor":35,"turns":1},{"damage":0,"enemies":"Orb Walker","floor":36,"turns":1},{"damage":0,"enemies":"Maw","floor":38,"turns":1},{"damage":20,"enemies":"Sphere and 2 Shapes","floor":39,"turns":1},{"damage":0,"enemies":"Giant Head","floor":40,"turns":1},{"damage":0,"enemies":"Transient","floor":42,"turns":1},{"damage":0,"enemies":"3 Darklings","floor":44,"turns":1},{"damage":0,"enemies":"Jaw Worm Horde","floor":48,"turns":1},{"damage":0,"enemies":"conspire:OrnateMirror","floor":50,"turns":1},{"damage":0,"enemies":"Shield and Spear","floor":54,"turns":1},{"damage":112,"enemies":"Kars","floor":55,"turns":3}],"seed_played":"-8867359090983272163","potions_obtained":[{"floor":1,"key":"Dota2Spire:HealingSalve"},{"floor":4,"key":"potionbrewer:BoundlessPotion"},{"floor":8,"key":"hexamod:SoulburnPotion"},{"floor":21,"key":"Elixir"},{"floor":23,"key":"SCP261:ThunderBarPotion"},{"floor":31,"key":"FearPotion"},{"floor":33,"key":"blueLaboratory:IronCompound"},{"floor":35,"key":"potionbrewer:BarricadePotion"}],"is_trial":false,"path_per_floor":["M","?","?","M","M","E","?","M","T","R","E","?","$","$","R","B",null,"M","M","$","M","$","E","M","$","T","M","R","M","?","M","R","B",null,"M","M","?","M","M","E","R","M","T","M","?","?","R","M","R_BF","B",null,"R","$","E","B"],"character_chosen":"IRONCLAD","items_purchased":["MerchantsRug","DemoMod:MonsterBlood","infinitespire:Golems Mask","trackpad:ByrdBGone","BrkXgEgg","Technique"],"campfire_rested":0,"item_purchase_floors":[13,14,14,20,25,53],"current_hp_per_floor":[80,80,80,80,80,80,80,79,79,79,80,72,72,79,79,58,80,87,87,87,78,78,84,87,87,87,87,87,81,81,87,87,87,82,72,78,78,82,68,74,74,80,80,82,62,62,62,68,68,74,80,80,80,82,0,0],"gold":126,"neow_bonus":"NOSTALGIA","is_daily":false,"chose_seed":false,"campfire_upgraded":6,"win_rate":0.0,"timestamp":1611549440,"path_taken":["M","?","?","?","M","E","?","?","T","R","E","?","?","$","R","BOSS","M","M","$","M","?","E","?","$","T","M","R","M","?","M","R","BOSS","M","M","?","?","?","E","R","M","T","M","?","?","R","M","R_BF","BOSS","R","$","E","BOSS"],"items_purchased_type":["Relic","Relic","Relic","Relic","Relic","Relic"],"build_version":"2020-12-22","purchased_purges":0,"victory":false,"max_hp_per_floor":[80,80,80,80,80,80,80,80,80,80,80,80,80,87,87,87,87,87,87,87,87,87,87,87,87,87,87,87,87,87,87,87,87,82,82,82,82,82,82,82,82,82,82,82,82,82,82,82,82,82,82,82,82,82,82,82],"relic_stats":{"Happy Flower":[7],"counters":[27,50],"obtain_stats":[{"hubris:Metronome":6,"DaveBox":0,"DemoMod:GlassGuonStoneRelic":1,"trackpad:ByrdBGone":20,"ExusiaiGun":0,"StuffTheSpire:GrapeVine":43,"Burning Blood":0,"conspire:TopHat":54,"CCEMRelics:OldTooth":11,"DemoMod:MonsterBlood":14,"infinitespire:Golems Mask":14,"Vampire_Amulet":0,"energizedSpire:HugeHouse":34,"MerchantsRug":13,"Happy Flower":23,"aspiration:Nostalgia":0,"BrkXgEgg":25,"SynthV:TestCard":1,"StuffTheSpire:Mouthbags":49,"ChiXiaoBlade":17,"Dota2Spire:LinkenSphere":40,"Technique":53,"DDmod:BarbedSlagRelic":2,"infinitespire:PuzzleCube":26,"REME_ComplimentaryCards":0},{"hubris:Metronome":4,"DaveBox":0,"DemoMod:GlassGuonStoneRelic":1,"trackpad:ByrdBGone":9,"ExusiaiGun":0,"StuffTheSpire:GrapeVine":22,"Burning Blood":0,"conspire:TopHat":26,"CCEMRelics:OldTooth":6,"DemoMod:MonsterBlood":6,"infinitespire:Golems Mask":6,"Vampire_Amulet":0,"energizedSpire:HugeHouse":16,"MerchantsRug":6,"Happy Flower":11,"aspiration:Nostalgia":0,"BrkXgEgg":12,"SynthV:TestCard":1,"StuffTheSpire:Mouthbags":24,"ChiXiaoBlade":7,"Dota2Spire:LinkenSphere":21,"Technique":25,"DDmod:BarbedSlagRelic":1,"infinitespire:PuzzleCube":12,"REME_ComplimentaryCards":0},{"hubris:Metronome":6,"DaveBox":0,"DemoMod:GlassGuonStoneRelic":1,"trackpad:ByrdBGone":23,"ExusiaiGun":0,"StuffTheSpire:GrapeVine":43,"Burning Blood":0,"conspire:TopHat":47,"CCEMRelics:OldTooth":10,"DemoMod:MonsterBlood":10,"infinitespire:Golems Mask":10,"Vampire_Amulet":0,"energizedSpire:HugeHouse":37,"MerchantsRug":10,"Happy Flower":27,"aspiration:Nostalgia":0,"BrkXgEgg":28,"SynthV:TestCard":1,"StuffTheSpire:Mouthbags":45,"ChiXiaoBlade":21,"Dota2Spire:LinkenSphere":42,"Technique":46,"DDmod:BarbedSlagRelic":1,"infinitespire:PuzzleCube":28,"REME_ComplimentaryCards":0}],"Burning Blood":100},"card_choices":[{"not_picked":["StuffTheSpire:RockThrow","Battle Trance"],"picked":"Replay:Undeath\u0027s Touch","floor":1},{"not_picked":["Armaments","Clothesline","StuffTheSpire:RockThrow","REME_SingleHolding"],"picked":"Flex","floor":4},{"not_picked":["Evolve","Bloodletting","Shrug It Off","Wild Strike"],"picked":"Flex","floor":5},{"not_picked":["Headbutt","Shrug It Off","Combust","conspire:Purge"],"picked":"DDmod:SpikedSkill","floor":6},{"not_picked":["StSpp:Turnabout","Run Through","hubris:CleavingFinish","ReplayTheSpireMod:Strike From Hell"],"picked":"DDmod:SpikedSkill","floor":8},{"not_picked":["Ghostly Armor","hubris:ReadiedAction","StSpp:MuscleMemory","Abandon"],"picked":"Heavy Blade","floor":11},{"not_picked":["StSpp:Turnabout","MostiFishMod:DarkDeal","DDmod:PlatedThornsSkill","MostiFishMod:NewArrival"],"picked":"Replay:Many Hands","floor":16},{"not_picked":["hubris:ReadiedAction+1","Headbutt","Fire Breathing","Warcry"],"picked":"Replay:Undeath\u0027s Touch+1","floor":18},{"not_picked":["Pommel Strike","jedi:fear+1","StSpp:Vengeance","Entrench"],"picked":"Heavy Blade","floor":19},{"not_picked":["Dual Wield","Uppercut","Bloodletting","DDmod:GrandUltimatumAttack"],"picked":"Iron Wave","floor":21},{"not_picked":["REME_FearOfPain","StuffTheSpire:Incineration","StuffTheSpire:Slingshot","Dual Wield"],"picked":"Sword Boomerang+1","floor":23},{"not_picked":["Sentinel","infinitespire:OneForAll","Rampage","Twin Strike"],"picked":"DDmod:RapidStrikeAttack+1","floor":24},{"not_picked":["Armaments","ReplayReversal","Run Through+1","Twin Strike"],"picked":"Cleave","floor":27},{"not_picked":["Life Link","DDmod:SpikedSkill+1","Dual Wield","jedi:hate"],"picked":"StuffTheSpire:RagingBull","floor":29},{"not_picked":["Feel No Pain","jedi:MakeshiftSword","Hemogenesis+1","infinitespire:OneForAll"],"picked":"Replay:Undeath\u0027s Touch+1","floor":31},{"not_picked":["Brutality+1","StSpp:Betrayal+1","StSpp:IntoTheAbyss+1","MostiFishMod:Chiaki+1"],"picked":"MostiFishMod:RacingGame+1","floor":33},{"not_picked":["DDmod:SpikeInjectionSkill+1","Armaments","DDmod:BurningFumesPowerCard","MostiFishMod:BrandingRite"],"picked":"Cleave","floor":35},{"not_picked":["DDmod:SpikeMailSkill","Pommel Strike+1","Hemokinesis","Run Through"],"picked":"Rupture","floor":36},{"not_picked":["ReplayTheSpireMod:Strike From Hell+1","hubris:ReadiedAction","conspire:ExplosiveBarrier+1","Clothesline+1","Fire Breathing+1"],"picked":"SKIP","floor":38},{"not_picked":["MostiFishMod:UltimateDefense+1","DemoMod:WhiteBlade+1","DDmod:PokeAttack","Clash","ReplayTheSpireMod:Corrosion Curse+1"],"picked":"SKIP","floor":39},{"not_picked":["DemoMod:WhiteBlade+1","DDmod:EasePowerCard","StuffTheSpire:Resist+1","StuffTheSpire:Incineration+1","StSpp:MuscleMemory+1"],"picked":"SKIP","floor":40},{"not_picked":["Iron Wave","StuffTheSpire:Slingshot","jedi:fear+1","Sentinel"],"picked":"Anger+1","floor":42},{"not_picked":["Body Slam","StuffTheSpire:Incineration","StuffTheSpire:RockThrow","Blood for Blood","Whirlwind"],"picked":"SKIP","floor":44},{"not_picked":["infinitespire:Collect","infinitespire:Starlight"],"picked":"infinitespire:UltimateForm","floor":45},{"not_picked":["StSpp:Succumb","Reckless Charge","Evolve","Replay:Many Hands+1"],"picked":"DDmod:PokeAttack","floor":48},{"not_picked":["conspire:ExplosiveBarrier+1","Armaments","jedi:MakeshiftSword","Uppercut+1","StuffTheSpire:Slingshot+1"],"picked":"SKIP","floor":54}],"player_experience":609563,"relics_obtained":[{"floor":1,"key":"SynthV:TestCard"},{"floor":6,"key":"hubris:Metronome"},{"floor":11,"key":"CCEMRelics:OldTooth"},{"floor":23,"key":"Happy Flower"},{"floor":26,"key":"infinitespire:PuzzleCube"},{"floor":40,"key":"Dota2Spire:LinkenSphere"},{"floor":43,"key":"StuffTheSpire:GrapeVine"},{"floor":49,"key":"StuffTheSpire:Mouthbags"},{"floor":54,"key":"conspire:TopHat"}],"event_choices":[{"damage_healed":0,"gold_gain":0,"player_choice":"Grow","damage_taken":0,"max_hp_gain":0,"max_hp_loss":0,"event_name":"Living Wall","floor":3,"gold_loss":0,"cards_upgraded":["SnafuTest:PowerEquilibrium"]},{"damage_healed":0,"gold_gain":0,"player_choice":"Bought 0 Potions","damage_taken":0,"max_hp_gain":0,"max_hp_loss":0,"event_name":"The Woman in Blue","floor":7,"gold_loss":0},{"damage_healed":0,"gold_gain":0,"player_choice":"Read","damage_taken":0,"max_hp_gain":0,"max_hp_loss":0,"event_name":"The Library","floor":30,"gold_loss":0,"cards_obtained":["sneckomod:UnknownClassMAD_SCIENCE"]},{"damage_healed":0,"gold_gain":0,"player_choice":"Got Potions","damage_taken":0,"max_hp_gain":0,"max_hp_loss":0,"event_name":"Lab","floor":46,"gold_loss":0}],"is_beta":false,"boss_relics":[{"not_picked":["halation:PlatinumPhoenix","StSpp:CrystalBall"],"picked":"ChiXiaoBlade"},{"not_picked":["Astrolabe","beaked:MawFillet"],"picked":"energizedSpire:HugeHouse"}],"items_purged_floors":[],"is_endless":false,"potions_floor_spawned":[1,4,8,18,21,23,31,33,35,39,48],"killed_by":"Kars","ascension_level":10}}