{"host":"f5gffvlv6a66yqkd","time":1611567744,"event":{"mods":["2.2 Compatiblity","BaseMod","Colored Map","Custom Start","DeckTracker","Keyboard Shortcuts","Minty Spire (QoL Compilation)","Permanent Neow","Quick Restart","Relic Stats","StSLib","SuperFastMode"],"gold_per_floor":[119,119,119,67,83,83,83,83,83,109,109,23,23,38,38,38,38],"floor_reached":16,"language":"KOR","playtime":216,"items_purged":[],"score":242,"play_id":"381c81cf-461b-47d0-8042-d9de0617ba83","local_time":"20210125184224","is_ascension_mode":true,"campfire_choices":[{"data":"Accuracy","floor":6,"key":"SMITH"},{"data":"Reflex","floor":8,"key":"SMITH"},{"data":"Crippling Poison","floor":11,"key":"SMITH"},{"data":"Distraction","floor":13,"key":"SMITH"},{"data":"Dagger Throw","floor":15,"key":"SMITH"}],"circlet_count":0,"master_deck":["AscendersBane","Strike_G","Strike_G","Strike_G","Strike_G","Defend_G","Defend_G+1","Defend_G","Defend_G","Defend_G","Survivor","Neutralize+1","Accuracy+1","Dagger Throw+1","Reflex+1","Crippling Poison+1","Distraction+1","PiercingWail"],"relics":["Ring of the Snake","NeowsBlessing","Dead Branch","Toy Ornithopter"],"acts_visited":["Exordium"],"potions_floor_usage":[],"damage_taken":[{"damage":0,"enemies":"Cultist","floor":1,"turns":1},{"damage":0,"enemies":"Small Slimes","floor":5,"turns":1},{"damage":0,"enemies":"3 Sentries","floor":10,"turns":2},{"damage":1,"enemies":"Jaw Worm","floor":14,"turns":3},{"damage":37,"enemies":"Hexaghost","floor":16,"turns":10}],"seed_played":"4952668943163912987","potions_obtained":[{"floor":1,"key":"Explosive Potion"},{"floor":10,"key":"BlessingOfTheForge"}],"is_trial":false,"path_per_floor":["M","?","?","$","M","R","?","R","T","E","R","$","R","M","R","B"],"character_chosen":"THE_SILENT","items_purchased":["Dagger Throw","Distraction"],"campfire_rested":0,"item_purchase_floors":[4,12],"current_hp_per_floor":[59,52,32,32,32,32,37,37,37,37,37,37,37,36,36,0,0],"gold":38,"neow_bonus":"THREE_ENEMY_KILL","is_daily":false,"chose_seed":false,"campfire_upgraded":5,"win_rate":0.0,"timestamp":1611567744,"path_taken":["M","?","?","?","?","R","?","R","T","E","R","$","R","M","R","BOSS"],"items_purchased_type":["Card","Card"],"build_version":"2020-12-22","purchased_purges":0,"victory":false,"max_hp_per_floor":[66,66,66,66,66,66,71,71,71,71,71,71,71,71,71,71,71],"relic_stats":{"counters":[5,17],"Dead Branch":[11],"obtain_stats":[{"NeowsBlessing":0,"Dead Branch":9,"Toy Ornithopter":10,"Ring of the Snake":0},{"NeowsBlessing":0,"Dead Branch":2,"Toy Ornithopter":3,"Ring of the Snake":0},{"NeowsBlessing":0,"Dead Branch":2,"Toy Ornithopter":4,"Ring of the Snake":0}],"Toy Ornithopter":0,"Ring of the Snake":[10]},"card_choices":[{"not_picked":["Dagger Throw","Masterful Stab"],"picked":"Accuracy","floor":1},{"not_picked":["Finisher","Bane"],"picked":"Reflex","floor":5},{"not_picked":["Dodge and Roll","Quick Slash"],"picked":"Crippling Poison","floor":10},{"not_picked":["Flying Knee","Underhanded Strike"],"picked":"PiercingWail","floor":14}],"player_experience":1612901,"relics_obtained":[{"floor":9,"key":"Dead Branch"},{"floor":10,"key":"Toy Ornithopter"}],"event_choices":[{"cards_removed":["Strike_G"],"damage_healed":0,"gold_gain":0,"player_choice":"Card Removal","damage_taken":7,"max_hp_gain":0,"max_hp_loss":0,"event_name":"Golden Wing","floor":2,"gold_loss":0},{"damage_healed":0,"gold_gain":0,"player_choice":"Entered Light","damage_taken":20,"max_hp_gain":0,"max_hp_loss":0,"event_name":"Shining Light","floor":3,"gold_loss":0,"cards_upgraded":["Defend_G","Neutralize"]},{"damage_healed":0,"gold_gain":0,"player_choice":"Donut","damage_taken":0,"max_hp_gain":5,"max_hp_loss":0,"event_name":"Big Fish","floor":7,"gold_loss":0}],"is_beta":false,"boss_relics":[],"items_purged_floors":[],"is_endless":false,"potions_floor_spawned":[1,10],"killed_by":"Hexaghost","ascension_level":20}}