{"host":"x6h2w7w5b570y81k","time":1611617692,"event":{"mods":["AchievementEnabler","Act Like it!","BaseMod","Colored Map","Colored Powertips","Downfall","Friendly Minions","Minty Spire (QoL Compilation)","StSLib","The Animator"],"gold_per_floor":[119,119,294,65,81,81,125,147,201,223,223,234,267,286,286,389,389,402,402,208,223,240,240,259,259,259],"floor_reached":25,"language":"DEU","playtime":2234,"items_purged":["Doubt"],"score":238,"play_id":"c5b5176b-728a-4940-a394-258c2157bf17","local_time":"20210126003452","is_ascension_mode":false,"campfire_choices":[{"data":"animator:Lu","floor":11,"key":"SMITH"},{"floor":15,"key":"REST"},{"data":"animator:Ara","floor":23,"key":"SMITH"}],"circlet_count":0,"master_deck":["animator:Strike_Elsword","animator:Defend_Elsword","animator:Defend","animator:Defend","animator:Defend","animator:Chung","animator:Raven","animator:Benimaru","animator:Eve","animator:Shuna","animator:SayakaMiki","animator:Jibril","animator:Lu+1","animator:Chung","animator:Sora","animator:Lu","animator:HigakiRinne","animator:Ciel","animator:Ara+1","animator:Add","animator:Lu","animator:KyokoSakura","animator:Shichika","animator:Laby"],"relics":["animator:LivingPicture","animator:TheMissingPiece","NeowsBlessing","Anchor","Centennial Puzzle","Odd Mushroom","Omamori","Bag of Preparation","animator:RacePiece","Nilry\u0027s Codex","animator:ShionDessert"],"acts_visited":["Exordium","TheCity"],"potions_floor_usage":[13,16],"damage_taken":[{"damage":0,"enemies":"Small Slimes","floor":1,"turns":1},{"damage":0,"enemies":"Jaw Worm","floor":5,"turns":1},{"damage":0,"enemies":"3 Sentries","floor":7,"turns":1},{"damage":19,"enemies":"The Mushroom Lair","floor":8,"turns":7},{"damage":0,"enemies":"2 Louse","floor":10,"turns":3},{"damage":6,"enemies":"Large Slime","floor":12,"turns":5},{"damage":6,"enemies":"Lagavulin","floor":13,"turns":5},{"damage":4,"enemies":"2 Fungi Beasts","floor":14,"turns":3},{"damage":45,"enemies":"The Guardian","floor":16,"turns":11},{"damage":9,"enemies":"Chosen","floor":18,"turns":7},{"damage":6,"enemies":"Spheric Guardian","floor":21,"turns":4},{"damage":8,"enemies":"Cultist and Chosen","floor":22,"turns":6},{"damage":18,"enemies":"Snake Plant","floor":24,"turns":6},{"damage":17,"enemies":"Slavers","floor":25,"turns":3}],"seed_played":"-1003864628965318486","potions_obtained":[{"floor":12,"key":"DistilledChaos"},{"floor":13,"key":"SteroidPotion"},{"floor":14,"key":"Fruit Juice"}],"is_trial":false,"path_per_floor":["M","?","?","$","M","$","E","?","T","M","R","M","E","M","R","B",null,"M","?","$","M","M","R","M","E"],"character_chosen":"THE_ANIMATOR","items_purchased":["animator:Eve","animator:ShionDessert","animator:KyokoSakura"],"campfire_rested":1,"item_purchase_floors":[4,20,20],"current_hp_per_floor":[66,59,59,59,59,59,59,40,40,40,40,34,28,24,43,3,71,62,46,46,40,32,32,15,0,0],"gold":259,"neow_bonus":"THREE_ENEMY_KILL","is_daily":false,"chose_seed":false,"campfire_upgraded":2,"win_rate":0.0,"timestamp":1611617692,"path_taken":["M","?","?","$","?","$","E","?","T","M","R","M","E","M","R","BOSS","M","?","$","M","M","R","M","E"],"items_purchased_type":["Card","Relic","Card"],"build_version":"2020-12-22","purchased_purges":1,"victory":false,"max_hp_per_floor":[66,66,66,66,66,66,66,66,66,66,66,66,66,66,66,71,71,71,71,71,71,71,71,72,72,72],"card_choices":[{"not_picked":["animator:UneriGinkaku","animator:KrulTepes"],"picked":"animator:Benimaru","floor":1},{"not_picked":["animator:YuiTsuruno","animator:Gillette"],"picked":"animator:Shuna","floor":5},{"not_picked":["animator:Viivi","animator:DolaCouronne"],"picked":"animator:SayakaMiki","floor":7},{"not_picked":["animator:DolaStephanie","animator:Gillette"],"picked":"animator:Jibril","floor":8},{"not_picked":["animator:Laby","animator:Raven"],"picked":"animator:Lu","floor":10},{"not_picked":["animator:DolaStephanie","animator:Shion"],"picked":"animator:Chung","floor":12},{"not_picked":["animator:Ara","animator:Shigure"],"picked":"animator:Sora","floor":13},{"not_picked":["animator:Azekura","animator:Tet"],"picked":"animator:Lu","floor":14},{"not_picked":["animator:FeridBathory","animator:Eve"],"picked":"animator:HigakiRinne","floor":16},{"not_picked":["animator:Ain","animator:Chung"],"picked":"animator:Lu","floor":18},{"not_picked":["animator:UneriGinkaku+1","animator:AcuraAkari"],"picked":"animator:Shichika","floor":21},{"not_picked":["animator:Ain","animator:Hakurou","animator:Shigure"],"picked":"SKIP","floor":22},{"not_picked":["animator:DolaRiku","animator:Shuna"],"picked":"animator:Laby","floor":24}],"player_experience":251646,"relics_obtained":[{"floor":7,"key":"Centennial Puzzle"},{"floor":8,"key":"Odd Mushroom"},{"floor":9,"key":"Omamori"},{"floor":13,"key":"Bag of Preparation"},{"floor":19,"key":"Nilry\u0027s Codex"}],"event_choices":[{"damage_healed":0,"gold_gain":0,"player_choice":"Success","damage_taken":7,"relics_obtained":["Anchor"],"max_hp_gain":0,"max_hp_loss":0,"event_name":"Scrap Ooze","floor":2,"gold_loss":0},{"damage_healed":0,"gold_gain":175,"player_choice":"AGREE","damage_taken":0,"max_hp_gain":0,"max_hp_loss":0,"event_name":"Liars Game","floor":3,"gold_loss":0,"cards_obtained":["Doubt"]},{"damage_healed":0,"gold_gain":0,"player_choice":"Fought Mushrooms","damage_taken":0,"max_hp_gain":0,"max_hp_loss":0,"event_name":"Mushrooms","floor":8,"gold_loss":0},{"damage_healed":0,"gold_gain":0,"player_choice":"Obtained Book","damage_taken":16,"max_hp_gain":0,"max_hp_loss":0,"event_name":"Cursed Tome","floor":19,"gold_loss":0}],"is_beta":false,"boss_relics":[{"not_picked":["animator:CursedBlade","Ectoplasm"],"picked":"animator:RacePiece"}],"items_purged_floors":[4],"is_endless":false,"potions_floor_spawned":[12,13,14],"killed_by":"Slavers","ascension_level":0}}