{"host":"sc0o2qwpf9j16a4i","time":1611606855,"event":{"mods":["AchievementEnabler","BaseMod","BetterRewards","Block Reminder","Colored Map","Colored Powertips","Custom Start","Highlight Path","Minty Spire (QoL Compilation)","Relic Stats"],"gold_per_floor":[112,125,144,216,236,264,264,298,346,4,31,31,57,77,77,175,175,187,112,112,4,4,4,20,39,39,65,65,65,84,113,113,213,213,225,236,236,286,298,330,380,406,451,451,48,48,77,91,91,91],"floor_reached":51,"language":"ENG","playtime":1341,"items_purged":[],"score":1236,"play_id":"4c3952a8-ad2a-4d92-b3a7-98b92333f44a","local_time":"20210125223415","daily_mods":["Cursed Run","Diverse","Lethality"],"is_ascension_mode":false,"campfire_choices":[{"data":"Eruption","floor":7.0,"key":"SMITH"},{"data":"Dagger Spray","floor":15.0,"key":"SMITH"},{"data":"Vigilance","floor":23.0,"key":"SMITH"},{"data":"Iron Wave","floor":32,"key":"SMITH"},{"floor":44,"key":"REST"},{"floor":46,"key":"REST"},{"data":"TalkToTheHand","floor":49,"key":"SMITH"}],"circlet_count":0,"master_deck":["Strike_P+1","Strike_P+1","Strike_P+1","Strike_P+1","Defend_P+1","Defend_P+1","Defend_P+1","Defend_P+1","Eruption+1","Vigilance+1","Wild Strike+1","CarveReality+1","Dagger Spray+1","Backflip+1","Omniscience+1","Iron Wave+1","Parasite","Carnage+1","LessonLearned+1","Flying Knee+1","Alpha+1","EmptyFist+1","Noxious Fumes+1","FearNoEvil+1","Injury","Sweeping Beam+1","Decay","BattleHymn+1","Ghostly+1","Ghostly+1","Ghostly+1","Ghostly+1","Ghostly+1","Echo Form+1","Injury","Envenom+1","Conserve Battery+1","Deflect+1","Terror+1","Dodge and Roll+1","Parasite","TalkToTheHand+1","Self Repair+1","True Grit+1","ThirdEye+1"],"relics":["Cursed Key","Darkstone Periapt","Du-Vu Doll","Toxic Egg 2","Frozen Egg 2","Lantern","TeardropLocket","Odd Mushroom","Bronze Scales","SlaversCollar","Gremlin Horn","InkBottle","Bag of Marbles","Enchiridion","Tiny Chest","Black Star","Prayer Wheel","Kunai","Orichalcum","Dead Branch","Omamori","Nunchaku","Singing Bowl","Strawberry","Ancient Tea Set"],"acts_visited":["Exordium","TheCity","TheBeyond"],"potions_floor_usage":[33,38,40,50,50,50],"damage_taken":[{"damage":0.0,"enemies":"Small Slimes","floor":1.0,"turns":2.0},{"damage":0.0,"enemies":"Cultist","floor":2.0,"turns":2.0},{"damage":9.0,"enemies":"Jaw Worm","floor":3.0,"turns":2.0},{"damage":14.0,"enemies":"3 Louse","floor":5.0,"turns":2.0},{"damage":0.0,"enemies":"Gremlin Nob","floor":6.0,"turns":2.0},{"damage":0.0,"enemies":"Lagavulin","floor":8.0,"turns":4.0},{"damage":0.0,"enemies":"The Mushroom Lair","floor":11.0,"turns":1.0},{"damage":0.0,"enemies":"Gremlin Nob","floor":13.0,"turns":1.0},{"damage":0.0,"enemies":"Exordium Thugs","floor":14.0,"turns":1.0},{"damage":0.0,"enemies":"Slime Boss","floor":16.0,"turns":2.0},{"damage":0.0,"enemies":"3 Byrds","floor":18.0,"turns":2.0},{"damage":0.0,"enemies":"2 Thieves","floor":24.0,"turns":1.0},{"damage":7.0,"enemies":"Centurion and Healer","floor":25.0,"turns":2.0},{"damage":14.0,"enemies":"Gremlin Leader","floor":27.0,"turns":4.0},{"damage":0,"enemies":"Cultist and Chosen","floor":30,"turns":6},{"damage":0,"enemies":"Book of Stabbing","floor":31,"turns":5},{"damage":0,"enemies":"Automaton","floor":33,"turns":7},{"damage":0,"enemies":"3 Darklings","floor":35,"turns":3},{"damage":0,"enemies":"3 Shapes","floor":36,"turns":3},{"damage":0,"enemies":"2 Orb Walkers","floor":38,"turns":4},{"damage":0,"enemies":"Jaw Worm Horde","floor":39,"turns":2},{"damage":16,"enemies":"Giant Head","floor":40,"turns":6},{"damage":0,"enemies":"Mind Bloom Boss Battle","floor":41,"turns":4},{"damage":0,"enemies":"Reptomancer","floor":47,"turns":8},{"damage":0,"enemies":"Writhing Mass","floor":48,"turns":6},{"damage":8,"enemies":"Time Eater","floor":50,"turns":4}],"seed_played":"-4496974029138453985","potions_obtained":[{"floor":1.0,"key":"Energy Potion"},{"floor":3.0,"key":"DuplicationPotion"},{"floor":16.0,"key":"SneckoOil"},{"floor":27.0,"key":"DistilledChaos"},{"floor":31,"key":"Dexterity Potion"},{"floor":36,"key":"SpeedPotion"},{"floor":41,"key":"Swift Potion"}],"is_trial":true,"path_per_floor":["M","M","M","?","M","E","R","E","T","$","?","?","E","M","R","B",null,"M","?","?","$","T","R","M","M","T","E","?","?","M","E","R","B",null,"M","M","?","?","M","E","?","T","T","R","$","R","E","M","R","B",null],"character_chosen":"WATCHER","items_purchased":["TeardropLocket","AttackPotion","Strength Potion","Noxious Fumes+1","FearNoEvil","Singing Bowl","TalkToTheHand","Self Repair+1","PowerPotion"],"campfire_rested":2,"item_purchase_floors":[10,10,10,21,21,45,45,45,45],"current_hp_per_floor":[72,72,63,63,49,49,49,49,55,55,55,55,55,55,55,61,84,84,84,84,84,90,90,90,83,89,75,59,48,48,48,48,54,54,54,54,51,51,51,35,35,41,41,57,57,57,66,66,66,58],"gold":91,"neow_bonus":"","is_daily":false,"chose_seed":false,"campfire_upgraded":5,"win_rate":0.0,"timestamp":1611606855,"path_taken":["M","M","?","?","M","E","R","E","T","$","?","?","E","M","R","BOSS","M","?","?","$","?","R","?","M","T","E","?","?","M","E","R","BOSS","M","M","?","?","M","E","?","?","T","R","?","R","E","M","R","BOSS"],"items_purchased_type":["Relic","Potion","Potion","Card","Card","Relic","Card","Card","Potion"],"build_version":"2020-12-22","purchased_purges":0,"victory":true,"max_hp_per_floor":[72,72,72,72,72,72,72,72,78,78,78,78,78,78,78,84,84,84,84,84,84,90,90,90,90,96,96,96,48,48,48,48,54,54,54,54,51,51,51,51,51,57,57,57,57,57,66,66,66,66],"relic_stats":{"Darkstone Periapt":36,"Gremlin Horn":[21,21],"Singing Bowl":2,"counters":[26,86],"Dead Branch":[25],"Orichalcum":[72],"Cursed Key":5,"Nunchaku":[2],"Bronze Scales":[174],"Tiny Chest":1,"Prayer Wheel":2,"Black Star":2,"Kunai":[6],"obtain_stats":[{"Darkstone Periapt":0,"Lantern":9,"Gremlin Horn":22,"Singing Bowl":45,"Enchiridion":28,"TeardropLocket":10,"Cursed Key":0,"Ancient Tea Set":47,"Nunchaku":43,"Strawberry":47,"Tiny Chest":31,"Prayer Wheel":38,"Kunai":40,"Toxic Egg 2":6,"InkBottle":26,"Dead Branch":41,"Omamori":42,"Frozen Egg 2":8,"Odd Mushroom":11,"Orichalcum":40,"Du-Vu Doll":0,"SlaversCollar":17,"Bronze Scales":13,"Bag of Marbles":27,"Black Star":34},{"Darkstone Periapt":0,"Lantern":6,"Gremlin Horn":11,"Singing Bowl":23,"Enchiridion":14,"TeardropLocket":6,"Cursed Key":0,"Ancient Tea Set":24,"Nunchaku":23,"Strawberry":24,"Tiny Chest":16,"Prayer Wheel":20,"Kunai":22,"Toxic Egg 2":5,"InkBottle":13,"Dead Branch":23,"Omamori":23,"Frozen Egg 2":6,"Odd Mushroom":7,"Orichalcum":22,"Du-Vu Doll":0,"SlaversCollar":10,"Bronze Scales":8,"Bag of Marbles":14,"Black Star":17},{"Darkstone Periapt":0,"Lantern":14,"Gremlin Horn":21,"Singing Bowl":68,"Enchiridion":28,"TeardropLocket":14,"Cursed Key":0,"Ancient Tea Set":76,"Nunchaku":68,"Strawberry":76,"Tiny Chest":39,"Prayer Wheel":56,"Kunai":64,"Toxic Egg 2":10,"InkBottle":24,"Dead Branch":68,"Omamori":68,"Frozen Egg 2":14,"Odd Mushroom":15,"Orichalcum":64,"Du-Vu Doll":0,"SlaversCollar":19,"Bronze Scales":16,"Bag of Marbles":28,"Black Star":46}],"InkBottle":[25]},"card_choices":[{"not_picked":["Aggregate","Clash"],"picked":"Wild Strike","floor":1.0},{"not_picked":["Searing Blow","Shrug It Off"],"picked":"CarveReality","floor":2.0},{"not_picked":["Blizzard","Bouncing Flask"],"picked":"Dagger Spray","floor":3.0},{"not_picked":["Study","Rupture"],"picked":"Backflip","floor":5.0},{"not_picked":["ForeignInfluence+1","Warcry+1"],"picked":"Omniscience+1","floor":6.0},{"not_picked":["Stack+1","Ball Lightning"],"picked":"Iron Wave","floor":8.0},{"not_picked":["Rebound","Iron Wave"],"picked":"Carnage","floor":11.0},{"not_picked":["Prostrate+1","PathToVictory+1"],"picked":"LessonLearned","floor":13.0},{"not_picked":["Thunderclap","Steam Power+1"],"picked":"Flying Knee","floor":14.0},{"not_picked":["Fiend Fire","Judgement+1"],"picked":"Alpha+1","floor":16.0},{"not_picked":["Catalyst+1","Redo+1"],"picked":"EmptyFist+1","floor":18.0},{"not_picked":["Prepared+1","Warcry+1"],"picked":"Sweeping Beam+1","floor":24.0},{"not_picked":["EmptyFist+1","Heavy Blade","Clothesline"],"picked":"SKIP","floor":25.0},{"not_picked":["FlyingSleeves","Metallicize+1"],"picked":"BattleHymn+1","floor":27.0},{"not_picked":["Cleave","Pray+1","Distraction+1"],"picked":"SKIP","floor":30},{"not_picked":["Flex+1","Dagger Spray"],"picked":"Echo Form+1","floor":31},{"not_picked":["Core Surge","Phantasmal Killer+1"],"picked":"Envenom+1","floor":33},{"not_picked":["Blood for Blood","Warcry+1","Barrage"],"picked":"SKIP","floor":35},{"not_picked":["Sucker Punch+1","Clothesline"],"picked":"Conserve Battery+1","floor":36},{"not_picked":["Deadly Poison+1","Acrobatics+1"],"picked":"Deflect+1","floor":39},{"not_picked":["After Image+1","Halt+1"],"picked":"Terror+1","floor":39},{"not_picked":["Acrobatics+1","CutThroughFate","Steam+1"],"picked":"SKIP","floor":40},{"not_picked":["Carnage+1","CutThroughFate+1"],"picked":"Dodge and Roll+1","floor":41},{"not_picked":["Indignation+1","Core Surge","Clash"],"picked":"Singing Bowl","floor":47},{"not_picked":["Barrage","TalkToTheHand+1"],"picked":"True Grit+1","floor":48},{"not_picked":["Dagger Spray+1","Blade Dance+1"],"picked":"ThirdEye+1","floor":48}],"player_experience":968845,"relics_obtained":[{"floor":6.0,"key":"Toxic Egg 2"},{"floor":8.0,"key":"Frozen Egg 2"},{"floor":9.0,"key":"Lantern"},{"floor":11.0,"key":"Odd Mushroom"},{"floor":13.0,"key":"Bronze Scales"},{"floor":22.0,"key":"Gremlin Horn"},{"floor":26.0,"key":"InkBottle"},{"floor":27.0,"key":"Bag of Marbles"},{"floor":28.0,"key":"Enchiridion"},{"floor":31,"key":"Tiny Chest"},{"floor":38,"key":"Prayer Wheel"},{"floor":40,"key":"Kunai"},{"floor":40,"key":"Orichalcum"},{"floor":41,"key":"Dead Branch"},{"floor":42,"key":"Omamori"},{"floor":43,"key":"Nunchaku"},{"floor":47,"key":"Strawberry"},{"floor":47,"key":"Ancient Tea Set"}],"event_choices":[{"damage_healed":0.0,"max_hp_gain":0.0,"max_hp_loss":0.0,"gold_gain":72.0,"event_name":"Golden Wing","player_choice":"Gained Gold","floor":4.0,"gold_loss":0.0,"damage_taken":0.0},{"damage_healed":0.0,"max_hp_gain":0.0,"max_hp_loss":0.0,"gold_gain":0.0,"event_name":"Mushrooms","player_choice":"Fought Mushrooms","floor":11.0,"gold_loss":0.0,"damage_taken":0.0},{"damage_healed":0.0,"max_hp_gain":0.0,"max_hp_loss":0.0,"gold_gain":0.0,"event_name":"Living Wall","player_choice":"Grow","floor":12.0,"gold_loss":0.0,"damage_taken":0.0,"cards_upgraded":["Carnage"]},{"cards_removed":["Normality"],"damage_healed":0.0,"max_hp_gain":0.0,"max_hp_loss":0.0,"gold_gain":0.0,"event_name":"Beggar","player_choice":"Gave Gold","floor":19.0,"gold_loss":75.0,"damage_taken":0.0},{"damage_healed":0.0,"max_hp_gain":0.0,"max_hp_loss":0.0,"gold_gain":0.0,"event_name":"Back to Basics","player_choice":"Simplicity","floor":20.0,"gold_loss":0.0,"damage_taken":0.0,"cards_upgraded":["Strike_P","Strike_P","Strike_P","Defend_P","Defend_P","Defend_P","Defend_P"]},{"damage_healed":0.0,"max_hp_gain":0.0,"max_hp_loss":0.0,"gold_gain":0.0,"event_name":"Cursed Tome","player_choice":"Obtained Book","floor":28.0,"gold_loss":0.0,"damage_taken":16.0},{"damage_healed":0,"gold_gain":0,"player_choice":"Became a Ghost","damage_taken":0,"max_hp_gain":0,"max_hp_loss":48,"event_name":"Ghosts","floor":29,"gold_loss":0,"cards_obtained":["Ghostly","Ghostly","Ghostly","Ghostly","Ghostly"]},{"damage_healed":0,"gold_gain":0,"player_choice":"Max HP","damage_taken":0,"max_hp_gain":0,"max_hp_loss":3,"event_name":"Winding Halls","floor":37,"gold_loss":0},{"damage_healed":0,"gold_gain":0,"player_choice":"Fight","damage_taken":0,"max_hp_gain":0,"max_hp_loss":0,"event_name":"Mysterious Sphere","floor":38,"gold_loss":0},{"damage_healed":0,"gold_gain":0,"player_choice":"Fight","damage_taken":0,"max_hp_gain":0,"max_hp_loss":0,"event_name":"MindBloom","floor":41,"gold_loss":0}],"is_beta":false,"boss_relics":[{"not_picked":["Sozu","Calling Bell"],"picked":"SlaversCollar"},{"not_picked":["SacredBark","Busted Crown"],"picked":"Black Star"}],"items_purged_floors":[],"is_endless":false,"potions_floor_spawned":[1,3,13,16,27,31,36,41,47,48],"ascension_level":0}}