{"host":"qy7jow5usmjkdnnq","time":1611616513,"event":{"mods":["BaseMod","Colored Map","Downfall","Minty Spire (QoL Compilation)","Permanent Neow","Relic Stats","StSLib"],"gold_per_floor":[99,117,134,134,234,261,261,272,304,304,9,9,21,21,36,139,139,39,55,72,86,86,112,112,112,131,41,41,70,80,65,77,178,178,78,89,107,161,406,456,479,146,46,56,56,67,92,92,103,103,103,138,13,13,13,13],"floor_reached":57,"language":"ENG","playtime":7625,"items_purged":["bronze:Defend","bronze:Strike","bronze:Strike"],"score":1552,"play_id":"46551fc2-dbea-490e-a5a8-c84249fea951","local_time":"20210126001513","is_ascension_mode":true,"campfire_choices":[{"data":"bronze:Goto","floor":1.0,"key":"SMITH"},{"floor":10.0,"key":"RECALL"},{"data":"bronze:Replicate","floor":12.0,"key":"SMITH"},{"data":"bronze:Constructor","floor":18.0,"key":"SMITH"},{"data":"bronze:Mutator","floor":25.0,"key":"SMITH"},{"data":"bronze:AlphaBuild","floor":28.0,"key":"SMITH"},{"data":"bronze:Separator","floor":35.0,"key":"SMITH"},{"data":"bronze:Shell","floor":43.0,"key":"SMITH"},{"data":"bronze:ClassDefault","floor":45.0,"key":"SMITH"},{"data":"bronze:Terminator","floor":54.0,"key":"SMITH"}],"circlet_count":0,"master_deck":["bronze:Strike+1","bronze:Defend+1","bronze:Defend+1","bronze:Replicate+1","bronze:Goto+1","bronze:BitShift","bronze:DelayedGuard","bronze:Constructor+1","bronze:InfiniteBeams","bronze:BitShift+1","bronze:Separator+1","bronze:Terminator+1","bronze:ClassDefault","bronze:Format+1","bronze:AlphaBuild+1","bronze:ForceShield+1","bronze:Deprecate+1","bronze:BitShift+1","bronze:Mutator+1","bronze:ClassDefault+1","bronze:BuggyMess+1","bronze:Shell+1","bronze:Terminator+1","bronze:FineTuning+1"],"relics":["bronze:BronzeCore","Gambling Chip","Prayer Wheel","Letter Opener","HornCleat","champ:Barbells","bronze:BottledCode","sneckomod:SneckoTalon","downfall:HeartBlessingRed","Nunchaku","Bird Faced Urn","Pear","Black Star","downfall:HeartBlessingGreen","Lizard Tail","Turnip","downfall:HeartBlessingBlue","Lantern","Gremlin Horn","Kunai","Bottled Tornado"],"acts_visited":["Exordium","TheCity","TheBeyond","TheEnding"],"potions_floor_usage":[56],"damage_taken":[{"damage":7.0,"enemies":"Small Slimes","floor":2.0,"turns":3.0},{"damage":4.0,"enemies":"Jaw Worm","floor":3.0,"turns":3.0},{"damage":6.0,"enemies":"3 Sentries","floor":6.0,"turns":9.0},{"damage":0.0,"enemies":"Cultist","floor":8.0,"turns":3.0},{"damage":7.0,"enemies":"Gremlin Nob","floor":9.0,"turns":4.0},{"damage":0.0,"enemies":"downfall:FleeingMerchant","floor":11.0,"turns":4.0},{"damage":4.0,"enemies":"Red Slaver","floor":13.0,"turns":3.0},{"damage":0.0,"enemies":"2 Fungi Beasts","floor":15.0,"turns":2.0},{"damage":17.0,"enemies":"WA_ARCHETYPE_RETAIN","floor":16.0,"turns":9.0},{"damage":0.0,"enemies":"Chosen","floor":19.0,"turns":3.0},{"damage":10.0,"enemies":"Snecko","floor":20.0,"turns":7.0},{"damage":0.0,"enemies":"Sentry and Sphere","floor":21.0,"turns":5.0},{"damage":0.0,"enemies":"Gremlin Leader","floor":23.0,"turns":9.0},{"damage":0.0,"enemies":"3 Cultists","floor":26.0,"turns":6.0},{"damage":0.0,"enemies":"downfall:FleeingMerchant","floor":27.0,"turns":4.0},{"damage":8.0,"enemies":"Slavers","floor":29.0,"turns":7.0},{"damage":0.0,"enemies":"Chosen and Byrds","floor":30.0,"turns":5.0},{"damage":0.0,"enemies":"downfall:FleeingMerchant","floor":31.0,"turns":4.0},{"damage":0.0,"enemies":"Snake Plant","floor":32.0,"turns":4.0},{"damage":0.0,"enemies":"SI_MIRROR_ARCHETYPE","floor":33.0,"turns":10.0},{"damage":6.0,"enemies":"3 Shapes","floor":36.0,"turns":6.0},{"damage":0.0,"enemies":"3 Darklings","floor":37.0,"turns":8.0},{"damage":5.0,"enemies":"2 Orb Walkers","floor":38.0,"turns":7.0},{"damage":0.0,"enemies":"downfall:FleeingMerchant","floor":39.0,"turns":3.0},{"damage":33.0,"enemies":"downfall:FleeingMerchant","floor":40.0,"turns":8.0},{"damage":0.0,"enemies":"4 Shapes","floor":44.0,"turns":5.0},{"damage":0.0,"enemies":"Writhing Mass","floor":46.0,"turns":9.0},{"damage":15.0,"enemies":"Reptomancer","floor":47.0,"turns":9.0},{"damage":6.0,"enemies":"Spire Growth","floor":49.0,"turns":5.0},{"damage":32.0,"enemies":"DF_ARCHETYPE_ORBS","floor":50.0,"turns":17.0},{"damage":4.0,"enemies":"downfall:CharBossMerchant","floor":52.0,"turns":11.0},{"damage":0.0,"enemies":"downfall:NeowBoss","floor":55.0,"turns":14.0},{"damage":89,"enemies":"downfall:NeowBossFinal","floor":56,"turns":17}],"seed_played":"404762746971347873","potions_obtained":[{"floor":6.0,"key":"SpeedPotion"},{"floor":13.0,"key":"ColorlessPotion"},{"floor":22.0,"key":"Energy Potion"},{"floor":23.0,"key":"Explosive Potion"},{"floor":30.0,"key":"Explosive Potion"},{"floor":32.0,"key":"bronze:BurnAndBuffPotion"},{"floor":33.0,"key":"sneckomod:MuddlingPotion"},{"floor":36.0,"key":"Swift Potion"},{"floor":40.0,"key":"Strength Potion"},{"floor":46.0,"key":"Explosive Potion"},{"floor":47.0,"key":"bronze:CleanCodePotion"},{"floor":52.0,"key":"sneckomod:MuddlingPotion"}],"is_trial":false,"path_per_floor":["R","M","M","?","?","E","T","M","E","R","$","R","M","?","M","B",null,"R","M","M","M","?","E","T","R","M","$","R","E","M","$","M","B",null,"R","M","M","?","?","?","T","?","R","M","R","M","E","?","M","B",null,"E","$","R","B","B",null],"character_chosen":"THE_AUTOMATON","items_purchased":["bronze:Separator","bronze:Terminator","champ:Barbells"],"campfire_rested":0,"item_purchase_floors":[11,11,11],"current_hp_per_floor":[63,56,52,52,52,46,46,46,39,39,39,39,35,35,35,18,44,44,44,34,34,34,34,34,34,46,50,50,63,63,63,63,63,63,63,57,63,63,63,32,32,71,81,81,81,81,81,81,81,79,81,81,81,81,81,14],"gold":13,"neow_bonus":"REMOVE_TWO","is_daily":false,"chose_seed":false,"campfire_upgraded":9,"win_rate":0.0,"timestamp":1611616513,"path_taken":["R","M","M","?","?","E","T","M","E","R","$","R","?","?","M","BOSS","R","M","M","M","?","E","T","R","M","$","R","E","?","?","M","BOSS","R","M","M","?","?","?","T","?","R","M","R","M","E","?","M","BOSS","E","$","R","BOSS","BOSS"],"items_purchased_type":["Card","Card","Relic"],"build_version":"2020-12-22","purchased_purges":3,"victory":true,"max_hp_per_floor":[63,63,63,63,63,63,63,63,63,63,63,63,63,53,53,53,53,53,53,53,53,53,53,53,53,53,53,53,63,63,63,63,63,63,63,63,63,63,63,63,63,71,81,81,81,81,81,81,81,81,81,81,81,81,81,81],"relic_stats":{"Nunchaku":[43],"Lizard Tail":0,"Gremlin Horn":[5,5],"counters":[33,223],"Gambling Chip":[77],"Bird Faced Urn":[117],"Prayer Wheel":14,"Turnip":[8],"Black Star":2,"Letter Opener":[429],"Kunai":[28],"obtain_stats":[{"champ:Barbells":11,"Lantern":47,"bronze:BronzeCore":0,"Pear":29,"downfall:HeartBlessingRed":18,"Gremlin Horn":47,"downfall:HeartBlessingGreen":35,"Letter Opener":7,"Bottled Tornado":52,"sneckomod:SneckoTalon":17,"bronze:BottledCode":14,"Nunchaku":23,"Lizard Tail":38,"HornCleat":9,"downfall:HeartBlessingBlue":43,"Gambling Chip":4,"Bird Faced Urn":24,"Prayer Wheel":6,"Turnip":40,"Black Star":34,"Kunai":52},{"champ:Barbells":6,"Lantern":28,"bronze:BronzeCore":0,"Pear":16,"downfall:HeartBlessingRed":9,"Gremlin Horn":28,"downfall:HeartBlessingGreen":20,"Letter Opener":3,"Bottled Tornado":31,"sneckomod:SneckoTalon":9,"bronze:BottledCode":7,"Nunchaku":13,"Lizard Tail":23,"HornCleat":5,"downfall:HeartBlessingBlue":25,"Gambling Chip":2,"Bird Faced Urn":13,"Prayer Wheel":3,"Turnip":25,"Black Star":20,"Kunai":31},{"champ:Barbells":26,"Lantern":159,"bronze:BronzeCore":0,"Pear":81,"downfall:HeartBlessingRed":40,"Gremlin Horn":159,"downfall:HeartBlessingGreen":104,"Letter Opener":15,"Bottled Tornado":192,"sneckomod:SneckoTalon":40,"bronze:BottledCode":29,"Nunchaku":64,"Lizard Tail":125,"HornCleat":22,"downfall:HeartBlessingBlue":136,"Gambling Chip":6,"Bird Faced Urn":64,"Prayer Wheel":15,"Turnip":136,"Black Star":104,"Kunai":192}]},"card_choices":[{"not_picked":["bronze:Shell","bronze:WildBeam"],"picked":"bronze:BitShift","floor":2.0},{"not_picked":["bronze:DelayedSlice","bronze:Branch"],"picked":"bronze:DelayedGuard","floor":3.0},{"not_picked":["bronze:WhirlingStrike","bronze:Safeguard"],"picked":"bronze:Constructor","floor":6.0},{"not_picked":["bronze:FineTuning","bronze:Iterate"],"picked":"bronze:InfiniteBeams","floor":8.0},{"not_picked":["bronze:CutThrough","bronze:Shield","bronze:Fortify"],"picked":"SKIP","floor":8.0},{"not_picked":["bronze:WhirlingStrike","bronze:BronzeOrb","bronze:CutThrough"],"picked":"SKIP","floor":9.0},{"not_picked":["bronze:Invalidate","bronze:Shell"],"picked":"bronze:BitShift","floor":11.0},{"not_picked":["bronze:BuggyMess","bronze:Repulsor"],"picked":"bronze:ClassDefault","floor":13.0},{"not_picked":["bronze:DelayedGuard","bronze:BurnOut","bronze:Refactor"],"picked":"SKIP","floor":13.0},{"not_picked":["bronze:Turbo","bronze:Branch"],"picked":"bronze:Format","floor":15.0},{"not_picked":["bronze:Refactor","bronze:BuggyMess","bronze:BitShift"],"picked":"SKIP","floor":15.0},{"not_picked":["bronze:Assembly","bronze:Verify"],"picked":"bronze:AlphaBuild","floor":16.0},{"not_picked":["bronze:FineTuning","bronze:Invalidate+1"],"picked":"bronze:ForceShield+1","floor":19.0},{"not_picked":["bronze:Turbo","bronze:Branch"],"picked":"bronze:Deprecate+1","floor":19.0},{"not_picked":["bronze:BugBarrage","bronze:FineTuning"],"picked":"bronze:BitShift+1","floor":20.0},{"not_picked":["bronze:Shield","bronze:DelayedGuard+1","bronze:Fortify+1"],"picked":"SKIP","floor":20.0},{"not_picked":["bronze:BitShift","bronze:CutThrough"],"picked":"bronze:Mutator","floor":21.0},{"not_picked":["bronze:Terminator+1","bronze:CutThrough+1","bronze:Refactor"],"picked":"SKIP","floor":21.0},{"not_picked":["bronze:ShipIt","bronze:Deprecate"],"picked":"bronze:ClassDefault","floor":23.0},{"not_picked":["bronze:FollowUp","bronze:Constructor","bronze:BuggyMess"],"picked":"SKIP","floor":26.0},{"not_picked":["bronze:Frontload","bronze:Separator","bronze:Constructor"],"picked":"SKIP","floor":26.0},{"not_picked":["bronze:CleanCode","bronze:Iterate","bronze:Branch"],"picked":"SKIP","floor":27.0},{"not_picked":["bronze:DelayedGuard","bronze:Repulsor","bronze:Refactor"],"picked":"SKIP","floor":29.0},{"not_picked":["bronze:ChosenStrike","bronze:Overheat","bronze:Frontload"],"picked":"SKIP","floor":30.0},{"not_picked":["bronze:Frontload+1","bronze:Boost","bronze:Safeguard+1"],"picked":"SKIP","floor":30.0},{"not_picked":["bronze:WhirlingStrike","bronze:Allocate+1","bronze:Separator"],"picked":"SKIP","floor":31.0},{"not_picked":["bronze:Invalidate","bronze:CloningBeam"],"picked":"bronze:BuggyMess+1","floor":32.0},{"not_picked":["bronze:CutThrough","bronze:NullPointer+1","bronze:Iterate"],"picked":"SKIP","floor":32.0},{"not_picked":["bronze:Invalidate+1","bronze:DelayedSlice","bronze:BuggyMess+1"],"picked":"SKIP","floor":36.0},{"not_picked":["bronze:DigitalCarnage+1","bronze:InfiniteBeams","bronze:Philosophize+1"],"picked":"SKIP","floor":36.0},{"not_picked":["bronze:Invalidate+1","bronze:DelayedGuard+1"],"picked":"bronze:Shell","floor":37.0},{"not_picked":["bronze:DelayedSlice","bronze:Return","bronze:FineTuning+1"],"picked":"SKIP","floor":37.0},{"not_picked":["bronze:WhirlingStrike","bronze:ChildClass","bronze:Repulsor+1"],"picked":"SKIP","floor":39.0},{"not_picked":["bronze:WildBeam+1","bronze:ShipIt","bronze:DelayedSlice+1"],"picked":"SKIP","floor":44.0},{"not_picked":["bronze:Turbo","bronze:Overheat+1","bronze:Deprecate+1"],"picked":"SKIP","floor":44.0},{"not_picked":["bronze:BugBarrage","bronze:BitShift"],"picked":"bronze:Terminator+1","floor":46.0},{"not_picked":["bronze:CleanCode","bronze:Deprecate","bronze:Shield"],"picked":"SKIP","floor":46.0},{"not_picked":["bronze:Invalidate","bronze:WhirlingStrike+1","bronze:DarkDash"],"picked":"SKIP","floor":47.0},{"not_picked":["bronze:Return+1","bronze:Separator"],"picked":"bronze:FineTuning+1","floor":49.0},{"not_picked":["bronze:Fortify","bronze:WhirlingStrike+1","bronze:Deprecate+1"],"picked":"SKIP","floor":49.0},{"not_picked":["bronze:InfiniteBeams","bronze:Frontload+1","bronze:Separator"],"picked":"SKIP","floor":52.0}],"player_experience":659077,"relics_obtained":[{"floor":6.0,"key":"Prayer Wheel"},{"floor":7.0,"key":"Letter Opener"},{"floor":9.0,"key":"HornCleat"},{"floor":23.0,"key":"Nunchaku"},{"floor":24.0,"key":"Bird Faced Urn"},{"floor":29.0,"key":"Pear"},{"floor":38.0,"key":"Lizard Tail"},{"floor":40.0,"key":"Turnip"},{"floor":47.0,"key":"Lantern"},{"floor":47.0,"key":"Gremlin Horn"},{"floor":52.0,"key":"Kunai"},{"floor":52.0,"key":"Bottled Tornado"}],"event_choices":[{"damage_healed":0.0,"max_hp_gain":0.0,"max_hp_loss":0.0,"gold_gain":0.0,"event_name":"Lab","player_choice":"Got Potions","floor":22.0,"gold_loss":0.0,"damage_taken":0.0},{"damage_healed":0.0,"max_hp_gain":0.0,"max_hp_loss":0.0,"gold_gain":0.0,"event_name":"Mysterious Sphere","player_choice":"Fight","floor":38.0,"gold_loss":0.0,"damage_taken":0.0}],"is_beta":false,"boss_relics":[{"not_picked":["bronze:MakeshiftBattery","bronze:PlatinumCore"],"picked":"sneckomod:SneckoTalon"},{"not_picked":["Astrolabe","bronze:ElectromagneticCoil"],"picked":"Black Star"}],"items_purged_floors":[27,39,53],"is_endless":false,"potions_floor_spawned":[6,13,23,30,32,33,36,40,46,47,49,52],"ascension_level":6}}