{"host":"9xv6exvwmlpefxuw","time":1611567512,"event":{"mods":["ATMod(阿瑾Mod)","AchievementEnabler","Act Like it!","Aspiration","BaseMod","Chen","Colored Powertips","Conspire","Downfall","Friendly Minions","Gensokyo","GifTheSpireLib","KinomotoSakuraMod(木之本樱)","Koishi","KomeijiMod","Lobotomy","LobotomyExtend","Marisa（F雨　魔理沙）","Minty Spire (QoL Compilation)","MostiFishMod","Pale of the Ancients","Rare Cards Sparkle","Reimu（博丽灵梦）","Remilia_Scarlet Moed（蕾米莉亚・斯卡雷特）3.3.5","Remilia（蕾米莉亚）","RumiaBox-露米娅的神秘盒子","StSLib","The Administrix","The Mystic","The Servant 0.9.4","WarShipGirlsR/战舰少女R mod","Yakumo Yukari mod","Youmu（魂魄妖梦）","Yuyuko","[IsaacMod]以撒尖塔","[功能]功能增强和修复MOD","【功能Mod】混沌之环修复补丁","【功能Mod】聪明的最终Boss","【遗物卡牌】REMEMod"],"gold_per_floor":[113,131,131,48,72,107,128,128,154,154,189,183,183,199,199,322,322,339,339,356,382,402,432,444,463,488,488,488],"floor_reached":27,"language":"ZHS","playtime":2818,"items_purged":["Injury"],"score":347,"play_id":"f34b9a07-c0c4-4620-84d3-a3024d2d8364","local_time":"20210125173832","is_ascension_mode":false,"campfire_choices":[{"data":"EpicFetus","floor":8,"key":"SMITH"},{"data":"Dagger Spray","floor":13,"key":"SMITH"},{"data":"Quick Slash","floor":15,"key":"SMITH"}],"circlet_count":0,"master_deck":["Strike_G","Strike_G","Strike_G","Strike_G","Strike_G","Defend_G","Defend_G","Defend_G","Defend_G","Defend_G","Survivor","Neutralize","EpicFetus+1","Slice","Deflect","Flying Knee","Dagger Spray+1","Dazed","MostiFishMod:InvigoratingSolution","Deflect","Quick Slash+1","MostiFishMod:AdrenalineArouse","CurseOfTheBell","Bouncing Flask+1","Finisher","REME_SpectralBlade","Poisoned Stab","Quick Slash+1"],"relics":["HushsDoor","D4","Ring of the Snake","Cracked Core","AT_RabadonDeathcap","Calipers","Void","Tough Bandages","BloodDonationMachine","SentryEyes","Pocketwatch","AT_SilvercatRing","CrazyTorch:ReiMu","Ccalipers","aspiration:HiddenCompartment","Boot","SacredBark","HandDrill","NitorisBag","Toy Ornithopter"],"acts_visited":["Exordium","TheCity"],"potions_floor_usage":[],"damage_taken":[{"damage":0,"enemies":"2 Louse","floor":1,"turns":3},{"damage":0,"enemies":"Small Slimes","floor":2,"turns":4},{"damage":0,"enemies":"Cultist","floor":5,"turns":3},{"damage":0,"enemies":"Lagavulin","floor":6,"turns":4},{"damage":0,"enemies":"3 Louse","floor":7,"turns":2},{"damage":2,"enemies":"3 Sentries","floor":11,"turns":5},{"damage":0,"enemies":"Exordium Wildlife","floor":12,"turns":3},{"damage":0,"enemies":"Blue Slaver","floor":14,"turns":2},{"damage":1,"enemies":"Slime Boss","floor":16,"turns":8},{"damage":0,"enemies":"3 Byrds","floor":18,"turns":3},{"damage":2,"enemies":"Chosen","floor":20,"turns":4},{"damage":6,"enemies":"Masked Bandits","floor":21,"turns":3},{"damage":2,"enemies":"Centurion and Healer","floor":22,"turns":4},{"damage":44,"enemies":"Book of Stabbing","floor":23,"turns":5},{"damage":4,"enemies":"3 Cultists","floor":24,"turns":3},{"damage":5,"enemies":"Snecko","floor":25,"turns":3},{"damage":30,"enemies":"conspire:MimicChest","floor":27,"turns":4}],"seed_played":"-6347541321085138777","potions_obtained":[{"floor":1,"key":"Swift Potion"},{"floor":1,"key":"ZuzhouPotion:ReiMu"},{"floor":11,"key":"FearPotion"},{"floor":21,"key":"SneckoOil"}],"is_trial":false,"path_per_floor":["M","M","?","$","M","E","M","R","T","?","E","M","R","M","R","B",null,"M","?","M","?","M","E","M","M","T","?"],"character_chosen":"THE_SILENT","items_purchased":["SynthV"],"campfire_rested":0,"item_purchase_floors":[4],"current_hp_per_floor":[70,70,70,70,70,70,70,70,70,70,68,68,68,68,68,67,70,70,70,70,70,70,32,34,29,29,0,0],"gold":488,"neow_bonus":"NOSTALGIA","is_daily":false,"chose_seed":false,"campfire_upgraded":3,"win_rate":0.0,"timestamp":1611567512,"path_taken":["M","M","?","$","M","E","M","R","T","?","E","M","R","M","R","BOSS","M","?","M","?","M","E","?","M","T","?"],"items_purchased_type":["Relic"],"build_version":"2020-12-22","purchased_purges":1,"victory":false,"max_hp_per_floor":[70,70,70,70,70,70,70,70,70,70,70,70,70,70,70,70,70,70,70,70,70,70,70,70,70,70,70,70],"card_choices":[{"not_picked":[],"picked":"EpicFetus","floor":0},{"not_picked":["Underhanded Strike","AT_WindFlip"],"picked":"Slice","floor":1},{"not_picked":["All Out Attack","AT_FocusSwordFire","Blade Dance","Reflex"],"picked":"Deflect","floor":2},{"not_picked":["Eviscerate","conspire:DoublingDagger","Outmaneuver","Sucker Punch"],"picked":"Flying Knee","floor":5},{"not_picked":["REME_GreenPollution","Distraction","Terror","PiercingWail","AT_ShadowStep"],"picked":"SKIP","floor":6},{"not_picked":["Die Die Die","Flying Knee","Sucker Punch","Dagger Throw"],"picked":"Dagger Spray","floor":7},{"not_picked":["Blur","Masterful Stab","Finisher","Sucker Punch"],"picked":"MostiFishMod:InvigoratingSolution","floor":11},{"not_picked":["MostiFishMod:HiddenBlade","AT_FocusSwordFire","REME_ShadowStrike","AT_WindRun"],"picked":"Deflect","floor":12},{"not_picked":["PiercingWail","Riddle With Holes","Bomb","Eviscerate"],"picked":"Quick Slash","floor":14},{"not_picked":["Wraith Form v2","MostiFishMod:LethalBlade","AT_EssenceShift","MostiFishMod:Confrontation"],"picked":"MostiFishMod:AdrenalineArouse","floor":16},{"not_picked":["MostiFishMod:PerfectParry","REME_GrazeFinale"],"picked":"Bouncing Flask+1","floor":18},{"not_picked":["Dagger Throw","Eviscerate","AT_WindFlip"],"picked":"SKIP","floor":20},{"not_picked":["Acrobatics+1","AT_WindFlip"],"picked":"Finisher","floor":21},{"not_picked":["Underhanded Strike+1","Sucker Punch"],"picked":"REME_SpectralBlade","floor":22},{"not_picked":["AT_WindFlip","Eviscerate"],"picked":"Poisoned Stab","floor":23},{"not_picked":["Dodge and Roll","Outmaneuver","Bane"],"picked":"SKIP","floor":24},{"not_picked":["Bane","Sucker Punch+1"],"picked":"Quick Slash+1","floor":25}],"player_experience":148740,"relics_obtained":[{"floor":1,"key":"SynthV:TestCard"},{"floor":6,"key":"REME_PuzzleBoxRelic"},{"floor":11,"key":"BookOfRevelations"},{"floor":17,"key":"D4"},{"floor":17,"key":"Potion Belt"},{"floor":17,"key":"Meat on the Bone"},{"floor":21,"key":"Red Mask"},{"floor":23,"key":"AT_TimeSand"},{"floor":26,"key":"Toy Ornithopter"}],"event_choices":[{"damage_healed":0,"gold_gain":0,"player_choice":"Take Wound","damage_taken":0,"relics_obtained":["Golden Idol"],"max_hp_gain":0,"max_hp_loss":0,"event_name":"Golden Idol","floor":3,"gold_loss":0,"cards_obtained":["Injury"]},{"damage_healed":0,"gold_gain":0,"player_choice":"Fought Bandits","damage_taken":0,"max_hp_gain":0,"max_hp_loss":0,"event_name":"Masked Bandits","floor":21,"gold_loss":0}],"is_beta":false,"boss_relics":[{"not_picked":["BloodWine","ChiXiaoBlade"],"picked":"Calling Bell"},{"not_picked":[]}],"items_purged_floors":[4],"is_endless":false,"potions_floor_spawned":[1,1,6,11,14,16,20,21,23,25,25],"killed_by":"conspire:MimicChest","ascension_level":0}}