{"host":"pq8o62wp0h1hflf3","time":1611601483,"event":{"mods":["BaseMod","Minty Spire (QoL Compilation)","Relic Stats","ojb\u0027s Info Mod"],"gold_per_floor":[118,132,57,57,67,67,97,109,109,109,109,125,125,135,135,206,206,218,163,181,181,181],"floor_reached":21,"language":"ENG","playtime":1331,"items_purged":["Strike_B"],"score":362,"play_id":"773a2a34-d61f-4c80-a989-e95617943169","local_time":"20210125140443","is_ascension_mode":true,"campfire_choices":[{"data":"Zap","floor":6,"key":"SMITH"},{"floor":11,"key":"REST"},{"data":"Cold Snap","floor":13,"key":"SMITH"},{"floor":15,"key":"REST"}],"circlet_count":0,"master_deck":["AscendersBane","Zap+1","Dualcast","Machine Learning","Genetic Algorithm","Sunder+1","Turbo","Conserve Battery","Cold Snap+1","Melter","Leap","Cold Snap","Echo Form","Skim","Multi-Cast","Rip and Tear","Capacitor","Sweeping Beam","Lockon"],"relics":["Cracked Core","MealTicket","StrikeDummy","Pandora\u0027s Box"],"acts_visited":["Exordium","TheCity"],"potions_floor_usage":[12,16,16],"damage_taken":[{"damage":2,"enemies":"2 Louse","floor":1,"turns":2},{"damage":1,"enemies":"Cultist","floor":2,"turns":3},{"damage":2,"enemies":"Jaw Worm","floor":5,"turns":4},{"damage":31,"enemies":"Gremlin Nob","floor":7,"turns":4},{"damage":22,"enemies":"Gremlin Gang","floor":8,"turns":4},{"damage":0,"enemies":"Looter","floor":12,"turns":1},{"damage":1,"enemies":"Blue Slaver","floor":14,"turns":3},{"damage":6,"enemies":"Slime Boss","floor":16,"turns":9},{"damage":24,"enemies":"Chosen","floor":18,"turns":7},{"damage":50,"enemies":"3 Byrds","floor":20,"turns":5},{"damage":0,"enemies":"Centurion and Healer","floor":21,"turns":2}],"seed_played":"4583363903730010298","potions_obtained":[{"floor":1,"key":"Energy Potion"},{"floor":12,"key":"DistilledChaos"},{"floor":14,"key":"Swift Potion"},{"floor":16,"key":"DuplicationPotion"}],"is_trial":false,"path_per_floor":["M","M","$","?","M","R","E","M","T","?","R","M","R","M","R","B",null,"M","$","M","M"],"character_chosen":"DEFECT","items_purchased":["FocusPotion"],"campfire_rested":2,"item_purchase_floors":[19],"current_hp_per_floor":[62,61,61,61,59,59,28,6,6,6,27,27,27,26,47,41,64,40,55,5,5,5],"gold":181,"neow_bonus":"ONE_RANDOM_RARE_CARD","is_daily":false,"chose_seed":false,"campfire_upgraded":2,"win_rate":0.0,"timestamp":1611601483,"path_taken":["M","M","$","?","M","R","E","?","T","?","R","?","R","M","R","BOSS","M","$","M","?"],"items_purchased_type":["Potion"],"build_version":"2020-12-22","purchased_purges":1,"victory":false,"max_hp_per_floor":[71,71,71,71,71,71,71,71,71,71,71,71,71,71,71,71,71,71,71,71,71,71],"relic_stats":{"counters":[11,44],"MealTicket":15,"Pandora\u0027s Box":["Skim","Multi-Cast","Rip and Tear","Capacitor","Sweeping Beam","Lockon"],"obtain_stats":[{"MealTicket":7,"Pandora\u0027s Box":17,"Cracked Core":0,"StrikeDummy":9},{"MealTicket":4,"Pandora\u0027s Box":8,"Cracked Core":0,"StrikeDummy":5},{"MealTicket":13,"Pandora\u0027s Box":30,"Cracked Core":0,"StrikeDummy":17}]},"card_choices":[{"not_picked":["Force Field","Coolheaded"],"picked":"Genetic Algorithm","floor":1},{"not_picked":["Chaos","Barrage"],"picked":"Sunder","floor":2},{"not_picked":["Conserve Battery","Gash"],"picked":"Turbo","floor":5},{"not_picked":["Steam Power","Turbo"],"picked":"Conserve Battery","floor":7},{"not_picked":["Barrage","Capacitor"],"picked":"Cold Snap","floor":8},{"not_picked":["Double Energy","Redo"],"picked":"Leap","floor":12},{"not_picked":["Stack","Gash"],"picked":"Cold Snap","floor":14},{"not_picked":["Rainbow","Hyperbeam"],"picked":"Echo Form","floor":16},{"not_picked":["Skim","Beam Cell","Heatsinks"],"picked":"SKIP","floor":18},{"not_picked":["White Noise","Conserve Battery","Stack"],"picked":"SKIP","floor":20}],"player_experience":1165704,"relics_obtained":[{"floor":7,"key":"MealTicket"},{"floor":9,"key":"StrikeDummy"}],"event_choices":[{"damage_healed":0,"gold_gain":0,"player_choice":"Upgraded","damage_taken":0,"max_hp_gain":0,"max_hp_loss":0,"event_name":"Upgrade Shrine","floor":4,"gold_loss":0,"cards_upgraded":["Sunder"]},{"damage_healed":0,"gold_gain":0,"cards_transformed":["Strike_B"],"player_choice":"Transformed","damage_taken":0,"max_hp_gain":0,"max_hp_loss":0,"event_name":"Transmorgrifier","floor":10,"gold_loss":0,"cards_obtained":["Melter"]}],"is_beta":false,"boss_relics":[{"not_picked":["Astrolabe","SlaversCollar"],"picked":"Pandora\u0027s Box"}],"items_purged_floors":[3],"is_endless":false,"potions_floor_spawned":[1,12,14,16],"killed_by":"Centurion and Healer","ascension_level":20}}