{"host":"wqapji1ctd7hhcnm","time":1611543351,"event":{"mods":["BaseMod","Beaked The Cultist","BetterRewards","Conspire","Downfall","Energized Spire","Fiend Mod","GifTheSpireLib","Halation","Hubris","Infinite Spire","Mad Scientist","Minty Spire (QoL Compilation)","Relic Sorter","Relic Stats","Replay The Spire","Shop Mod","StSLib","Stuff the Spire","The Construct","The Judge","The Jungle"],"gold_per_floor":[99,117,117,128,128,128,128,61,87,87,102,119,137,137,151,151,151,151],"floor_reached":16,"language":"ENG","playtime":772,"items_purged":[],"score":127,"play_id":"2011da76-f3c9-4bca-97ba-6739b98aaea6","local_time":"20210124205551","is_ascension_mode":false,"campfire_choices":[{"floor":1,"key":"DIG"},{"data":"bronze:SpaghettiCode","floor":6,"key":"SMITH"},{"data":"bronze:CloningBeam","floor":10,"key":"SMITH"}],"circlet_count":0,"master_deck":["bronze:Strike","bronze:Strike","bronze:Strike","bronze:Strike","bronze:Defend","bronze:Defend","bronze:Defend+1","bronze:Defend","bronze:Replicate","bronze:Goto","bronze:SpaghettiCode","bronze:WhirlingStrike","bronze:CloningBeam+1","bronze:SpaghettiCode+1","bronze:Iterate","bronze:HyperBeam","bronze:Overload+1"],"relics":["bronze:BronzeCore","ReplayTheSpireMod:Shallot","Mango","Toxic Egg 2"],"acts_visited":["Exordium"],"potions_floor_usage":[],"damage_taken":[{"damage":0,"enemies":"Small Slimes","floor":2,"turns":2},{"damage":3,"enemies":"2 Louse","floor":4,"turns":2},{"damage":0,"enemies":"downfall:FleeingMerchant","floor":8,"turns":4},{"damage":8,"enemies":"Lagavulin","floor":9,"turns":5},{"damage":4,"enemies":"Cultist","floor":11,"turns":3},{"damage":10,"enemies":"Blue Slaver","floor":12,"turns":3},{"damage":0,"enemies":"2 Fungi Beasts","floor":13,"turns":3},{"damage":9,"enemies":"3 Louse","floor":15,"turns":2},{"damage":32,"enemies":"WA_ARCHETYPE_RETAIN","floor":16,"turns":5}],"seed_played":"-6668200887871127944","potions_obtained":[{"floor":2,"key":"Death Potion"},{"floor":9,"key":"DuplicationPotion"},{"floor":13,"key":"SkillPotion"}],"is_trial":false,"path_per_floor":["R","M","?","M","?","R","T","$","E","R","M","M","M","?","M","B"],"character_chosen":"THE_AUTOMATON","items_purchased":["bronze:Iterate"],"campfire_rested":0,"item_purchase_floors":[8],"current_hp_per_floor":[49,49,49,46,46,46,60,60,52,52,48,38,38,41,32,0,0,0],"gold":151,"neow_bonus":"THREE_RARE_CARDS","is_daily":false,"chose_seed":false,"campfire_upgraded":2,"win_rate":0.0,"timestamp":1611543351,"path_taken":["R","M","?","M","?","R","T","$","E","R","?","M","M","?","M","BOSS"],"items_purchased_type":["Card"],"build_version":"2020-12-22","purchased_purges":0,"victory":false,"max_hp_per_floor":[70,70,70,70,70,70,84,84,84,84,84,84,84,87,87,87,87,87],"relic_stats":{"counters":[9,29],"obtain_stats":[{"bronze:BronzeCore":0,"ReplayTheSpireMod:Shallot":1,"Mango":7,"Toxic Egg 2":9},{"bronze:BronzeCore":0,"ReplayTheSpireMod:Shallot":0,"Mango":2,"Toxic Egg 2":4},{"bronze:BronzeCore":0,"ReplayTheSpireMod:Shallot":0,"Mango":4,"Toxic Egg 2":13}]},"card_choices":[{"not_picked":["bronze:CleanCode","bronze:HyperBeam"],"picked":"bronze:SpaghettiCode","floor":0},{"not_picked":["bronze:OilSpill","bronze:Invalidate"],"picked":"bronze:WhirlingStrike","floor":2},{"not_picked":["bronze:FineTuning","bronze:Constructor"],"picked":"bronze:CloningBeam","floor":4},{"not_picked":["bronze:Constructor","bronze:Repair","bronze:Safeguard"],"picked":"SKIP","floor":8},{"not_picked":["bronze:WhirlingStrike","bronze:Separator","bronze:DarkDash"],"picked":"SKIP","floor":9},{"not_picked":["bronze:GetLatest+1","bronze:Backtrace","bronze:Deprecate+1"],"picked":"SKIP","floor":11},{"not_picked":["bronze:GetLatest+1","bronze:Backtrace","bronze:Deprecate+1"],"picked":"SKIP","floor":11},{"not_picked":["bronze:Deprecate+1","bronze:Fortify"],"picked":"bronze:HyperBeam","floor":12},{"not_picked":["bronze:Flail","bronze:Deprecate+1"],"picked":"bronze:Overload+1","floor":13},{"not_picked":["bronze:CutThrough","bronze:Shell+1","bronze:Philosophize+1"],"picked":"SKIP","floor":15}],"player_experience":1460360,"relics_obtained":[{"floor":1,"key":"ReplayTheSpireMod:Shallot"},{"floor":7,"key":"Mango"},{"floor":9,"key":"Toxic Egg 2"}],"event_choices":[],"is_beta":false,"boss_relics":[],"items_purged_floors":[],"is_endless":false,"potions_floor_spawned":[2,9,13],"killed_by":"WA_ARCHETYPE_RETAIN","ascension_level":0}}