{"host":"Rowan","time":1611547029,"event":{"mods":["BaseMod","Minty Spire (QoL Compilation)"],"gold_per_floor":[119,133,133,233,243,243,254,254,254,274,274,199,230,79,79,182,182,194,11,11,24,44,44,81,81,107,32,32,32,48,63,63,167,167,177,190,40,90,90,90,102,102,102,102,102,130,146,163,163,163,163,163,7,33,33,33],"floor_reached":55,"language":"ENG","playtime":2660,"items_purged":["Strike_B"],"score":690,"play_id":"63f24e07-efa1-441c-9199-4b325aebcb88","local_time":"20210124195709","is_ascension_mode":false,"campfire_choices":[{"floor":6,"key":"RECALL"},{"data":"Dualcast","floor":8,"key":"SMITH"},{"data":"Redo","floor":11,"key":"SMITH"},{"data":"Static Discharge","floor":15,"key":"SMITH"},{"data":"Self Repair","floor":23,"key":"SMITH"},{"data":"Conserve Battery","floor":25,"key":"SMITH"},{"data":"Leap","floor":32,"key":"SMITH"},{"data":"BootSequence","floor":40,"key":"SMITH"},{"data":"Self Repair","floor":42,"key":"SMITH"},{"floor":44,"key":"REST"},{"floor":49,"key":"REST"},{"data":"Good Instincts","floor":52,"key":"SMITH"}],"circlet_count":0,"master_deck":["Strike_B","Strike_B","Strike_B","Defend_B","Defend_B","Defend_B","Defend_B","Zap+1","Dualcast+1","Self Repair+1","Static Discharge+1","Redo+1","Ball Lightning","Beam Cell","Self Repair+1","Conserve Battery+1","Electrodynamics+1","Leap","Loop+1","Static Discharge+1","Flash of Steel","Stack+1","Go for the Eyes+1","FTL","Loop+1","Leap+1","Echo Form+1","CurseOfTheBell","Gash+1","BootSequence+1","Auto Shields+1","Defragment+1","Good Instincts+1","Doom and Gloom+1","Lockon+1","Tempest+1","Core Surge"],"relics":["Cracked Core","Pantograph","Frozen Egg 2","Lantern","Nuclear Battery","Membership Card","Nloth\u0027s Gift","Calling Bell","PreservedInsect","The Courier","Mango","Juzu Bracelet","HandDrill","Peace Pipe","Ice Cream","StrikeDummy","Kunai","Pen Nib","White Beast Statue"],"acts_visited":["Exordium","TheCity","TheBeyond","TheEnding"],"potions_floor_usage":[16,22,24,24,33,38,41,47,50],"damage_taken":[{"damage":0,"enemies":"2 Louse","floor":1,"turns":3},{"damage":11,"enemies":"Jaw Worm","floor":2,"turns":3},{"damage":1,"enemies":"Cultist","floor":5,"turns":3},{"damage":8,"enemies":"Red Slaver","floor":7,"turns":3},{"damage":7,"enemies":"2 Fungi Beasts","floor":10,"turns":3},{"damage":21,"enemies":"Lagavulin","floor":13,"turns":5},{"damage":13,"enemies":"Slime Boss","floor":16,"turns":8},{"damage":21,"enemies":"Chosen","floor":18,"turns":4},{"damage":20,"enemies":"Spheric Guardian","floor":21,"turns":4},{"damage":6,"enemies":"Chosen and Byrds","floor":22,"turns":3},{"damage":10,"enemies":"Book of Stabbing","floor":24,"turns":3},{"damage":13,"enemies":"Centurion and Healer","floor":30,"turns":5},{"damage":11,"enemies":"Snake Plant","floor":31,"turns":3},{"damage":39,"enemies":"Automaton","floor":33,"turns":8},{"damage":7,"enemies":"3 Shapes","floor":35,"turns":4},{"damage":15,"enemies":"Orb Walker","floor":36,"turns":3},{"damage":5,"enemies":"Mind Bloom Boss Battle","floor":38,"turns":9},{"damage":56,"enemies":"Maw","floor":41,"turns":7},{"damage":60,"enemies":"Giant Head","floor":46,"turns":7},{"damage":31,"enemies":"Transient","floor":47,"turns":5},{"damage":0,"enemies":"4 Shapes","floor":48,"turns":3},{"damage":64,"enemies":"Donu and Deca","floor":50,"turns":6},{"damage":54,"enemies":"Shield and Spear","floor":54,"turns":5},{"damage":86,"enemies":"The Heart","floor":55,"turns":3}],"seed_played":"2113850399452208224","potions_obtained":[{"floor":1,"key":"FocusPotion"},{"floor":10,"key":"DistilledChaos"},{"floor":16,"key":"DistilledChaos"},{"floor":21,"key":"Weak Potion"},{"floor":30,"key":"GamblersBrew"},{"floor":35,"key":"AttackPotion"},{"floor":36,"key":"PotionOfCapacity"},{"floor":46,"key":"PotionOfCapacity"},{"floor":48,"key":"DuplicationPotion"}],"is_trial":false,"path_per_floor":["M","M","?","?","M","R","M","R","T","M","R","$","E","$","R","B",null,"M","$","?","M","M","R","E","R","T","?","$","?","M","M","R","B",null,"M","M","$","?","?","R","M","R","T","R","?","E","M","M","R","B",null,"R","$","E","B"],"character_chosen":"DEFECT","items_purchased":["Lantern","Membership Card","Loop+1","Juzu Bracelet","BootSequence","HandDrill","Kunai","Pen Nib"],"campfire_rested":2,"item_purchase_floors":[14,19,19,37,37,37,53,53],"current_hp_per_floor":[75,71,71,71,75,75,67,67,67,67,67,67,60,60,60,75,75,68,68,68,55,63,63,70,70,70,70,70,70,64,70,70,53,89,89,84,84,89,85,85,46,46,46,71,71,41,30,40,65,41,85,85,85,41,0,0],"gold":33,"neow_bonus":"THREE_CARDS","is_daily":false,"chose_seed":false,"campfire_upgraded":9,"win_rate":0.0,"timestamp":1611547029,"path_taken":["M","M","?","?","M","R","?","R","T","M","R","?","E","$","R","BOSS","M","$","?","?","M","R","E","R","T","?","$","?","?","M","R","BOSS","M","M","$","?","?","R","M","R","T","R","?","E","M","M","R","BOSS","R","$","E","BOSS"],"items_purchased_type":["Relic","Relic","Card","Relic","Card","Relic","Relic","Relic"],"build_version":"2020-12-18","purchased_purges":1,"victory":false,"max_hp_per_floor":[75,75,75,75,75,75,75,75,75,75,75,75,75,75,75,75,75,75,75,75,75,75,75,75,75,75,75,75,75,75,75,75,75,89,89,89,89,89,85,85,85,85,85,85,85,85,85,85,85,85,85,85,85,85,85,85],"card_choices":[{"not_picked":["Ball Lightning","Steam Power"],"picked":"Self Repair","floor":0},{"not_picked":["Reprogram","Turbo"],"picked":"Static Discharge","floor":1},{"not_picked":["Streamline","Stack"],"picked":"Redo","floor":2},{"not_picked":["Hologram","Barrage"],"picked":"Ball Lightning","floor":5},{"not_picked":["Turbo","Rebound"],"picked":"Beam Cell","floor":7},{"not_picked":["Stack","Steam"],"picked":"Self Repair","floor":10},{"not_picked":["Beam Cell","Fission"],"picked":"Conserve Battery","floor":13},{"not_picked":["Buffer+1","Multi-Cast"],"picked":"Electrodynamics+1","floor":16},{"not_picked":["Scrape","Conserve Battery"],"picked":"Leap","floor":18},{"not_picked":["Leap","Chill"],"picked":"Stack+1","floor":21},{"not_picked":["Consume","Hologram"],"picked":"Go for the Eyes+1","floor":22},{"not_picked":["Coolheaded","Gash"],"picked":"FTL","floor":24},{"not_picked":["Leap","Fusion"],"picked":"Loop+1","floor":30},{"not_picked":["Electrodynamics+1","Doom and Gloom"],"picked":"Leap","floor":31},{"not_picked":["Amplify","All For One"],"picked":"Echo Form+1","floor":33},{"not_picked":["Sweeping Beam","Darkness+1","Leap"],"picked":"SKIP","floor":35},{"not_picked":["Glacier+1","Undo"],"picked":"Gash+1","floor":36},{"not_picked":["FTL","Beam Cell"],"picked":"Auto Shields+1","floor":38},{"not_picked":["Leap","Auto Shields+1"],"picked":"Defragment+1","floor":41},{"not_picked":["Enlightenment","Swift Strike"],"picked":"Good Instincts","floor":45},{"not_picked":["Seek","Cold Snap"],"picked":"Doom and Gloom+1","floor":46},{"not_picked":["Ball Lightning+1","Go for the Eyes+1"],"picked":"Lockon+1","floor":47},{"not_picked":["Hello World+1","Lockon+1"],"picked":"Tempest+1","floor":48},{"not_picked":["BootSequence+1","Reboot"],"picked":"Core Surge","floor":54}],"player_experience":430793,"relics_obtained":[{"floor":9,"key":"Pantograph"},{"floor":13,"key":"Frozen Egg 2"},{"floor":24,"key":"CeramicFish"},{"floor":34,"key":"PreservedInsect"},{"floor":34,"key":"The Courier"},{"floor":34,"key":"Mango"},{"floor":38,"key":"Peace Pipe"},{"floor":43,"key":"Ice Cream"},{"floor":46,"key":"StrikeDummy"},{"floor":54,"key":"White Beast Statue"}],"event_choices":[{"damage_healed":0,"gold_gain":0,"player_choice":"Grow","damage_taken":0,"max_hp_gain":0,"max_hp_loss":0,"event_name":"Living Wall","floor":3,"gold_loss":0,"cards_upgraded":["Zap"]},{"damage_healed":0,"gold_gain":100,"player_choice":"Pray","damage_taken":0,"max_hp_gain":0,"max_hp_loss":0,"event_name":"Golden Shrine","floor":4,"gold_loss":0},{"damage_healed":0,"gold_gain":0,"player_choice":"3 cards matched","damage_taken":0,"max_hp_gain":0,"max_hp_loss":0,"event_name":"Match and Keep!","floor":20,"gold_loss":0,"cards_obtained":["Static Discharge","Clumsy","Flash of Steel"]},{"cards_removed":["Clumsy"],"damage_healed":0,"gold_gain":0,"player_choice":"Gave Gold","damage_taken":0,"max_hp_gain":0,"max_hp_loss":0,"event_name":"Beggar","floor":27,"gold_loss":75},{"damage_healed":0,"gold_gain":0,"player_choice":"Traded Relic","damage_taken":0,"relics_obtained":["Nloth\u0027s Gift"],"max_hp_gain":0,"max_hp_loss":0,"event_name":"N\u0027loth","floor":29,"relics_lost":["CeramicFish"],"gold_loss":0},{"damage_healed":0,"gold_gain":0,"player_choice":"Fight","damage_taken":0,"max_hp_gain":0,"max_hp_loss":0,"event_name":"MindBloom","floor":38,"gold_loss":0},{"damage_healed":0,"gold_gain":0,"player_choice":"Max HP","damage_taken":0,"max_hp_gain":0,"max_hp_loss":4,"event_name":"Winding Halls","floor":39,"gold_loss":0},{"damage_healed":0,"gold_gain":0,"player_choice":"Memory 1","damage_taken":0,"max_hp_gain":0,"max_hp_loss":0,"event_name":"SensoryStone","floor":45,"gold_loss":0}],"is_beta":true,"boss_relics":[{"not_picked":["Velvet Choker","Black Star"],"picked":"Nuclear Battery"},{"not_picked":["Cursed Key","Philosopher\u0027s Stone"],"picked":"Calling Bell"}],"items_purged_floors":[12],"is_endless":false,"potions_floor_spawned":[1,10,16,21,30,35,36,46,48],"killed_by":"The Heart","ascension_level":0}}