{"host":"2q4w55ev63ot6isg","time":1611597852,"event":{"mods":["Aspiration","BaseMod","Downfall","Hubris","Marisa????????","Minty Spire (QoL Compilation)","Replay The Spire","StSLib","The Cursed","The Jungle","The Servant 0.9.4"],"gold_per_floor":[109,124,124,138,138,166,166,141,141,159,159,159,172,188,188,284,284,299,80,92,92,92,92],"floor_reached":22,"language":"ENG","playtime":814,"items_purged":["Strike_P"],"score":197,"play_id":"18d55c17-9572-45fc-94d7-c716595135ec","local_time":"20210125100412","is_ascension_mode":true,"campfire_choices":[{"floor":7,"key":"REST"},{"floor":12,"key":"REST"},{"data":"Establishment","floor":15,"key":"SMITH"}],"circlet_count":0,"master_deck":["Strike_P","Strike_P","Defend_P","Defend_P","Defend_P","Eruption","Vigilance","Omniscience+1","Perseverance","Prostrate+1","Protect","ForeignInfluence","Steam","Establishment+1","FearNoEvil","Devotion","SashWhip+1","Consecrate+1"],"relics":["PureWater","hubris:TenFootPole","aspiration:SeaSaltIceCream","aspiration:Nostalgia","m_DevilBlood","aspiration:RitualDagger","Happy Flower","hubris:Towel"],"acts_visited":["Exordium","TheCity"],"potions_floor_usage":[4,14],"damage_taken":[{"damage":9,"enemies":"2 Louse","floor":1,"turns":3},{"damage":0,"enemies":"Small Slimes","floor":2,"turns":2},{"damage":2,"enemies":"Jaw Worm","floor":4,"turns":4},{"damage":48,"enemies":"Lagavulin","floor":6,"turns":8},{"damage":8,"enemies":"Exordium Thugs","floor":8,"turns":8},{"damage":4,"enemies":"2 Fungi Beasts","floor":10,"turns":6},{"damage":0,"enemies":"Red Slaver","floor":13,"turns":5},{"damage":15,"enemies":"Lots of Slimes","floor":14,"turns":3},{"damage":81,"enemies":"The Guardian","floor":16,"turns":20},{"damage":98,"enemies":"3 Byrds","floor":18,"turns":10},{"damage":39,"enemies":"Chosen","floor":20,"turns":5},{"damage":45,"enemies":"Snake Plant","floor":22,"turns":1}],"seed_played":"-2114661247142263136","potions_obtained":[{"floor":1,"key":"Adrenaline Potion"},{"floor":6,"key":"FairyPotion"},{"floor":13,"key":"Explosive Potion"},{"floor":16,"key":"Block Potion"},{"floor":18,"key":"BottledMiracle"}],"is_trial":false,"path_per_floor":["M","M","?","M","?","E","R","M","T","M","?","R","M","M","R","B",null,"M","$","M","?","M"],"character_chosen":"WATCHER","items_purchased":["Happy Flower"],"campfire_rested":2,"item_purchase_floors":[19],"current_hp_per_floor":[63,63,63,61,61,13,34,26,26,22,22,43,43,28,28,12,72,53,53,27,27,0,0],"gold":92,"neow_bonus":"ONE_RANDOM_RARE_CARD","is_daily":false,"chose_seed":false,"campfire_upgraded":1,"win_rate":0.0,"timestamp":1611597852,"path_taken":["M","M","?","M","?","E","R","M","T","M","?","R","M","M","R","BOSS","M","$","M","?","M"],"items_purchased_type":["Relic"],"build_version":"2020-12-22","purchased_purges":1,"victory":false,"max_hp_per_floor":[72,72,72,72,72,72,72,72,72,72,72,72,72,72,72,72,72,72,72,72,72,72,72],"card_choices":[{"not_picked":["CutThroughFate","PathToVictory"],"picked":"Perseverance","floor":1},{"not_picked":["Nirvana","Meditate"],"picked":"Prostrate","floor":2},{"not_picked":["PathToVictory","ThirdEye","Crescendo"],"picked":"SKIP","floor":4},{"not_picked":["CrushJoints","ThirdEye"],"picked":"Protect","floor":6},{"not_picked":["ClearTheMind","ThirdEye","Replay:AllIn"],"picked":"SKIP","floor":8},{"not_picked":["Replay:ManipulateFuture","Replay:DivineShield","WreathOfFlame"],"picked":"SKIP","floor":10},{"not_picked":["Replay:ManipulateFuture","BowlingBash"],"picked":"Establishment","floor":13},{"not_picked":["Replay:AtTheReady","Abandon"],"picked":"FearNoEvil","floor":14},{"not_picked":["MasterReality","Replay:AllIn"],"picked":"Devotion","floor":16},{"not_picked":["EmptyBody","Replay:Hum"],"picked":"SashWhip+1","floor":18},{"not_picked":["Replay:BluntJabs","CrushJoints+1"],"picked":"Consecrate+1","floor":20}],"player_experience":168326,"relics_obtained":[{"floor":6,"key":"hubris:TenFootPole"},{"floor":9,"key":"aspiration:SeaSaltIceCream"}],"event_choices":[{"damage_healed":0,"gold_gain":0,"player_choice":"Grow","damage_taken":0,"max_hp_gain":0,"max_hp_loss":0,"event_name":"Living Wall","floor":3,"gold_loss":0,"cards_upgraded":["Prostrate"]}],"is_beta":false,"boss_relics":[{"not_picked":["aspiration:PoetsPen_weak","Replay:Bronze Core"],"picked":"aspiration:RitualDagger"}],"items_purged_floors":[19],"is_endless":false,"potions_floor_spawned":[1,6,13,16,18],"killed_by":"Snake Plant","ascension_level":1}}