{"host":"yncvxcxtq9dkce9q","time":1611603608,"event":{"mods":["ATMod(°¢èªMod)","AchievementEnabler","Act Like it!","Arknights The Spire","Ascension Reborn","Aspiration","Bard","BaseMod","BetterRewards","ChefMod","Chen","Colored Powertips","Conspire","Custom Start","Defuse TimeMaze Blight","Dota2Spire","Energized Spire","Friendly Minions","Gensokyo","GifTheSpireLib","Gremlin Mod","Halation","Hermit","Hubris","Infinite Spire","Jedi Mod","Jorbs\u0027s Wanderer Trilogy","Lobotomy","LobotomyExtend","Marisa£¨ìFÓê¡¡Ä§ÀíÉ³£©","Marked Mod","Minty Spire (QoL Compilation)","MostiFishMod","Pale of the Ancients","Potionbrewer","Rare Cards Sparkle","Reimu£¨²©ÀöÁéÃÎ£©","Relic Sorter","Replay The Spire","RumiaBox-Â¶Ã×æ«µÄÉñÃØºÐ×Ó","Shop Mod","Spicy Shops","StSLib","Stuff the Spire","TestMod","The Administrix","The Blue Laboratory","The Construct","The Gatherer","The Hayseed","The Jungle","The Marked","The Runesmith","The Servant 0.9.4","Waifu the Spire","Wandering Minibosses","Warlord Emblem","Yakumo Yukari mod","Youmu£¨»êÆÇÑýÃÎ£©","[GremlinLeader]The Maniac","noobMod","¡¾¹¦ÄÜMod¡¿»ìãçÖ®»·ÐÞ¸´²¹¶¡","¡¾ÒÅÎï¿¨ÅÆ¡¿REMEMod"],"gold_per_floor":[111,590,609,631,631,631,660,660,660,660,700,388,411,440,440,554,554,554,618,0,0,0,31,49,88,88,101,140,140,173,189,189,189,189,304,304,322,322,322,344,344,380,380,380,437,437,468,502,537,548,548,548,548,570,593,593,609,609,624,624,4,4,4],"floor_reached":64,"language":"ZHS","playtime":3978,"items_purged":["Strike_MRS+1","Defend_MRS+1","Defend_MRS+1","Strike_MRS+1","Strike_MRS+1","Defend_MRS+1","Strike_MRS+1","maniac:Guilty"],"score":2691,"play_id":"b9c4478e-68bb-4221-9b46-f8a8027600c7","local_time":"20210126034008","is_ascension_mode":true,"campfire_choices":[{"data":"MostiFishMod:RacingGame","floor":6.0,"key":"SMITH"},{"data":"AT_KingSlayer","floor":8.0,"key":"SMITH"},{"floor":15.0,"key":"RECALL"},{"floor":29.0,"key":"DIG"},{"floor":34.0,"key":"DIG"},{"floor":43.0,"key":"DIG"},{"floor":51.0,"key":"DIG"},{"floor":58.0,"key":"DIG"},{"floor":60.0,"key":"DIG"}],"circlet_count":0,"master_deck":["UpSweep+1","AT_KingSlayer+1","MostiFishMod:RacingGame+1","UltimateShortwave+1","MostiFishMod:SephirahHod+1"],"relics":["MiniHakkero","MostiFishMod:Haymaker","ice","DaveBox","REME_ComplimentaryCards","AT_ATBox","testmod-IndustrialRevolution","Transparent","infinitespire:ShieldingShard","MerchantsRug","AT_LudenTempest","testmod-Charity","Ginger","testmod-Antiphasic","SynthV:TestCard","LetterFromLob","HonorFeather","StuffTheSpire:DarkSteelAnvil","Juzu Bracelet","ImprovedEquipment","RedMistMask","AT_SeraphEmbrace","StuffTheSpire:Experiment12","Strawberry","Shovel","MostiFishMod:Hod","Dota2Spire:PowerTreads","aspiration:TomeofQuesting","Replay:Bottled Flurry","Dota2Spire:LinkenSphere","Mango","GodSword1","testmod-Acrobat","Mastiff:ReiMu","BionicSphere","MealTicket","RuthlessExorcism:ReiMu","StuffTheSpire:Gunfinga","jedi:kaleidoscope","Empty Cage","halation:PrussianBluePaint","halation:PurpleSoulGem","Vajra","Blue Candle","ReplayFunnel","ReplayTheSpireMod:Lightbulb","Counterbalance","AT_BladeRuinedKing","paleoftheancients:Timepiece","paleoftheancients:KeyRelic","Oddly Smooth Stone","Gremlin Horn","paleoftheancients:SoulOfTheWokeBloke","Sling","StuffTheSpire:CocoNut","StuffTheSpire:OldFever","AT_SilvercatRing","StuffTheSpire:Wildfire","ReplayTheSpireMod:CursedCoin","Cauldron","Replay:Towering Pillar of Hats","hubris:ToyBattleship"],"acts_visited":["Exordium","Gensokyo:Gensokyo","Gensokyo:Gensokyoer","Gensokyo:Gensokyoest"],"potions_floor_usage":[],"damage_taken":[{"damage":13.0,"enemies":"Gensokyo:3_Fairies","floor":1.0,"turns":2.0},{"damage":5.0,"enemies":"Gensokyo:2_Kodama","floor":3.0,"turns":1.0},{"damage":5.0,"enemies":"Gensokyo:Python","floor":4.0,"turns":1.0},{"damage":5.0,"enemies":"Gensokyo:Python","floor":5.0,"turns":1.0},{"damage":29.0,"enemies":"Gensokyo:Cirno","floor":7.0,"turns":4.0},{"damage":5.0,"enemies":"Gensokyo:Aya","floor":11.0,"turns":1.0},{"damage":5.0,"enemies":"Gensokyo:2_Rabbits","floor":13.0,"turns":1.0},{"damage":5.0,"enemies":"Gensokyo:Mamizou","floor":14.0,"turns":1.0},{"damage":6.0,"enemies":"Gensokyo:Reimu","floor":16.0,"turns":1.0},{"damage":4.0,"enemies":"Gensokyo:AngelMirror","floor":18.0,"turns":1.0},{"damage":4.0,"enemies":"Gensokyo:Koishi","floor":23.0,"turns":1.0},{"damage":4.0,"enemies":"Gensokyo:AngelMirror","floor":24.0,"turns":1.0},{"damage":4.0,"enemies":"Nightmare","floor":25.0,"turns":1.0},{"damage":6.0,"enemies":"Gensokyo:3_Dogs","floor":27.0,"turns":1.0},{"damage":6.0,"enemies":"Gensokyo:Reisen","floor":28.0,"turns":1.0},{"damage":6.0,"enemies":"Gensokyo:Koishi","floor":30.0,"turns":1.0},{"damage":8.0,"enemies":"Gensokyo:3_Gloops","floor":31.0,"turns":1.0},{"damage":8.0,"enemies":"Gensokyo:Eiki","floor":35.0,"turns":1.0},{"damage":7.0,"enemies":"Gensokyo:3_Boulders","floor":37.0,"turns":1.0},{"damage":8.0,"enemies":"Gensokyo:AncientGuardian","floor":40.0,"turns":1.0},{"damage":9.0,"enemies":"Gensokyo:Doremy","floor":42.0,"turns":1.0},{"damage":1.0,"enemies":"Gensokyo:Doremy","floor":46.0,"turns":2.0},{"damage":27.0,"enemies":"Gensokyo:Marisa","floor":47.0,"turns":2.0},{"damage":11.0,"enemies":"conspire:MimicChest","floor":48.0,"turns":1.0},{"damage":11.0,"enemies":"Nightmare","floor":49.0,"turns":1.0},{"damage":12.0,"enemies":"Gensokyo:3_Boulders","floor":50.0,"turns":1.0},{"damage":52.0,"enemies":"Gensokyo:Shinki","floor":52.0,"turns":3.0},{"damage":11.0,"enemies":"Gensokyo:Scarlet_Devils","floor":53.0,"turns":1.0},{"damage":10.0,"enemies":"Gensokyo:Scarlet_Devils","floor":54.0,"turns":1.0},{"damage":30.0,"enemies":"Gensokyo:Scarlet_Devils","floor":55.0,"turns":2.0},{"damage":35.0,"enemies":"Gensokyo:Scarlet_Devils","floor":59.0,"turns":2.0},{"damage":39,"enemies":"paleoftheancients:N","floor":63,"turns":2}],"seed_played":"-1223886205089746852","potions_obtained":[{"floor":1.0,"key":"potionbrewer:CleansingPotion"},{"floor":3.0,"key":"FearPotion"},{"floor":11.0,"key":"LifebloodPotion"},{"floor":13.0,"key":"blueLaboratory:AbyssPotion"},{"floor":16.0,"key":"blueLaboratory:FruitPreserves"},{"floor":23.0,"key":"SmokeBomb"},{"floor":24.0,"key":"testmod-SpacePotion"},{"floor":24.0,"key":"Regen Potion"},{"floor":25.0,"key":"SmokeBomb"},{"floor":25.0,"key":"potionbrewer:CleansingPotion"},{"floor":54.0,"key":"testmod-SpacePotion"},{"floor":55.0,"key":"blueLaboratory:HorrorPotion"},{"floor":55.0,"key":"potionbrewer:ToxicPotion"},{"floor":59.0,"key":"testmod-SpacePotion"},{"floor":59.0,"key":"Swift Potion"},{"floor":61,"key":"Weak Potion"},{"floor":61,"key":"blueLaboratory:RememoryPotion"},{"floor":61,"key":"Dota2Spire:Clarity"},{"floor":61,"key":"Strength Potion"},{"floor":61,"key":"blueLaboratory:ArtificerPotion"}],"is_trial":false,"path_per_floor":["M","?","M","M","?","R","E","R","T","?","E","$","M","E","R","B",null,"M","T","?","?","?","E","M","NM","T","M","E","R","E","M","PTL","PTL","R","B",null,"M","?","?","M","?","E","R","?","T","?","E","?","NM","M","R","B","B","M","M","?","$","R","M","R","$","?","B",null],"character_chosen":"MARISA","items_purchased":["infinitespire:ShieldingShard","MerchantsRug","testmod-Charity","AT_ArchangelStaff","blueLaboratory:EmptyBottle","Sling","StuffTheSpire:Wildfire","ReplayTheSpireMod:CursedCoin","Cauldron","Replay:Towering Pillar of Hats","hubris:ToyBattleship","REME_GoldPotion","potionbrewer:AcidPotion","Energy Potion"],"campfire_rested":0,"item_purchase_floors":[0,0,0,12,12,57,61,61,61,61,61,61,61,61],"current_hp_per_floor":[81,82,83,84,84,84,85,85,85,85,86,88,89,97,97,103,103,103,104,104,104,104,105,106,121,121,124,129,129,141,145,145,145,145,164,164,178,152,152,185,185,196,196,196,197,197,200,206,216,225,225,237,250,257,268,198,224,280,289,289,298,298,316],"gold":4,"neow_bonus":"","is_daily":false,"chose_seed":false,"campfire_upgraded":2,"win_rate":0.0,"timestamp":1611603608,"path_taken":["M","?","M","M","?","R","E","R","T","?","E","?","M","E","R","BOSS","M","?","?","?","?","E","M","NM","T","M","E","R","E","M","PTL","PTL","R","BOSS","M","?","?","M","?","E","R","?","T","?","E","?","NM","M","R","BOSS","BOSS","M","M","?","$","R","M","R","$","?","BOSS"],"items_purchased_type":["Relic","Relic","Relic","Relic","Potion","Relic","Relic","Relic","Relic","Relic","Relic","Potion","Potion","Potion"],"build_version":"2020-12-22","purchased_purges":8,"victory":true,"max_hp_per_floor":[81,82,83,84,84,84,85,85,85,85,86,88,89,97,97,103,103,103,104,104,104,104,105,106,121,121,124,129,129,141,145,145,145,145,164,164,178,178,178,185,185,196,196,196,197,197,200,206,216,225,225,237,250,257,268,268,273,280,289,289,298,298,316],"card_choices":[{"not_picked":["SporeBomb","Occultation","DarkSpark"],"picked":"SKIP","floor":1.0},{"not_picked":["NonDirectionalLaser","AsteroidBelt","WitchLeyline","DoubleSpark","GravityBeat"],"picked":"SKIP","floor":3.0},{"not_picked":["ShootTheMoon","BlazeAway","ManaConvection","SporeBomb","WitchLeyline"],"picked":"SKIP","floor":4.0},{"not_picked":["GalacticHalo","ShootingEcho","Singularity","SuperPerseids","Acceleration"],"picked":"SKIP","floor":7.0},{"not_picked":["MysteriousBeam","WitchOfGreed","SatelliteIllusion","DC","RefractionSpark"],"picked":"SKIP","floor":11.0},{"not_picked":["DeepEcoloBomb","StarBarrage","MagicChant","WitchLeyline","6A"],"picked":"SKIP","floor":13.0},{"not_picked":["DeepEcoloBomb","StarBarrage","MagicChant","WitchLeyline","6A"],"picked":"SKIP","floor":13.0},{"not_picked":["DeepEcoloBomb","StarBarrage","MagicChant","WitchLeyline","6A"],"picked":"SKIP","floor":13.0},{"not_picked":["OneTimeOff","SatelliteIllusion","DC","PowerUp","Orbital"],"picked":"SKIP","floor":14.0},{"not_picked":["MillisecondPulsars","MaximisePower","BigCrunch","CollectingQuirk"],"picked":"UltimateShortwave","floor":16.0},{"not_picked":["SprinkleStarSeal+1","DarkMatter+1","MeteoricShower","SporeBomb+1","AsteroidBelt"],"picked":"SKIP","floor":23.0},{"not_picked":["GalacticHalo","OneTimeOff","DC+1","PowerUp+1","WitchLeyline"],"picked":"SKIP","floor":24.0},{"not_picked":["PropBag","GrandCross+1","UltimateShortwave","MagicChant","SatelliteIllusion"],"picked":"SKIP","floor":25.0},{"not_picked":["AsteroidBelt","Acceleration","LuminesStrike","MagicAbsorber+1","ShootingEcho"],"picked":"SKIP","floor":27.0},{"not_picked":["EarthLightRay","GalacticHalo","PulseMagic","IllusionStar+1","MysteriousBeam"],"picked":"SKIP","floor":28.0},{"not_picked":["WitchOfGreed","WitchLeyline","DeepEcoloBomb","GravityBeat","MeteoricShower+1"],"picked":"SKIP","floor":30.0},{"not_picked":["DarkSpark","DarkMatter","StarBarrage+1","DragonMeteor","WitchLeyline"],"picked":"SKIP","floor":31.0},{"not_picked":["WitchLeyline+1","AsteroidBelt+1","SporeBomb+1","PowerUp+1","OpenUniverse+1"],"picked":"SKIP","floor":37.0},{"not_picked":["IllusionStar+1","OpenUniverse","MilkyWay","NonDirectionalLaser","6A+1"],"picked":"SKIP","floor":40.0},{"not_picked":["NonDirectionalLaser+1","ChargingUp","DC+1","GrandCross","UnstableBomb"],"picked":"SKIP","floor":42.0},{"not_picked":["MilkyWay+1","DeepEcoloBomb+1","GrandCross","CasketOfStar","DragonMeteor+1"],"picked":"SKIP","floor":47.0},{"not_picked":["Occultation","ManaConvection+1","GrandCross","ChargeUpSpray","AlicesGift+1"],"picked":"SKIP","floor":49.0},{"not_picked":["OortCloud","MagicChant","PowerUp+1","WitchLeyline+1","Occultation+1"],"picked":"SKIP","floor":50.0},{"not_picked":["LuminesStrike","MilkyWay+1","SporeBomb","Acceleration+1","MeteoricShower"],"picked":"SKIP","floor":54.0},{"not_picked":["DoubleSpark","GravityBeat","StarBarrage+1","BlazeAway+1","MachineGunSpark"],"picked":"SKIP","floor":55.0},{"not_picked":["LuminesStrike","6A+1","SporeBomb","SuperPerseids+1","MysteriousBeam"],"picked":"SKIP","floor":59.0}],"player_experience":461925,"relics_obtained":[{"floor":1.0,"key":"testmod-Antiphasic"},{"floor":1.0,"key":"SynthV:TestCard"},{"floor":1.0,"key":"LetterFromLob"},{"floor":7.0,"key":"StuffTheSpire:DarkSteelAnvil"},{"floor":9.0,"key":"Juzu Bracelet"},{"floor":11.0,"key":"ImprovedEquipment"},{"floor":11.0,"key":"RedMistMask"},{"floor":13.0,"key":"StuffTheSpire:Experiment12"},{"floor":14.0,"key":"Strawberry"},{"floor":16.0,"key":"Shovel"},{"floor":19.0,"key":"Dota2Spire:PowerTreads"},{"floor":19.0,"key":"aspiration:TomeofQuesting"},{"floor":23.0,"key":"Replay:Bottled Flurry"},{"floor":24.0,"key":"Dota2Spire:LinkenSphere"},{"floor":25.0,"key":"Mango"},{"floor":26.0,"key":"GodSword1"},{"floor":26.0,"key":"testmod-Acrobat"},{"floor":28.0,"key":"Mastiff:ReiMu"},{"floor":29.0,"key":"BionicSphere"},{"floor":30.0,"key":"MealTicket"},{"floor":31.0,"key":"RuthlessExorcism:ReiMu"},{"floor":34.0,"key":"StuffTheSpire:Gunfinga"},{"floor":35.0,"key":"jedi:kaleidoscope"},{"floor":37.0,"key":"halation:PrussianBluePaint"},{"floor":42.0,"key":"Vajra"},{"floor":45.0,"key":"Blue Candle"},{"floor":45.0,"key":"ReplayFunnel"},{"floor":47.0,"key":"ReplayTheSpireMod:Lightbulb"},{"floor":48.0,"key":"Counterbalance"},{"floor":49.0,"key":"AT_BladeRuinedKing"},{"floor":51.0,"key":"MostiFishMod:Haymaker"},{"floor":55.0,"key":"paleoftheancients:SoulOfTheWokeBloke"},{"floor":58.0,"key":"StuffTheSpire:CocoNut"},{"floor":59.0,"key":"paleoftheancients:SoulOfTheBandit"},{"floor":59.0,"key":"StuffTheSpire:OldFever"},{"floor":60.0,"key":"AT_SilvercatRing"}],"event_choices":[{"damage_healed":0.0,"max_hp_gain":0.0,"max_hp_loss":0.0,"gold_gain":400.0,"event_name":"¶÷ÂåË¹µÄÅÌ×Ó","player_choice":"Sell","floor":2.0,"relics_lost":["testmod-TestBox"],"gold_loss":0.0,"damage_taken":0.0},{"damage_healed":0.0,"max_hp_gain":0.0,"max_hp_loss":0.0,"gold_gain":0.0,"event_name":"conspire:Investor","player_choice":"Leave","floor":22.0,"gold_loss":0.0,"damage_taken":0.0}],"is_beta":false,"boss_relics":[{"not_picked":["ExperimentalFamiliar","OneHitWonderSystem"],"picked":"MostiFishMod:Hod"},{"not_picked":["RedLine:ReiMu","hubris:ScarierMask"],"picked":"Empty Cage"}],"items_purged_floors":[0,0,0,0,0,0,12,61],"is_endless":false,"potions_floor_spawned":[3,4,11,14,23,24,25,37,49,50,55,59],"ascension_level":0}}