{"host":"nh70f3bv2bgakzh3","time":1611544170,"event":{"mods":["BaseMod","Downfall","Minty Spire (QoL Compilation)","StSLib","The Construct","The Mystic"],"gold_per_floor":[0,17,70,70,89,106,129,129,148,168,179,214,230,259,275,376,376,376,390,404,422,440,475,552,552,565,585,310,310,94,194,204,304,304,304,320,332,348,364,394,440,459,459,485,502,528,428,458,477,477,477,477],"floor_reached":50,"language":"ENG","playtime":7941,"items_purged":["bronze:Flail"],"score":669,"play_id":"1da70b6a-629e-4bd2-8de8-35ec4659046d","local_time":"20210124220930","is_ascension_mode":false,"campfire_choices":[{"data":"bronze:Goto","floor":1.0,"key":"SMITH"},{"data":"bronze:Format","floor":18.0,"key":"SMITH"},{"data":"Mayhem","floor":35,"key":"SMITH"},{"floor":43,"key":"REST"},{"floor":47,"key":"REST"}],"circlet_count":0,"master_deck":["bronze:Defend","bronze:Defend","bronze:Defend","bronze:Defend","bronze:Replicate","bronze:Goto+1","Master of Strategy","bronze:InfiniteBeams","bronze:BronzeArmor","bronze:ChildClass","bronze:Backtrace","bronze:MaxOutput","bronze:DelayedSlice","bronze:FineTuning","bronze:Format+1","bronze:OilSpill","bronze:BurnOut","bronze:InfiniteBeams","bronze:WildBeam","bronze:Boost+1","bronze:Refactor","bronze:ForceShield","bronze:Shield","bronze:WhirlingStrike","bronze:BugBarrage","Mayhem+1","bronze:Boost","bronze:ChildClass+1","bronze:Format","bronze:Terminator","bronze:DigitalCarnage+1","bronze:BuggyMess+1","bronze:CloningBeam+1","bronze:Shell","bronze:InfiniteBeams+1"],"relics":["bronze:BronzeCore","Bag of Marbles","Omamori","White Beast Statue","Centennial Puzzle","Odd Mushroom","bronze:MakeshiftBattery","Oddly Smooth Stone","Blue Candle","Enchiridion","downfall:CloakOfManyFaces","CultistMask","FaceOfCleric","NlothsMask","GremlinMask","SsserpentHead","SlaversCollar","Kunai","Mummified Hand","Bottled Lightning","downfall:HeartBlessingGreen","Bronze Scales"],"acts_visited":["Exordium","TheCity","TheBeyond"],"potions_floor_usage":[27,28,30,30,31,33,38,39,40,42,42,46,50,50],"damage_taken":[{"damage":0.0,"enemies":"Cultist","floor":2.0,"turns":3.0},{"damage":0.0,"enemies":"Small Slimes","floor":5.0,"turns":3.0},{"damage":0.0,"enemies":"Jaw Worm","floor":6.0,"turns":2.0},{"damage":0.0,"enemies":"Exordium Thugs","floor":9.0,"turns":4.0},{"damage":0.0,"enemies":"Exordium Wildlife","floor":10.0,"turns":2.0},{"damage":5.0,"enemies":"Large Slime","floor":11.0,"turns":3.0},{"damage":14.0,"enemies":"Lagavulin","floor":12.0,"turns":5.0},{"damage":0.0,"enemies":"Lots of Slimes","floor":13.0,"turns":2.0},{"damage":8.0,"enemies":"The Mushroom Lair","floor":14.0,"turns":2.0},{"damage":0.0,"enemies":"3 Louse","floor":15.0,"turns":3.0},{"damage":7.0,"enemies":"IC_STATUS_ARCHETYPE","floor":16.0,"turns":3.0},{"damage":0.0,"enemies":"Spheric Guardian","floor":19.0,"turns":3.0},{"damage":0.0,"enemies":"Shell Parasite","floor":20.0,"turns":2.0},{"damage":4.0,"enemies":"3 Cultists","floor":21.0,"turns":5.0},{"damage":8.0,"enemies":"Chosen and Byrds","floor":22.0,"turns":5.0},{"damage":22.0,"enemies":"Book of Stabbing","floor":23.0,"turns":4.0},{"damage":5,"enemies":"Centurion and Healer","floor":26,"turns":5},{"damage":3,"enemies":"Snake Plant","floor":27,"turns":3},{"damage":0,"enemies":"downfall:FleeingMerchant","floor":28,"turns":4},{"damage":5,"enemies":"downfall:FleeingMerchant","floor":30,"turns":4},{"damage":6,"enemies":"downfall:FaceTrader","floor":31,"turns":4},{"damage":0,"enemies":"Chosen and Byrds","floor":32,"turns":3},{"damage":3,"enemies":"DF_ARCHETYPE_CLAW","floor":33,"turns":8},{"damage":4,"enemies":"3 Shapes","floor":36,"turns":4},{"damage":0,"enemies":"3 Darklings","floor":37,"turns":4},{"damage":0,"enemies":"4 Shapes","floor":38,"turns":3},{"damage":0,"enemies":"Jaw Worm Horde","floor":39,"turns":3},{"damage":54,"enemies":"Nemesis","floor":40,"turns":7},{"damage":11,"enemies":"Transient","floor":42,"turns":5},{"damage":2,"enemies":"Giant Head","floor":44,"turns":6},{"damage":4,"enemies":"Spire Growth","floor":45,"turns":4},{"damage":18,"enemies":"Reptomancer","floor":46,"turns":4},{"damage":0,"enemies":"Giant Head","floor":48,"turns":6},{"damage":0,"enemies":"3 Darklings","floor":49,"turns":3},{"damage":49,"enemies":"WA_ARCHETYPE_DIVINITY","floor":50,"turns":5}],"seed_played":"6282176888102738648","potions_obtained":[{"floor":6.0,"key":"EntropicBrew"},{"floor":9.0,"key":"DistilledChaos"},{"floor":10.0,"key":"EssenceOfSteel"},{"floor":12.0,"key":"CultistPotion"},{"floor":13.0,"key":"Strength Potion"},{"floor":14.0,"key":"Dexterity Potion"},{"floor":16.0,"key":"FairyPotion"},{"floor":20.0,"key":"PowerPotion"},{"floor":21.0,"key":"SneckoOil"},{"floor":22.0,"key":"LiquidMemories"},{"floor":23.0,"key":"ColorlessPotion"},{"floor":27,"key":"PowerPotion"},{"floor":28,"key":"bronze:BuildAFunctionPotion"},{"floor":30,"key":"LiquidBronze"},{"floor":31,"key":"Guardian:BlockOnCardUsePotion"},{"floor":33,"key":"Dexterity Potion"},{"floor":36,"key":"Slimebound:ThreeZeroPotion"},{"floor":37,"key":"DistilledChaos"},{"floor":38,"key":"Explosive Potion"},{"floor":39,"key":"Weak Potion"},{"floor":40,"key":"sneckomod:MuddlingPotion"},{"floor":42,"key":"CultistPotion"},{"floor":44,"key":"Energy Potion"},{"floor":46,"key":"CultistPotion"}],"is_trial":false,"path_per_floor":["R","M","T","?","M","M","T","?","M","M","M","E","M","?","M","B",null,"R","M","M","M","M","E","T","?","M","M","$","?","$","?","M","B",null,"R","M","M","M","M","E","T","M","R","E","M","E","R","E","M","B"],"character_chosen":"THE_AUTOMATON","items_purchased":["Mayhem","bronze:Flail","bronze:Boost","SpeedPotion"],"campfire_rested":2,"item_purchase_floors":[28,28,30,30],"current_hp_per_floor":[70,70,70,70,70,70,70,70,70,70,65,51,51,43,43,36,70,70,70,70,66,58,36,36,36,31,28,28,12,7,1,2,22,72,72,69,70,71,72,19,19,9,32,31,28,11,35,36,37,0,0,0],"gold":477,"neow_bonus":"RANDOM_COLORLESS_2","is_daily":false,"chose_seed":false,"campfire_upgraded":3,"win_rate":0.0,"timestamp":1611544170,"path_taken":["R","M","?","?","M","M","T","?","M","M","M","E","M","?","M","BOSS","R","M","M","M","M","E","T","?","M","?","$","?","$","?","M","BOSS","R","M","M","M","M","E","T","M","R","E","M","E","R","E","M","BOSS"],"items_purchased_type":["Card","Card","Card","Potion"],"build_version":"2020-12-22","purchased_purges":1,"victory":false,"max_hp_per_floor":[70,70,70,70,70,70,70,70,70,70,70,70,70,70,70,70,70,70,70,70,70,70,70,70,70,70,70,70,70,70,70,71,72,72,72,73,74,75,76,77,77,78,78,79,80,81,81,82,83,83,83,83],"card_choices":[{"not_picked":["Sadistic Nature","Transmutation"],"picked":"Master of Strategy","floor":0.0},{"not_picked":["bronze:CutThrough","bronze:WildBeam"],"picked":"bronze:InfiniteBeams","floor":2.0},{"not_picked":["bronze:Iterate","bronze:Turbo"],"picked":"bronze:ChildClass","floor":5.0},{"not_picked":["bronze:Refactor","bronze:Repair"],"picked":"bronze:Backtrace","floor":6.0},{"not_picked":["bronze:FineTuning","bronze:Constructor"],"picked":"bronze:MaxOutput","floor":9.0},{"not_picked":["bronze:Turbo","bronze:BitShift"],"picked":"bronze:DelayedSlice","floor":10.0},{"not_picked":["bronze:SpaghettiCode","bronze:BuggyMess"],"picked":"bronze:FineTuning","floor":11.0},{"not_picked":["bronze:NullPointer","bronze:Refactor"],"picked":"bronze:Format","floor":12.0},{"not_picked":["bronze:OilSpill","bronze:WhirlingStrike","bronze:Repulsor"],"picked":"SKIP","floor":13.0},{"not_picked":["bronze:Turbo","bronze:BitShift"],"picked":"bronze:OilSpill","floor":14.0},{"not_picked":["bronze:ForLoop","bronze:Invalidate","bronze:CutThrough"],"picked":"SKIP","floor":15.0},{"not_picked":["bronze:Verify","bronze:HardenedForm"],"picked":"bronze:BurnOut","floor":16.0},{"not_picked":["bronze:BuggyMess","bronze:BronzeArmor"],"picked":"bronze:InfiniteBeams","floor":19.0},{"not_picked":["bronze:DelayedGuard","bronze:Invalidate"],"picked":"bronze:WildBeam","floor":20.0},{"not_picked":["bronze:Frontload","bronze:GetLatest"],"picked":"bronze:Boost+1","floor":21.0},{"not_picked":["bronze:ForceShield","bronze:Repair"],"picked":"bronze:Refactor","floor":22.0},{"not_picked":["bronze:Overheat+1","bronze:BronzeArmor+1","bronze:Turbo+1"],"picked":"SKIP","floor":23.0},{"not_picked":["bronze:OilSpill","bronze:Branch","bronze:CutThrough"],"picked":"SKIP","floor":26},{"not_picked":["bronze:DarkDash","bronze:Invalidate"],"picked":"bronze:BugBarrage","floor":27},{"not_picked":["bronze:OilSpill","bronze:Shield","bronze:ForLoop+1"],"picked":"SKIP","floor":28},{"not_picked":["bronze:Separator","bronze:ItsAFeature","bronze:Constructor"],"picked":"SKIP","floor":30},{"not_picked":["bronze:DarkDash+1","bronze:NullPointer"],"picked":"bronze:ChildClass+1","floor":31},{"not_picked":["bronze:Allocate","bronze:ChildClass","bronze:BurnOut"],"picked":"SKIP","floor":32},{"not_picked":["bronze:ThunderWave","bronze:RecursiveStrike"],"picked":"bronze:Format","floor":33},{"not_picked":["bronze:BuggyMess+1","bronze:Constructor+1"],"picked":"bronze:Terminator","floor":36},{"not_picked":["bronze:Invalidate+1","bronze:MaxOutput+1"],"picked":"bronze:DigitalCarnage+1","floor":37},{"not_picked":["bronze:ChosenStrike","bronze:FineTuning+1"],"picked":"bronze:BuggyMess+1","floor":38},{"not_picked":["bronze:Overheat+1","bronze:Invalidate","bronze:Allocate+1"],"picked":"SKIP","floor":39},{"not_picked":["bronze:Return","bronze:Frontload+1","bronze:ForceShield+1"],"picked":"SKIP","floor":40},{"not_picked":["bronze:WhirlingStrike","bronze:Backtrace","bronze:OilSpill"],"picked":"SKIP","floor":42},{"not_picked":["bronze:Branch+1","bronze:Overheat+1"],"picked":"bronze:CloningBeam+1","floor":44},{"not_picked":["bronze:WhirlingStrike+1","bronze:Branch+1","bronze:DelayedGuard+1"],"picked":"SKIP","floor":45},{"not_picked":["bronze:HyperBeam","bronze:Repulsor","bronze:BuggyMess+1"],"picked":"SKIP","floor":46},{"not_picked":["bronze:Branch+1","bronze:Deprecate+1"],"picked":"bronze:Shell","floor":48},{"not_picked":["bronze:WhirlingStrike","bronze:Separator"],"picked":"bronze:InfiniteBeams+1","floor":49}],"player_experience":75358,"relics_obtained":[{"floor":3.0,"key":"Bag of Marbles"},{"floor":7.0,"key":"Omamori"},{"floor":12.0,"key":"Centennial Puzzle"},{"floor":14.0,"key":"Odd Mushroom"},{"floor":23.0,"key":"Oddly Smooth Stone"},{"floor":24.0,"key":"Blue Candle"},{"floor":29,"key":"Enchiridion"},{"floor":31,"key":"downfall:CloakOfManyFaces"},{"floor":40,"key":"Kunai"},{"floor":44,"key":"Mummified Hand"},{"floor":46,"key":"Bottled Lightning"},{"floor":48,"key":"Bronze Scales"}],"event_choices":[{"damage_healed":0.0,"max_hp_gain":0.0,"max_hp_loss":0.0,"gold_gain":0.0,"event_name":"Big Fish","player_choice":"Box","floor":8.0,"gold_loss":0.0,"damage_taken":0.0,"relics_obtained":["White Beast Statue"],"cards_obtained":["Regret"]},{"damage_healed":0.0,"max_hp_gain":0.0,"max_hp_loss":0.0,"gold_gain":0.0,"event_name":"Mushrooms","player_choice":"Fought Mushrooms","floor":14.0,"gold_loss":0.0,"damage_taken":0.0}],"is_beta":false,"boss_relics":[{"not_picked":["bronze:PlatinumCore","Philosopher\u0027s Stone"],"picked":"bronze:MakeshiftBattery"},{"not_picked":["Runic Pyramid","Fusion Hammer"],"picked":"SlaversCollar"}],"items_purged_floors":[30],"is_endless":false,"potions_floor_spawned":[6,9,10,11,12,13,14,15,16,19,20,21,22,23,26,27,28,30,31,32,33,36,37,38,39,40,42,44,45,46,48,49],"killed_by":"WA_ARCHETYPE_DIVINITY","ascension_level":0}}