{"host":"bq4pt811tk9yrmjl","time":1611603201,"event":{"mods":["AchievementEnabler","BaseMod","Colored Map","Colored Powertips","Defuse TimeMaze Blight","Hermit","Minty Spire (QoL Compilation)","StSLib","SuperFastMode"],"gold_per_floor":[119,119,119,119,119,150,169,169,169,190,201,201,236,251,251,348,348,360,375,375,223,223,256,267,267,293,293,293,293,313,325,325,424,424,437,437,451,76,86,86,86,116,140,67,67,80,80,31,31,31,31,31,5,5,5],"floor_reached":54,"language":"ENG","playtime":955,"items_purged":["Writhe"],"score":801,"play_id":"42cfa580-8cb1-40ac-8f14-a9eb173c94a7","local_time":"20210125173321","is_ascension_mode":true,"campfire_choices":[{"data":"Anger","floor":8.0,"key":"SMITH"},{"data":"Spot Weakness","floor":12.0,"key":"SMITH"},{"floor":15.0,"key":"REST"},{"data":"Clash","floor":25.0,"key":"SMITH"},{"data":"Disarm","floor":32.0,"key":"SMITH"},{"floor":40,"key":"RECALL"},{"floor":45,"key":"REST"},{"data":"Rage","floor":47,"key":"SMITH"},{"data":"Conserve Battery","floor":49,"key":"SMITH"},{"data":"Bash","floor":52,"key":"SMITH"}],"circlet_count":0,"master_deck":["Defend_R+1","Defend_R+1","Defend_R","Defend_R","Bash+1","Clash+1","Anger+1","Spot Weakness+1","Anger+1","Body Slam+1","Twin Strike+1","Bite+1","Bite+1","Bite+1","Bite+1","Bite+1","Heavy Blade+1","Clash+1","Disarm+1","Conserve Battery+1","Rage+1","Clash+1"],"relics":["Black Blood","NeowsBlessing","Darkstone Periapt","Singing Bowl","Odd Mushroom","Molten Egg 2","Incense Burner","Strawberry","Blue Candle","MutagenicStrength","Mark of Pain","Eternal Feather","War Paint","Happy Flower","Dead Branch","Nunchaku"],"acts_visited":["Exordium","TheCity","TheBeyond","TheEnding"],"potions_floor_usage":[50,50],"damage_taken":[{"damage":0.0,"enemies":"Small Slimes","floor":1.0,"turns":1.0},{"damage":0.0,"enemies":"3 Sentries","floor":6.0,"turns":2.0},{"damage":0.0,"enemies":"Jaw Worm","floor":7.0,"turns":1.0},{"damage":4.0,"enemies":"The Mushroom Lair","floor":10.0,"turns":4.0},{"damage":1.0,"enemies":"2 Louse","floor":11.0,"turns":2.0},{"damage":33.0,"enemies":"Gremlin Nob","floor":13.0,"turns":5.0},{"damage":0.0,"enemies":"2 Fungi Beasts","floor":14.0,"turns":2.0},{"damage":34.0,"enemies":"Hexaghost","floor":16.0,"turns":7.0},{"damage":20.0,"enemies":"2 Thieves","floor":18.0,"turns":3.0},{"damage":10.0,"enemies":"Spheric Guardian","floor":19.0,"turns":3.0},{"damage":36.0,"enemies":"Gremlin Leader","floor":23.0,"turns":9.0},{"damage":32.0,"enemies":"3 Cultists","floor":24.0,"turns":5.0},{"damage":37.0,"enemies":"Snake Plant","floor":30.0,"turns":4.0},{"damage":6.0,"enemies":"Cultist and Chosen","floor":31.0,"turns":4.0},{"damage":83.0,"enemies":"Collector","floor":33.0,"turns":12.0},{"damage":34,"enemies":"3 Darklings","floor":35,"turns":8},{"damage":11,"enemies":"Orb Walker","floor":37,"turns":2},{"damage":1,"enemies":"Spire Growth","floor":39,"turns":4},{"damage":91,"enemies":"Giant Head","floor":42,"turns":8},{"damage":51,"enemies":"Writhing Mass","floor":46,"turns":7},{"damage":139,"enemies":"Time Eater","floor":50,"turns":16},{"damage":163,"enemies":"Shield and Spear","floor":54,"turns":9}],"seed_played":"-95018335671714628","potions_obtained":[{"floor":1.0,"key":"EssenceOfSteel"},{"floor":6.0,"key":"Energy Potion"},{"floor":14.0,"key":"Weak Potion"},{"floor":18.0,"key":"Explosive Potion"},{"floor":19.0,"key":"FearPotion"},{"floor":24.0,"key":"EssenceOfSteel"},{"floor":30.0,"key":"Energy Potion"},{"floor":46,"key":"DistilledChaos"}],"is_trial":false,"path_per_floor":["M","?","$","?","$","E","M","R","T","?","M","R","E","M","R","B",null,"M","M","?","$","?","E","M","R","T","?","?","?","M","M","R","B",null,"M","?","M","$","M","R","?","E","T","$","R","M","R","$","R","B",null,"R","$","E"],"character_chosen":"IRONCLAD","items_purchased":["Blood Vial","War Paint","Happy Flower","Rage","PowerPotion","Clash+1"],"campfire_rested":2,"item_purchase_floors":[21,38,38,44,48,53],"current_hp_per_floor":[80,68,68,52,52,58,66,66,66,68,75,75,48,54,79,51,84,82,84,84,84,84,90,89,89,96,76,82,82,68,93,93,60,120,122,122,124,124,126,126,126,59,59,59,109,93,105,105,117,33,130,130,130,0,0],"gold":5,"neow_bonus":"THREE_ENEMY_KILL","is_daily":false,"chose_seed":false,"campfire_upgraded":7,"win_rate":0.0,"timestamp":1611603201,"path_taken":["M","?","$","?","$","E","M","R","T","?","M","R","E","M","R","BOSS","M","M","?","$","?","E","M","R","T","?","?","?","M","M","R","BOSS","M","?","M","$","?","R","?","E","T","$","R","M","R","?","R","BOSS","R","$","E"],"items_purchased_type":["Relic","Relic","Relic","Card","Potion","Card"],"build_version":"2020-12-22","purchased_purges":1,"victory":false,"max_hp_per_floor":[80,80,80,80,80,80,82,82,82,82,84,84,84,84,84,84,84,90,90,90,90,90,90,94,94,101,106,112,112,114,118,118,120,120,122,122,124,124,126,126,126,128,128,128,128,130,130,130,130,130,130,130,130,130,130],"card_choices":[{"not_picked":["Headbutt","Inflame"],"picked":"Clash","floor":1.0},{"not_picked":["Blood for Blood","Entrench"],"picked":"Anger","floor":6.0},{"not_picked":["Seeing Red","Cleave","Infernal Blade"],"picked":"Singing Bowl","floor":7.0},{"not_picked":["Body Slam","Evolve"],"picked":"Spot Weakness","floor":10.0},{"not_picked":["Pommel Strike","Body Slam","Iron Wave"],"picked":"Singing Bowl","floor":11.0},{"not_picked":["Dropkick+1","Sword Boomerang+1"],"picked":"Anger+1","floor":13.0},{"not_picked":["Pummel+1","Sentinel"],"picked":"Body Slam+1","floor":14.0},{"not_picked":["Juggernaut","Brutality"],"picked":"Feed+1","floor":16.0},{"not_picked":["Headbutt+1","Combust+1","Perfected Strike+1"],"picked":"Singing Bowl","floor":18.0},{"not_picked":["True Grit+1","Evolve"],"picked":"Twin Strike+1","floor":19.0},{"not_picked":["Body Slam+1","Metallicize"],"picked":"Heavy Blade+1","floor":23.0},{"not_picked":["Fire Breathing","Headbutt+1"],"picked":"Clash+1","floor":24.0},{"not_picked":["Pommel Strike+1","Sever Soul+1","Burning Pact+1"],"picked":"Singing Bowl","floor":30.0},{"not_picked":["Sever Soul+1","Spot Weakness"],"picked":"Disarm","floor":31.0},{"not_picked":["Exhume","Barricade","Double Tap"],"picked":"Singing Bowl","floor":33.0},{"not_picked":["Sentinel","Flex","Thunderclap+1"],"picked":"Singing Bowl","floor":35},{"not_picked":["Blood for Blood+1","Armaments","Sword Boomerang+1"],"picked":"Singing Bowl","floor":37},{"not_picked":["Wild Strike+1","Heavy Blade+1","Perfected Strike+1"],"picked":"Singing Bowl","floor":39},{"not_picked":["Bloodletting","Headbutt+1","Pommel Strike+1"],"picked":"Singing Bowl","floor":42},{"not_picked":["Clash+1","Rupture","Inflame+1"],"picked":"Singing Bowl","floor":46}],"player_experience":249170,"relics_obtained":[{"floor":6.0,"key":"Singing Bowl"},{"floor":10.0,"key":"Odd Mushroom"},{"floor":13.0,"key":"Molten Egg 2"},{"floor":23.0,"key":"Incense Burner"},{"floor":26.0,"key":"Strawberry"},{"floor":42,"key":"Dead Branch"},{"floor":43,"key":"Nunchaku"}],"event_choices":[{"damage_healed":0.0,"max_hp_gain":0.0,"max_hp_loss":0.0,"gold_gain":0.0,"event_name":"Scrap Ooze","player_choice":"Success","floor":2.0,"gold_loss":0.0,"damage_taken":12.0,"relics_obtained":["Darkstone Periapt"]},{"damage_healed":0.0,"max_hp_gain":0.0,"max_hp_loss":0.0,"gold_gain":0.0,"event_name":"Shining Light","player_choice":"Entered Light","floor":4.0,"gold_loss":0.0,"damage_taken":16.0,"cards_upgraded":["Strike_R","Strike_R"]},{"damage_healed":0.0,"max_hp_gain":0.0,"max_hp_loss":0.0,"gold_gain":0.0,"event_name":"Mushrooms","player_choice":"Fought Mushrooms","floor":10.0,"gold_loss":0.0,"damage_taken":0.0},{"damage_healed":0.0,"max_hp_gain":0.0,"max_hp_loss":0.0,"gold_gain":0.0,"event_name":"Beggar","player_choice":"Ignored","floor":20.0,"gold_loss":0.0,"damage_taken":0.0},{"damage_healed":0.0,"max_hp_gain":0.0,"max_hp_loss":0.0,"gold_gain":0.0,"event_name":"Vampires","player_choice":"Became a vampire (Vial)","floor":22.0,"relics_lost":["Blood Vial"],"gold_loss":0.0,"damage_taken":0.0,"cards_obtained":["Bite","Bite","Bite","Bite","Bite"]},{"damage_healed":0.0,"max_hp_gain":5.0,"max_hp_loss":0.0,"gold_gain":0.0,"event_name":"Forgotten Altar","player_choice":"Shed Blood","floor":27.0,"gold_loss":0.0,"damage_taken":25.0},{"damage_healed":0.0,"max_hp_gain":0.0,"max_hp_loss":0.0,"gold_gain":0.0,"event_name":"The Mausoleum","player_choice":"Opened","floor":28.0,"gold_loss":0.0,"damage_taken":0.0,"relics_obtained":["Blue Candle"],"cards_obtained":["Writhe"]},{"damage_healed":0.0,"max_hp_gain":0.0,"max_hp_loss":0.0,"gold_gain":0.0,"event_name":"Drug Dealer","player_choice":"Inject Mutagens","floor":29.0,"gold_loss":0.0,"damage_taken":0.0,"relics_obtained":["MutagenicStrength"]},{"damage_healed":0,"gold_gain":0,"player_choice":"Gave Potion","damage_taken":0,"relics_obtained":["Eternal Feather"],"max_hp_gain":0,"max_hp_loss":0,"event_name":"WeMeetAgain","floor":36,"gold_loss":0},{"cards_removed":["Feed"],"damage_healed":0,"gold_gain":0,"player_choice":"Took Card","damage_taken":0,"max_hp_gain":0,"max_hp_loss":0,"event_name":"NoteForYourself","floor":41,"gold_loss":0,"cards_obtained":["Conserve Battery"]}],"is_beta":false,"boss_relics":[{"not_picked":["Philosopher\u0027s Stone","Astrolabe"],"picked":"Black Blood"},{"not_picked":["Cursed Key","Tiny House"],"picked":"Mark of Pain"}],"items_purged_floors":[38],"is_endless":false,"potions_floor_spawned":[1,6,14,18,19,24,30,46],"killed_by":"Shield and Spear","ascension_level":1}}