{"host":"xp5rvh2jwe2ejyfm","time":1611536563,"event":{"mods":["BaseMod","Downfall","Duelist Mod","GifTheSpireLib","Gremlin Mod","Hermit","Hubris","Minty Spire (QoL Compilation)","Robot Space Explorer","StSLib","The Blackbeard","The Clintock","The Construct","The Cursed","The Disciple","The Forsaken","The Hierophant","The Necromancer","The Runesmith","The Servant 0.9.4"],"gold_per_floor":[113,123,140,151,28,62,62,62,62,62,62,96,112,125,125,222,222,235,248,264,280,291,291,324,324,324,324,324,344,344,379,379,482,482,495,495,512,529,204,233,233,233,233,248,260,289,88,108,108,108,108,108,31,66,66,66],"floor_reached":55,"language":"ENG","playtime":2547,"items_purged":[],"score":856,"play_id":"fc7bda16-c697-4993-9e80-f98c1de6b1c1","local_time":"20210124200243","is_ascension_mode":false,"campfire_choices":[{"floor":8,"key":"REST"},{"floor":10,"key":"RECALL"},{"floor":15,"key":"REST"},{"data":"RobotSpaceExplorer:DroneSwarm","floor":23,"key":"SMITH"},{"floor":25,"key":"REST"},{"data":"RobotSpaceExplorer:MiniLasers","floor":32,"key":"SMITH"},{"floor":42,"key":"REST"},{"floor":49,"key":"REST"},{"data":"RobotSpaceExplorer:PowerGlove","floor":52,"key":"SMITH"}],"circlet_count":0,"master_deck":["RobotSpaceExplorer:Strike","RobotSpaceExplorer:Strike","RobotSpaceExplorer:Strike","RobotSpaceExplorer:Strike","RobotSpaceExplorer:Defend","RobotSpaceExplorer:Defend","RobotSpaceExplorer:Defend","RobotSpaceExplorer:Defend","RobotSpaceExplorer:Scan","RobotSpaceExplorer:MiniLasers+1","RobotSpaceExplorer:MetalStrike","RobotSpaceExplorer:MetalStrike","RobotSpaceExplorer:ScrapMissile","RobotSpaceExplorer:StunGrenade","RobotSpaceExplorer:MiniBoosters+1","RobotSpaceExplorer:GlueShot","RobotSpaceExplorer:Scanner","RobotSpaceExplorer:Ammunition","RobotSpaceExplorer:ScrapMissile","RobotSpaceExplorer:ScrapMissile","RobotSpaceExplorer:DroneSwarm+1","RobotSpaceExplorer:ScrapMissile","RobotSpaceExplorer:GlueShot+1","RobotSpaceExplorer:Probe+1","RobotSpaceExplorer:MetalStrike+1","RobotSpaceExplorer:LaserBurst+1","RobotSpaceExplorer:DoubleFind","RobotSpaceExplorer:ToxicBomb","RobotSpaceExplorer:Comet","RobotSpaceExplorer:Comet","RobotSpaceExplorer:FreezeRay","RobotSpaceExplorer:FranticSearch+1","RobotSpaceExplorer:ScrapToss+1","RobotSpaceExplorer:PowerGlove+1","RobotSpaceExplorer:Counterblock+1","RobotSpaceExplorer:Ammunition+1","RobotSpaceExplorer:StarLightning","RobotSpaceExplorer:GlueShot+1","RobotSpaceExplorer:DoubleBlock+1","RobotSpaceExplorer:GlueShot+1","RobotSpaceExplorer:TurboDodge","RobotSpaceExplorer:Discharger","RobotSpaceExplorer:Asteroid"],"relics":["RobotSpaceExplorer:RoboCore","Vajra","Runesmith:Locket","RobotSpaceExplorer:BottledGravity","Bottled Tornado","Pantograph","theForsaken:PaleLantern","theForsaken:HumbleEgg","Bag of Preparation","MutagenicStrength","hubris:Teleporter","Black Star","Lantern","Sling","FossilizedHelix","hubris:SlimyHat","Mummified Hand","Slimebound:PreparedRelic","hubris:Reverence","RobotSpaceExplorer:FoglandsKnife","theForsaken:Lifeblossom","Kunai"],"acts_visited":["Exordium","TheCity","TheBeyond","TheEnding"],"potions_floor_usage":[6,16,16,16,16,16,18,29,35,40,40,44,54,55],"damage_taken":[{"damage":4,"enemies":"Jaw Worm","floor":1,"turns":2},{"damage":0,"enemies":"Cultist","floor":2,"turns":4},{"damage":7,"enemies":"2 Louse","floor":3,"turns":2},{"damage":13,"enemies":"Exordium Wildlife","floor":4,"turns":5},{"damage":23,"enemies":"Lagavulin","floor":6,"turns":8},{"damage":24,"enemies":"3 Sentries","floor":12,"turns":6},{"damage":0,"enemies":"2 Fungi Beasts","floor":13,"turns":2},{"damage":6,"enemies":"Large Slime","floor":14,"turns":4},{"damage":55,"enemies":"Slime Boss","floor":16,"turns":18},{"damage":5,"enemies":"Shell Parasite","floor":18,"turns":5},{"damage":0,"enemies":"Spheric Guardian","floor":19,"turns":3},{"damage":0,"enemies":"Chosen and Byrds","floor":20,"turns":6},{"damage":11,"enemies":"Centurion and Healer","floor":21,"turns":7},{"damage":0,"enemies":"Snake Plant","floor":22,"turns":5},{"damage":24,"enemies":"Slavers","floor":24,"turns":4},{"damage":0,"enemies":"Snecko","floor":29,"turns":3},{"damage":0,"enemies":"theDuelist:KaibaA2","floor":31,"turns":2},{"damage":28,"enemies":"Automaton","floor":33,"turns":10},{"damage":9,"enemies":"3 Darklings","floor":35,"turns":3},{"damage":0,"enemies":"3 Shapes","floor":37,"turns":2},{"damage":4,"enemies":"Transient","floor":38,"turns":5},{"damage":37,"enemies":"Reptomancer","floor":40,"turns":4},{"damage":0,"enemies":"Maw","floor":44,"turns":5},{"damage":0,"enemies":"Spire Growth","floor":45,"turns":5},{"damage":0,"enemies":"Giant Head","floor":46,"turns":6},{"damage":0,"enemies":"Jaw Worm Horde","floor":48,"turns":3},{"damage":25,"enemies":"hubris:GrandSnecko","floor":50,"turns":11},{"damage":46,"enemies":"Shield and Spear","floor":54,"turns":4},{"damage":60,"enemies":"The Heart","floor":55,"turns":9}],"seed_played":"6339612982606872237","potions_obtained":[{"floor":1,"key":"Dexterity Potion"},{"floor":4,"key":"SneckoOil"},{"floor":13,"key":"Block Potion"},{"floor":14,"key":"EntropicBrew"},{"floor":16,"key":"Weak Potion"},{"floor":21,"key":"Guardian:BlockOnCardUsePotion"},{"floor":24,"key":"PowerPotion"},{"floor":29,"key":"DistilledChaos"},{"floor":35,"key":"Regen Potion"},{"floor":40,"key":"AttackPotion"},{"floor":48,"key":"Energy Potion"}],"is_trial":false,"path_per_floor":["M","M","M","M","$","E","?","R","T","R","T","E","M","M","R","B",null,"M","M","M","M","M","R","E","R","T","?","T","M","?","E","R","B",null,"M","?","M","M","$","E","?","R","T","M","M","E","$","M","R","B",null,"R","$","E","B"],"character_chosen":"RobotSpaceExplorer","items_purchased":["RobotSpaceExplorer:MiniBoosters","RobotSpaceExplorer:GlueShot","Lantern","Sling","RobotSpaceExplorer:PowerGlove","RobotSpaceExplorer:FoglandsKnife","RobotSpaceExplorer:GlueShot+1","RobotSpaceExplorer:Discharger"],"campfire_rested":5,"item_purchase_floors":[5,5,39,39,39,47,47,53],"current_hp_per_floor":[71,71,64,51,51,28,28,50,50,50,50,26,26,20,42,12,75,70,70,70,59,59,59,35,57,57,57,57,57,57,57,57,47,75,66,66,66,62,62,37,37,59,59,59,59,59,59,59,75,50,75,75,75,29,0,0],"gold":66,"neow_bonus":"RANDOM_COMMON_RELIC","is_daily":false,"chose_seed":false,"campfire_upgraded":3,"win_rate":0.0,"timestamp":1611536563,"path_taken":["M","M","M","M","$","E","?","R","T","R","?","E","M","M","R","BOSS","M","M","M","M","?","R","E","R","T","?","?","M","?","E","R","BOSS","M","?","M","M","$","E","?","R","T","M","M","E","$","M","R","BOSS","R","$","E","BOSS"],"items_purchased_type":["Card","Card","Relic","Relic","Card","Relic","Card","Card"],"build_version":"2020-12-22","purchased_purges":0,"victory":false,"max_hp_per_floor":[75,75,75,75,75,75,75,75,75,75,75,75,75,75,75,75,75,75,75,75,75,75,75,75,75,75,75,75,75,75,75,75,75,75,75,75,75,75,75,75,75,75,75,75,75,75,75,75,75,75,75,75,75,75,75,75],"card_choices":[{"not_picked":["RobotSpaceExplorer:Probe","RobotSpaceExplorer:FranticSearch"],"picked":"RobotSpaceExplorer:MetalStrike","floor":1},{"not_picked":["RobotSpaceExplorer:PlasmaMissile","RobotSpaceExplorer:Discharger"],"picked":"RobotSpaceExplorer:MetalStrike","floor":2},{"not_picked":["RobotSpaceExplorer:ImprovisedAttack","RobotSpaceExplorer:FrostMissile"],"picked":"RobotSpaceExplorer:ScrapMissile","floor":3},{"not_picked":["RobotSpaceExplorer:ShockKick","RobotSpaceExplorer:ImprovisedAttack"],"picked":"RobotSpaceExplorer:StunGrenade","floor":4},{"not_picked":["RobotSpaceExplorer:Counterblock","RobotSpaceExplorer:ScrapMissile"],"picked":"RobotSpaceExplorer:Scanner","floor":6},{"not_picked":["RobotSpaceExplorer:FrostMissile","RobotSpaceExplorer:StunGrenade"],"picked":"RobotSpaceExplorer:Ammunition","floor":12},{"not_picked":["RobotSpaceExplorer:SurgingShield","RobotSpaceExplorer:PlasmaMissile"],"picked":"RobotSpaceExplorer:ScrapMissile","floor":13},{"not_picked":["RobotSpaceExplorer:Pulsar","RobotSpaceExplorer:SlimeMissile"],"picked":"RobotSpaceExplorer:ScrapMissile","floor":14},{"not_picked":["RobotSpaceExplorer:Multitool","RobotSpaceExplorer:Wormhole"],"picked":"RobotSpaceExplorer:DroneSwarm","floor":16},{"not_picked":["RobotSpaceExplorer:GlueSpray","RobotSpaceExplorer:Probe"],"picked":"RobotSpaceExplorer:ScrapMissile","floor":18},{"not_picked":["RobotSpaceExplorer:PlasmaMissile","RobotSpaceExplorer:Jetpack"],"picked":"RobotSpaceExplorer:GlueShot+1","floor":19},{"not_picked":["RobotSpaceExplorer:Smokescreen+1","RobotSpaceExplorer:SurgingShield"],"picked":"RobotSpaceExplorer:Probe+1","floor":20},{"not_picked":["RobotSpaceExplorer:Counterblock","RobotSpaceExplorer:ShockKick+1"],"picked":"RobotSpaceExplorer:MetalStrike+1","floor":21},{"not_picked":["RobotSpaceExplorer:SelfCleaning","RobotSpaceExplorer:ShockKick"],"picked":"RobotSpaceExplorer:LaserBurst+1","floor":22},{"not_picked":["RobotSpaceExplorer:ScrapToss","RobotSpaceExplorer:ScrapMissile+1"],"picked":"RobotSpaceExplorer:DoubleFind","floor":24},{"not_picked":["RobotSpaceExplorer:FreezingShield+1","RobotSpaceExplorer:DoubleBlock"],"picked":"RobotSpaceExplorer:ToxicBomb","floor":29},{"not_picked":["RobotSpaceExplorer:Electroshield","RobotSpaceExplorer:SelfCleaning"],"picked":"RobotSpaceExplorer:Comet","floor":31},{"not_picked":["RobotSpaceExplorer:ChargingLaser","RobotSpaceExplorer:HighVoltage"],"picked":"RobotSpaceExplorer:Comet","floor":33},{"not_picked":["RobotSpaceExplorer:SlimeMissile+1","RobotSpaceExplorer:Counterblock+1"],"picked":"RobotSpaceExplorer:FreezeRay","floor":35},{"not_picked":["RobotSpaceExplorer:SlimeMissile+1","RobotSpaceExplorer:SelfCleaning+1"],"picked":"RobotSpaceExplorer:FranticSearch+1","floor":37},{"not_picked":["RobotSpaceExplorer:SlimeMissile+1","RobotSpaceExplorer:SurgingStrike+1"],"picked":"RobotSpaceExplorer:ScrapToss+1","floor":38},{"not_picked":["RobotSpaceExplorer:FranticSearch+1","RobotSpaceExplorer:FrostMissile+1"],"picked":"RobotSpaceExplorer:Counterblock+1","floor":40},{"not_picked":["RobotSpaceExplorer:LuckyStrike+1","RobotSpaceExplorer:ShovelStrike+1"],"picked":"RobotSpaceExplorer:StarLightning","floor":44},{"not_picked":["RobotSpaceExplorer:SlimeMissile+1","RobotSpaceExplorer:DualCore"],"picked":"RobotSpaceExplorer:GlueShot+1","floor":45},{"not_picked":["RobotSpaceExplorer:RigExplosive","RobotSpaceExplorer:LuckyStrike"],"picked":"RobotSpaceExplorer:DoubleBlock+1","floor":46},{"not_picked":["RobotSpaceExplorer:ShockKick+1","RobotSpaceExplorer:Electroshield+1"],"picked":"RobotSpaceExplorer:TurboDodge","floor":48},{"not_picked":["RobotSpaceExplorer:LaserBurst+1","RobotSpaceExplorer:SwiftStep+1"],"picked":"RobotSpaceExplorer:Asteroid","floor":54}],"player_experience":317497,"relics_obtained":[{"floor":6,"key":"Runesmith:Locket"},{"floor":9,"key":"RobotSpaceExplorer:BottledGravity"},{"floor":11,"key":"Bottled Tornado"},{"floor":12,"key":"Pantograph"},{"floor":24,"key":"theForsaken:HumbleEgg"},{"floor":28,"key":"Bag of Preparation"},{"floor":31,"key":"hubris:Teleporter"},{"floor":40,"key":"FossilizedHelix"},{"floor":40,"key":"hubris:SlimyHat"},{"floor":43,"key":"Mummified Hand"},{"floor":46,"key":"Slimebound:PreparedRelic"},{"floor":46,"key":"hubris:Reverence"},{"floor":54,"key":"theForsaken:Lifeblossom"},{"floor":54,"key":"Kunai"}],"event_choices":[{"damage_healed":0,"gold_gain":0,"player_choice":"Grow","damage_taken":0,"max_hp_gain":0,"max_hp_loss":0,"event_name":"Living Wall","floor":7,"gold_loss":0,"cards_upgraded":["RobotSpaceExplorer:MiniBoosters"]},{"damage_healed":0,"gold_gain":0,"player_choice":"Inject Mutagens","damage_taken":0,"relics_obtained":["MutagenicStrength"],"max_hp_gain":0,"max_hp_loss":0,"event_name":"Drug Dealer","floor":30,"gold_loss":0}],"is_beta":false,"boss_relics":[{"not_picked":["Sozu","hubris:BlackHole"],"picked":"theForsaken:PaleLantern"},{"not_picked":["hubris:RunicObelisk","Coffee Dripper"],"picked":"Black Star"}],"items_purged_floors":[],"is_endless":false,"potions_floor_spawned":[1,4,13,14,16,21,24,29,33,35,40,48],"killed_by":"The Heart","ascension_level":0}}