{"host":"bq4pt811tk9yrmjl","time":1611605006,"event":{"mods":["AchievementEnabler","BaseMod","Colored Map","Colored Powertips","Defuse TimeMaze Blight","Hermit","Minty Spire (QoL Compilation)","StSLib","SuperFastMode"],"gold_per_floor":[113,113,113,132,132,161,161,171,245,277,277,288,303,319,319,422,422,438,143,143,143,157,157,171,171,171,184,184,201,235,235,235,331,331,348,365,365,365,415,415,427,427,454,485,497,497,497,116,116,116,116,116,38,66,66],"floor_reached":56,"language":"ENG","playtime":1671,"items_purged":[],"score":1377,"play_id":"5f4a2064-435a-431a-a7fd-9590a5e46b25","local_time":"20210125180326","is_ascension_mode":true,"campfire_choices":[{"data":"hermit:Brawl","floor":7.0,"key":"SMITH"},{"data":"hermit:GoldenBullet","floor":11.0,"key":"SMITH"},{"floor":15.0,"key":"REST"},{"floor":23.0,"key":"REST"},{"floor":25.0,"key":"RECALL"},{"data":"hermit:GhostlyPresence","floor":28.0,"key":"SMITH"},{"floor":32.0,"key":"REST"},{"data":"hermit:TakeCover","floor":42.0,"key":"SMITH"},{"floor":46.0,"key":"REST"},{"data":"Madness","floor":49.0,"key":"SMITH"},{"data":"hermit:Covet","floor":52.0,"key":"SMITH"}],"circlet_count":0,"master_deck":["hermit:Strike_Hermit","hermit:Strike_Hermit","hermit:Defend_Hermit+1","hermit:Defend_Hermit+1","hermit:Defend_Hermit","hermit:Defend_Hermit","hermit:Snapshot+1","hermit:Covet+1","hermit:Brawl+1","hermit:GoldenBullet+1","hermit:Shortfuse+1","hermit:HighNoon+1","hermit:CalledShot+1","hermit:Maintenance+1","hermit:GhostlyPresence+1","hermit:EyeOfTheStorm+1","Madness+1","hermit:TakeCover+1","hermit:Showdown+1","hermit:BodyArmor+1","hermit:Coalescence+1"],"relics":["hermit:Momento","NeowsBlessing","Happy Flower","Gremlin Horn","Pantograph","Astrolabe","Juzu Bracelet","Bronze Scales","Lantern","Sozu","hermit:RedScarf","Potion Belt","White Beast Statue","Membership Card","Pen Nib","TungstenRod","Chemical X","War Paint"],"acts_visited":["Exordium","TheCity","TheBeyond","TheEnding"],"potions_floor_usage":[54],"damage_taken":[{"damage":0.0,"enemies":"Small Slimes","floor":1.0,"turns":1.0},{"damage":0.0,"enemies":"Jaw Worm","floor":4.0,"turns":1.0},{"damage":0.0,"enemies":"3 Sentries","floor":6.0,"turns":2.0},{"damage":0.0,"enemies":"2 Louse","floor":8.0,"turns":1.0},{"damage":34.0,"enemies":"Gremlin Nob","floor":10.0,"turns":5.0},{"damage":9.0,"enemies":"Blue Slaver","floor":12.0,"turns":4.0},{"damage":19.0,"enemies":"Gremlin Gang","floor":13.0,"turns":5.0},{"damage":0.0,"enemies":"2 Fungi Beasts","floor":14.0,"turns":1.0},{"damage":21.0,"enemies":"The Guardian","floor":16.0,"turns":11.0},{"damage":9.0,"enemies":"Shell Parasite","floor":18.0,"turns":4.0},{"damage":15.0,"enemies":"2 Thieves","floor":22.0,"turns":4.0},{"damage":7.0,"enemies":"Cultist and Chosen","floor":24.0,"turns":6.0},{"damage":0.0,"enemies":"Centurion and Healer","floor":27.0,"turns":6.0},{"damage":6.0,"enemies":"Snecko","floor":29.0,"turns":5.0},{"damage":35.0,"enemies":"Slavers","floor":30.0,"turns":4.0},{"damage":33.0,"enemies":"Collector","floor":33.0,"turns":9.0},{"damage":1.0,"enemies":"3 Shapes","floor":35.0,"turns":4.0},{"damage":5.0,"enemies":"Orb Walker","floor":36.0,"turns":3.0},{"damage":3.0,"enemies":"Mind Bloom Boss Battle","floor":39.0,"turns":6.0},{"damage":0.0,"enemies":"Transient","floor":41.0,"turns":5.0},{"damage":0.0,"enemies":"Giant Head","floor":44.0,"turns":8.0},{"damage":10.0,"enemies":"Jaw Worm Horde","floor":45.0,"turns":3.0},{"damage":15.0,"enemies":"Awakened One","floor":50.0,"turns":15.0},{"damage":21,"enemies":"Shield and Spear","floor":54,"turns":9},{"damage":73,"enemies":"The Heart","floor":55,"turns":14}],"seed_played":"8160175810204007981","potions_obtained":[{"floor":1.0,"key":"BlessingOfTheForge"},{"floor":13.0,"key":"LiquidBronze"},{"floor":14.0,"key":"DistilledChaos"},{"floor":16.0,"key":"Fire Potion"},{"floor":29.0,"key":"ColorlessPotion"},{"floor":30.0,"key":"PowerPotion"},{"floor":31.0,"key":"SkillPotion"},{"floor":31.0,"key":"ColorlessPotion"},{"floor":33.0,"key":"DuplicationPotion"}],"is_trial":false,"path_per_floor":["M","$","?","M","?","E","R","M","T","E","R","M","M","M","R","B",null,"M","$","?","$","M","R","M","R","T","M","R","M","E","?","R","B",null,"M","M","?","?","?","?","M","R","T","E","M","R","?","$","R","B",null,"R","$","E","B",null],"character_chosen":"HERMIT","items_purchased":["Juzu Bracelet","Bronze Scales","Membership Card","Pen Nib","TungstenRod","Chemical X"],"campfire_rested":4,"item_purchase_floors":[19,19,48,48,48,53],"current_hp_per_floor":[75,75,75,75,75,75,75,75,75,41,41,32,13,13,35,39,75,66,66,66,66,51,73,66,66,66,66,66,60,25,25,47,39,75,74,69,60,60,72,72,72,72,72,72,62,75,75,75,75,60,75,75,75,54,2],"gold":66,"neow_bonus":"THREE_ENEMY_KILL","is_daily":false,"chose_seed":false,"campfire_upgraded":6,"win_rate":0.0,"timestamp":1611605006,"path_taken":["M","$","?","M","?","E","R","M","T","E","R","M","M","M","R","BOSS","M","$","?","$","M","R","M","R","T","M","R","M","E","?","R","BOSS","M","M","?","?","?","?","M","R","T","E","M","R","?","$","R","BOSS","R","$","E","BOSS"],"items_purchased_type":["Relic","Relic","Relic","Relic","Relic","Relic"],"build_version":"2020-12-22","purchased_purges":0,"victory":true,"max_hp_per_floor":[75,75,75,75,75,75,75,75,75,75,75,75,75,75,75,75,75,75,75,75,75,75,75,75,75,75,75,75,75,75,75,75,75,75,75,75,75,75,75,75,75,75,75,75,75,75,75,75,75,75,75,75,75,75,75],"card_choices":[{"not_picked":["hermit:Grudge","hermit:Feint","hermit:SprayPray"],"picked":"SKIP","floor":1.0},{"not_picked":["hermit:Vantage","hermit:Spite"],"picked":"hermit:Brawl","floor":4.0},{"not_picked":["hermit:Gestalt","hermit:Headshot"],"picked":"hermit:GoldenBullet","floor":6.0},{"not_picked":["hermit:Feint","hermit:Showdown","hermit:EyeOfTheStorm"],"picked":"SKIP","floor":8.0},{"not_picked":["hermit:TakeAim","hermit:Spite","hermit:CursedWeapon"],"picked":"SKIP","floor":10.0},{"not_picked":["hermit:Magnum","hermit:ShadowCloak","hermit:Roulette"],"picked":"SKIP","floor":12.0},{"not_picked":["hermit:TrackingShot","hermit:Virtue","hermit:Manifest"],"picked":"SKIP","floor":13.0},{"not_picked":["hermit:Snipe","hermit:Manifest","hermit:Combo"],"picked":"SKIP","floor":14.0},{"not_picked":["hermit:DeadOrAlive","hermit:Reprieve"],"picked":"hermit:RoundhouseKick","floor":16.0},{"not_picked":["hermit:Desperado","hermit:FullyLoaded","hermit:Roulette"],"picked":"SKIP","floor":18.0},{"not_picked":["hermit:Roulette","hermit:TakeAim","hermit:HighCaliber"],"picked":"SKIP","floor":22.0},{"not_picked":["hermit:GhostlyPresence+1","hermit:TrackingShot"],"picked":"hermit:Maintenance+1","floor":24.0},{"not_picked":["hermit:LuckOfTheDraw","hermit:Enervate"],"picked":"hermit:GhostlyPresence","floor":27.0},{"not_picked":["hermit:Roulette+1","hermit:BodyArmor","hermit:Desperado"],"picked":"SKIP","floor":29.0},{"not_picked":["hermit:Quickdraw+1","hermit:TrackingShot+1","hermit:Manifest"],"picked":"SKIP","floor":30.0},{"not_picked":["hermit:TrackingShot","hermit:Manifest","hermit:CalledShot"],"picked":"SKIP","floor":35.0},{"not_picked":["hermit:Ricochet+1","hermit:Feint"],"picked":"hermit:EyeOfTheStorm+1","floor":36.0},{"not_picked":["hermit:Headshot","hermit:Coalescence"],"picked":"hermit:TakeCover","floor":39.0},{"not_picked":["hermit:Desperado","hermit:Manifest+1","hermit:BigShot+1"],"picked":"SKIP","floor":41.0},{"not_picked":["hermit:Headshot","hermit:HoleUp"],"picked":"hermit:Showdown+1","floor":44.0},{"not_picked":["hermit:Reprieve","hermit:Snipe+1"],"picked":"hermit:BodyArmor+1","floor":45.0},{"not_picked":["hermit:CursedWeapon+1","hermit:SprayPray"],"picked":"hermit:Coalescence+1","floor":54}],"player_experience":250145,"relics_obtained":[{"floor":6.0,"key":"Happy Flower"},{"floor":9.0,"key":"Gremlin Horn"},{"floor":10.0,"key":"Pantograph"},{"floor":30.0,"key":"Lantern"},{"floor":39.0,"key":"hermit:RedScarf"},{"floor":43.0,"key":"Potion Belt"},{"floor":44.0,"key":"White Beast Statue"},{"floor":54,"key":"War Paint"}],"event_choices":[{"damage_healed":0.0,"max_hp_gain":0.0,"max_hp_loss":0.0,"gold_gain":0.0,"event_name":"Living Wall","player_choice":"Grow","floor":3.0,"gold_loss":0.0,"damage_taken":0.0,"cards_upgraded":["hermit:Snapshot"]},{"damage_healed":0.0,"max_hp_gain":0.0,"max_hp_loss":0.0,"gold_gain":0.0,"event_name":"The Cleric","player_choice":"Leave","floor":5.0,"gold_loss":0.0,"damage_taken":0.0},{"damage_healed":0.0,"max_hp_gain":0.0,"max_hp_loss":0.0,"gold_gain":0.0,"event_name":"Cursed Tome","player_choice":"Ignored","floor":20.0,"gold_loss":0.0,"damage_taken":0.0},{"damage_healed":0.0,"max_hp_gain":0.0,"max_hp_loss":0.0,"gold_gain":0.0,"event_name":"Lab","player_choice":"Got Potions","floor":31.0,"gold_loss":0.0,"damage_taken":0.0},{"damage_healed":0.0,"max_hp_gain":0.0,"max_hp_loss":0.0,"gold_gain":0.0,"event_name":"Winding Halls","player_choice":"Embrace Madness","floor":37.0,"gold_loss":0.0,"damage_taken":9.0,"cards_obtained":["Madness","Madness"]},{"cards_removed":["Madness"],"damage_healed":0.0,"max_hp_gain":0.0,"max_hp_loss":0.0,"gold_gain":0.0,"event_name":"Falling","player_choice":"Removed Skill","floor":38.0,"gold_loss":0.0,"damage_taken":0.0},{"damage_healed":0.0,"max_hp_gain":0.0,"max_hp_loss":0.0,"gold_gain":0.0,"event_name":"MindBloom","player_choice":"Fight","floor":39.0,"gold_loss":0.0,"damage_taken":0.0},{"damage_healed":0.0,"max_hp_gain":0.0,"max_hp_loss":0.0,"gold_gain":0.0,"event_name":"SensoryStone","player_choice":"Memory 1","floor":40.0,"gold_loss":0.0,"damage_taken":0.0},{"damage_healed":0.0,"max_hp_gain":0.0,"max_hp_loss":0.0,"gold_gain":0.0,"event_name":"Tomb of Lord Red Mask","player_choice":"Ignored","floor":47.0,"gold_loss":0.0,"damage_taken":0.0}],"is_beta":false,"boss_relics":[{"not_picked":["Snecko Eye","Black Star"],"picked":"Astrolabe"},{"not_picked":["Cursed Key","Runic Pyramid"],"picked":"Sozu"}],"items_purged_floors":[],"is_endless":false,"potions_floor_spawned":[1,13,14,16,29,30,33,41,44,45,54],"ascension_level":1}}