{"host":"swphzoo6hmc78epl","time":1611547762,"event":{"mods":["BaseMod","Highlight Path","Minty Spire (QoL Compilation)","Quick Restart"],"gold_per_floor":[17,28,42,42,52,52,72,72,95,95,111,111,131,141,141,237,237,247,247,19,53,68,100,100,100,100],"floor_reached":25,"language":"ENG","playtime":1471,"items_purged":["Strike_G"],"score":283,"play_id":"7b71f191-c74e-4645-bc9d-008c15887ce9","local_time":"20210124230922","is_ascension_mode":true,"campfire_choices":[{"data":"Metamorphosis","floor":6,"key":"SMITH"},{"data":"Skewer","floor":10,"key":"SMITH"},{"data":"Dagger Spray","floor":12,"key":"SMITH"},{"data":"Prepared","floor":15,"key":"SMITH"},{"data":"Envenom","floor":24,"key":"SMITH"}],"circlet_count":0,"master_deck":["Strike_G","Strike_G","Strike_G","Defend_G","Defend_G","Defend_G","Defend_G","Defend_G","Survivor","Neutralize","Metamorphosis+1","Finisher","Backflip","Quick Slash","Skewer+1","Dagger Spray+1","Prepared+1","Choke","Envenom+1","Deflect+1","Ghostly","Ghostly","Ghostly","Ghostly","Ghostly","Thunderclap","Slice+1","Spot Weakness"],"relics":["Ring of the Snake","Centennial Puzzle","Coffee Dripper","PrismaticShard","Red Mask","Bag of Preparation"],"acts_visited":["Exordium","TheCity"],"potions_floor_usage":[13,16,16],"damage_taken":[{"damage":4,"enemies":"Small Slimes","floor":1,"turns":4},{"damage":2,"enemies":"Jaw Worm","floor":2,"turns":3},{"damage":0,"enemies":"2 Louse","floor":3,"turns":3},{"damage":6,"enemies":"Looter","floor":5,"turns":4},{"damage":8,"enemies":"2 Fungi Beasts","floor":7,"turns":3},{"damage":5,"enemies":"Exordium Thugs","floor":11,"turns":4},{"damage":0,"enemies":"Looter","floor":13,"turns":3},{"damage":13,"enemies":"Blue Slaver","floor":14,"turns":3},{"damage":20,"enemies":"The Guardian","floor":16,"turns":10},{"damage":17,"enemies":"2 Thieves","floor":18,"turns":3},{"damage":20,"enemies":"Masked Bandits","floor":21,"turns":6},{"damage":1,"enemies":"Chosen","floor":22,"turns":4},{"damage":3,"enemies":"Slavers","floor":23,"turns":6},{"damage":12,"enemies":"Snake Plant","floor":25,"turns":2}],"seed_played":"78653507697354057","potions_obtained":[{"floor":3,"key":"PowerPotion"},{"floor":5,"key":"LiquidBronze"},{"floor":11,"key":"DistilledChaos"},{"floor":14,"key":"Fire Potion"}],"is_trial":false,"path_per_floor":["M","M","M","?","M","R","M","$","T","R","M","R","M","M","R","B",null,"M","?","$","?","M","E","R","M"],"character_chosen":"THE_SILENT","items_purchased":["PrismaticShard"],"campfire_rested":0,"item_purchase_floors":[20],"current_hp_per_floor":[66,64,64,64,58,58,50,50,50,50,45,45,45,32,32,12,70,53,35,35,15,14,11,11,0,0],"gold":100,"neow_bonus":"RANDOM_COLORLESS_2","is_daily":false,"chose_seed":false,"campfire_upgraded":5,"win_rate":0.0,"timestamp":1611547762,"path_taken":["M","M","M","?","M","R","M","$","T","R","M","R","M","M","R","BOSS","M","?","$","?","M","E","R","M"],"items_purchased_type":["Relic"],"build_version":"2020-12-22","purchased_purges":1,"victory":false,"max_hp_per_floor":[70,70,70,70,70,70,70,70,70,70,70,70,70,70,70,70,70,70,35,35,35,35,35,35,35,35],"card_choices":[{"not_picked":["Secret Technique","Apotheosis"],"picked":"Metamorphosis","floor":0},{"not_picked":["Cloak And Dagger","Underhanded Strike"],"picked":"Finisher","floor":1},{"not_picked":["Escape Plan","Outmaneuver"],"picked":"Backflip","floor":2},{"not_picked":["Eviscerate","Flying Knee"],"picked":"Quick Slash","floor":3},{"not_picked":["Catalyst","PiercingWail"],"picked":"Skewer","floor":5},{"not_picked":["Blade Dance","Venomology"],"picked":"Dagger Spray","floor":7},{"not_picked":["Prepared","Setup","Skewer"],"picked":"SKIP","floor":11},{"not_picked":["Catalyst","Dagger Spray"],"picked":"Prepared","floor":13},{"not_picked":["Acrobatics","Deflect"],"picked":"Choke","floor":14},{"not_picked":["Wraith Form v2","Night Terror"],"picked":"Envenom","floor":16},{"not_picked":["Outmaneuver","Finisher"],"picked":"Deflect+1","floor":18},{"not_picked":["Prepared+1","Blood for Blood"],"picked":"Thunderclap","floor":21},{"not_picked":["Warcry","Recycle"],"picked":"Slice+1","floor":22},{"not_picked":["Rebound","Eviscerate"],"picked":"Spot Weakness","floor":23}],"player_experience":842612,"relics_obtained":[{"floor":9,"key":"Centennial Puzzle"},{"floor":21,"key":"Red Mask"},{"floor":23,"key":"Bag of Preparation"}],"event_choices":[{"cards_removed":["Strike_G"],"damage_healed":0,"gold_gain":0,"player_choice":"Forget","damage_taken":0,"max_hp_gain":0,"max_hp_loss":0,"event_name":"Living Wall","floor":4,"gold_loss":0},{"damage_healed":0,"gold_gain":0,"player_choice":"Became a Ghost","damage_taken":0,"max_hp_gain":0,"max_hp_loss":35,"event_name":"Ghosts","floor":19,"gold_loss":0,"cards_obtained":["Ghostly","Ghostly","Ghostly","Ghostly","Ghostly"]},{"damage_healed":0,"gold_gain":0,"player_choice":"Fought Bandits","damage_taken":0,"max_hp_gain":0,"max_hp_loss":0,"event_name":"Masked Bandits","floor":21,"gold_loss":0}],"is_beta":false,"boss_relics":[{"not_picked":["Cursed Key","Runic Pyramid"],"picked":"Coffee Dripper"}],"items_purged_floors":[20],"is_endless":false,"potions_floor_spawned":[3,5,11,14],"killed_by":"Snake Plant","ascension_level":4}}