{"host":"1c52r9kaxdyo25eq","time":1611586853,"event":{"mods":["AchievementEnabler","BaseMod","Minty Spire (QoL Compilation)","Rare Cards Sparkle","SuperFastMode","everything is the same but u backflip on backflip"],"gold_per_floor":[109,121,134,134,154,154,154,194,194,78,78,78,108,121,121,216,216,240,290,290,290,25,25,49,49,75,87,99,111,137,167,179,191,191],"floor_reached":33,"language":"KOR","playtime":1206,"items_purged":["Strike_G","All Out Attack"],"score":490,"play_id":"d04762ec-e0d3-4947-93a7-566b7f7c93a8","local_time":"20210126000053","is_ascension_mode":true,"campfire_choices":[{"data":"Neutralize","floor":6.0,"key":"SMITH"},{"floor":11.0,"key":"REST"},{"floor":15,"key":"REST"},{"data":"Well Laid Plans","floor":23,"key":"SMITH"},{"floor":25,"key":"REST"},{"data":"Catalyst","floor":28,"key":"SMITH"},{"floor":32,"key":"REST"}],"circlet_count":0,"master_deck":["AscendersBane","Survivor","Neutralize+1","Riddle With Holes","Dash","Prepared+1","Quick Slash+1","Catalyst+1","Footwork","Poisoned Stab","Reflex+1","Poisoned Stab","Adrenaline","Cloak And Dagger","Adrenaline","Choke","Blur","Outmaneuver","Malaise+1","Infinite Blades","Well Laid Plans+1","Backflip","Acrobatics"],"relics":["Ring of the Snake","Golden Idol","Oddly Smooth Stone","Kunai","Matryoshka","Pandora\u0027s Box","War Paint","MawBank","Darkstone Periapt"],"acts_visited":["Exordium","TheCity"],"potions_floor_usage":[29,30,33,33,33],"damage_taken":[{"damage":6.0,"enemies":"Jaw Worm","floor":1.0,"turns":4.0},{"damage":0.0,"enemies":"2 Louse","floor":2.0,"turns":2.0},{"damage":0.0,"enemies":"Small Slimes","floor":3.0,"turns":3.0},{"damage":5.0,"enemies":"Blue Slaver","floor":5.0,"turns":4.0},{"damage":19.0,"enemies":"Gremlin Nob","floor":8.0,"turns":4.0},{"damage":4,"enemies":"3 Louse","floor":14,"turns":4},{"damage":15,"enemies":"Hexaghost","floor":16,"turns":11},{"damage":13,"enemies":"Shell Parasite","floor":18,"turns":7},{"damage":9,"enemies":"2 Thieves","floor":24,"turns":5},{"damage":0,"enemies":"Cultist and Chosen","floor":29,"turns":3},{"damage":16,"enemies":"Shelled Parasite and Fungi","floor":30,"turns":10},{"damage":11,"enemies":"Snake Plant","floor":31,"turns":5},{"damage":5,"enemies":"Champ","floor":33,"turns":19}],"seed_played":"-2821880534475562800","potions_obtained":[{"floor":5.0,"key":"Strength Potion"},{"floor":8.0,"key":"SmokeBomb"},{"floor":16,"key":"Weak Potion"},{"floor":30,"key":"EntropicBrew"}],"is_trial":false,"path_per_floor":["M","M","M","?","M","R","T","E","T","$","R","?","?","M","R","B",null,"M","?","?","?","$","R","M","R","T","$","R","M","M","M","R","B"],"character_chosen":"THE_SILENT","items_purchased":["Reflex","War Paint"],"campfire_rested":4,"item_purchase_floors":[10,22],"current_hp_per_floor":[38,38,38,38,33,33,33,14,14,14,32,14,14,10,28,13,48,35,35,35,35,35,35,26,44,44,44,44,44,28,17,35,30,30],"gold":191,"neow_bonus":"TRANSFORM_TWO_CARDS","is_daily":false,"chose_seed":false,"campfire_upgraded":3,"win_rate":0.0,"timestamp":1611586853,"path_taken":["M","M","M","?","M","R","?","E","T","$","R","?","?","M","R","BOSS","M","?","?","?","$","R","M","R","T","?","R","?","M","M","R","BOSS"],"items_purchased_type":["Card","Relic"],"build_version":"2020-12-22","purchased_purges":2,"victory":false,"max_hp_per_floor":[66,66,66,60,60,60,60,60,60,60,60,60,60,60,60,60,60,60,60,60,60,60,60,60,60,60,60,60,60,60,60,60,60,60],"card_choices":[{"not_picked":["Outmaneuver","Setup"],"picked":"Prepared","floor":1.0},{"not_picked":["Endless Agony","Riddle With Holes"],"picked":"Quick Slash","floor":2.0},{"not_picked":["Deflect","Bane"],"picked":"Catalyst","floor":3.0},{"not_picked":["Dagger Throw","Outmaneuver"],"picked":"Footwork","floor":5.0},{"not_picked":["Dodge and Roll","Malaise"],"picked":"Poisoned Stab","floor":8.0},{"not_picked":["Masterful Stab","Cloak And Dagger"],"picked":"Poisoned Stab","floor":14},{"not_picked":["Venomology","Envenom"],"picked":"Adrenaline","floor":16},{"not_picked":["Slice","Outmaneuver"],"picked":"Infinite Blades","floor":18},{"not_picked":["Noxious Fumes","Dodge and Roll"],"picked":"Backflip","floor":24},{"not_picked":["Blade Dance","Poisoned Stab","Acrobatics"],"picked":"SKIP","floor":30},{"not_picked":["Blade Dance","Poisoned Stab"],"picked":"Acrobatics","floor":30},{"not_picked":["Doppelganger","Finisher","Sucker Punch"],"picked":"SKIP","floor":31}],"player_experience":609449,"relics_obtained":[{"floor":7.0,"key":"Oddly Smooth Stone"},{"floor":8.0,"key":"Kunai"},{"floor":9.0,"key":"Matryoshka"},{"floor":26,"key":"MawBank"},{"floor":26,"key":"Darkstone Periapt"}],"event_choices":[{"damage_healed":0.0,"max_hp_gain":0.0,"max_hp_loss":6.0,"gold_gain":0.0,"event_name":"Golden Idol","player_choice":"Lose Max HP","floor":4.0,"gold_loss":0.0,"damage_taken":0.0,"relics_obtained":["Golden Idol"]},{"damage_healed":0.0,"max_hp_gain":0.0,"max_hp_loss":0.0,"gold_gain":0.0,"event_name":"Shining Light","player_choice":"Entered Light","floor":12.0,"gold_loss":0.0,"damage_taken":18.0,"cards_upgraded":["Quick Slash","Prepared"]},{"damage_healed":0.0,"max_hp_gain":0.0,"max_hp_loss":0.0,"gold_gain":30.0,"event_name":"Dead Adventurer","player_choice":"Searched \u00271\u0027 times","floor":13.0,"gold_loss":0.0,"damage_taken":0.0},{"damage_healed":0,"gold_gain":50,"player_choice":"Stole From Cult","damage_taken":0,"max_hp_gain":0,"max_hp_loss":0,"event_name":"Nest","floor":19,"gold_loss":0},{"damage_healed":0,"gold_gain":0,"player_choice":"Read","damage_taken":0,"max_hp_gain":0,"max_hp_loss":0,"event_name":"The Library","floor":20,"gold_loss":0,"cards_obtained":["Well Laid Plans"]},{"damage_healed":0,"gold_gain":0,"player_choice":"Ignored","damage_taken":0,"max_hp_gain":0,"max_hp_loss":0,"event_name":"Ghosts","floor":21,"gold_loss":0}],"is_beta":false,"boss_relics":[{"not_picked":["SacredBark","WristBlade"],"picked":"Pandora\u0027s Box"}],"items_purged_floors":[10,22],"is_endless":false,"potions_floor_spawned":[5,8,16,29,30],"killed_by":"Champ","ascension_level":20}}