{"host":"k18hfimadcku5042","time":1611573211,"event":{"mods":["Act Like it!","Aspiration","BaseMod","Minty Spire (QoL Compilation)","Pale of the Ancients","Replay The Spire","Spicy Shops","StSLib","The Runesmith","¡¾ÒÅÎï¿¨ÅÆ¡¿REMEMod"],"gold_per_floor":[117,128,128,128,128,146,157,191,191,223,223,223,223],"floor_reached":12,"language":"ZHS","playtime":544,"items_purged":[],"score":97,"play_id":"6ec420cf-3d96-4302-a9ce-d267e6500f53","local_time":"20210125191331","is_ascension_mode":true,"campfire_choices":[{"data":"White Noise","floor":9.0,"key":"SMITH"}],"circlet_count":0,"master_deck":["Strike_B+1","Strike_B","Strike_B","Strike_B","Defend_B","Defend_B","Defend_B","Defend_B","Zap","Dualcast","Core Surge+1","REME_Whirling","Conserve Battery","White Noise+1","Hologram","Turbo","Electrodynamics"],"relics":["Cracked Core","REME_ComplimentaryCards","NeowsBlessing","Darkstone Periapt","Anchor","aspiration:AnachronicSnailShell"],"acts_visited":["Exordium"],"potions_floor_usage":[],"damage_taken":[{"damage":0.0,"enemies":"Small Slimes","floor":1.0,"turns":1.0},{"damage":0.0,"enemies":"Jaw Worm","floor":2.0,"turns":1.0},{"damage":0.0,"enemies":"2 Louse","floor":6.0,"turns":1.0},{"damage":1.0,"enemies":"2 Fungi Beasts","floor":7.0,"turns":3.0},{"damage":22.0,"enemies":"Replay:BlueRogue","floor":8.0,"turns":4.0},{"damage":23,"enemies":"Lagavulin","floor":10,"turns":8},{"damage":7,"enemies":"Gremlin Nob","floor":12,"turns":3}],"seed_played":"-749006118795396286","potions_obtained":[{"floor":2.0,"key":"FocusPotion"}],"is_trial":false,"path_per_floor":["M","M","PTL","PTL","?","M","M","E","R","E","T","E"],"character_chosen":"DEFECT","items_purchased":[],"campfire_rested":0,"item_purchase_floors":[],"current_hp_per_floor":[75,75,75,75,60,60,59,37,37,14,14,7,7],"gold":223,"neow_bonus":"THREE_ENEMY_KILL","is_daily":false,"chose_seed":false,"campfire_upgraded":1,"win_rate":0.0,"timestamp":1611573211,"path_taken":["M","M","PTL","PTL","?","M","M","E","R","E","T","E"],"items_purchased_type":[],"build_version":"2020-12-22","purchased_purges":0,"victory":false,"max_hp_per_floor":[75,75,75,75,75,75,75,75,75,75,75,75,75],"card_choices":[{"not_picked":["Panic Button","Hologram"],"picked":"REME_Whirling","floor":1.0},{"not_picked":["Turbo","Beam Cell"],"picked":"Conserve Battery","floor":2.0},{"not_picked":["Conserve Battery","Sweeping Beam"],"picked":"White Noise","floor":6.0},{"not_picked":["Tempest","Heatsinks"],"picked":"Hologram","floor":7.0},{"not_picked":["Streamline","Conserve Battery"],"picked":"Turbo","floor":8.0},{"not_picked":["Coolheaded","REME_SelfUpgrade"],"picked":"Electrodynamics","floor":10}],"player_experience":200263,"relics_obtained":[{"floor":8.0,"key":"Darkstone Periapt"},{"floor":10,"key":"Anchor"},{"floor":11,"key":"aspiration:AnachronicSnailShell"}],"event_choices":[{"damage_healed":0.0,"max_hp_gain":0.0,"max_hp_loss":0.0,"gold_gain":0.0,"event_name":"Shining Light","player_choice":"Entered Light","floor":5.0,"gold_loss":0.0,"damage_taken":15.0,"cards_upgraded":["Core Surge","Strike_B"]}],"is_beta":false,"boss_relics":[],"items_purged_floors":[],"is_endless":false,"potions_floor_spawned":[2],"killed_by":"Gremlin Nob","ascension_level":2}}