{"host":"jgyoyy5iuhtvyvtg","time":1611542222,"event":{"mods":["2.2 Compatiblity","BaseMod","Challenge The Spire","Colored Map","Conspire","Dark Map","Downfall","Hermit","Highlight Path","Infinite Spire","Lobotomy","LobotomyExtend","Minty Spire (QoL Compilation)","Quick Restart","Replay The Spire","Spikes Relics","StSLib","The Construct","The Disciple","The Jungle","Yuri Mod"],"gold_per_floor":[99,113,113,128,278,155,182,210,210,72,82,96,96,109,124,222,222,122,122,140,140,140,150,150,161,181,181,181,181,181,19,35,131,131,131,143,42,198,198,228,251,251,301,311,311,330,343,362,376,376,376,376],"floor_reached":50,"language":"ENG","playtime":2668,"items_purged":["downfall:Icky","champ:Strike","champ:Strike","champ:Strike"],"score":524,"play_id":"df6dac0e-d452-4353-bf95-78c817e52798","local_time":"20210124183702","is_ascension_mode":false,"campfire_choices":[{"data":"champ:Taunt","floor":1,"key":"SMITH"},{"data":"champ:EnragedBash","floor":9,"key":"SMITH"},{"data":"champ:UltimateStance","floor":13,"key":"SMITH"},{"data":"champ:DeathBlow","floor":18,"key":"SMITH"},{"floor":27,"key":"REST"},{"data":"champ:BerserkerStyle","floor":30,"key":"SMITH"},{"data":"champ:UltimateStance","floor":35,"key":"SMITH"},{"floor":42,"key":"REST"},{"data":"champ:Lariat","floor":45,"key":"SMITH"}],"circlet_count":0,"master_deck":["champ:Strike","champ:Defend","champ:Defend","champ:Defend","champ:Defend","champ:Execute","champ:Taunt+1","champ:AdrenalArmor+1","champ:DeathBlow+1","champ:BerserkerStyle+1","champ:EnragedBash+1","champ:CrownThrow","champ:Shatter","champ:BringItOn","champ:UltimateStance+1","champ:SteelEdge","champ:AdrenalArmor","champ:Haymaker","champ:ShieldSlam+1","champ:UltimateStance+1","champ:ViciousMockery+1","champ:CrookedStrike","champ:Duel","champ:VampiricStrike","champ:Lariat+1","champ:Encircle","champ:ShieldWall","champ:BerserkerStyle","champ:EnchantCrown","Parasite","champ:StanceDance"],"relics":["champ:ChampionCrown","LetterFromLob","conspire:DecoderRing","Tiny Chest","infinitespire:Golems Mask","Velvet Choker","downfall:HeartBlessingGreen","Simple Rune","GiantMaggot","ReplayFunnel","SnailShell","Replay:Grab Bag","ChewingGum","Philosopher\u0027s Stone","construct:WeddingRing","infinitespire:Broken Mirror","Singing Bowl","Boot","Medical Kit","Tiny House"],"acts_visited":["Exordium","Exordium","TheBeyond"],"potions_floor_usage":[16,25,32,33,50,50,50],"damage_taken":[{"damage":24,"enemies":"Cultist","floor":2,"turns":5},{"damage":7,"enemies":"2 Louse","floor":4,"turns":4},{"damage":25,"enemies":"downfall:FleeingMerchant","floor":6,"turns":4},{"damage":64,"enemies":"Replay:BlueRogue","floor":8,"turns":7},{"damage":46,"enemies":"downfall:FleeingMerchant","floor":10,"turns":4},{"damage":30,"enemies":"Small Slimes","floor":11,"turns":3},{"damage":52,"enemies":"Exordium Thugs","floor":12,"turns":5},{"damage":5,"enemies":"Red Slaver","floor":14,"turns":2},{"damage":32,"enemies":"Large Slime","floor":15,"turns":4},{"damage":95,"enemies":"SI_SHIV_ARCHETYPE","floor":16,"turns":8},{"damage":66,"enemies":"theJungle:GiantWrat","floor":20,"turns":5},{"damage":56,"enemies":"Shell Parasite","floor":23,"turns":4},{"damage":57,"enemies":"theJungle:Lyon","floor":25,"turns":3},{"damage":77,"enemies":"theJungle:SlimyTreeVines","floor":26,"turns":8},{"damage":63,"enemies":"downfall:FleeingMerchant","floor":31,"turns":4},{"damage":50,"enemies":"theJungle:Snecko_Cultist_And_Trap","floor":32,"turns":4},{"damage":100,"enemies":"WA_ARCHETYPE_CALM","floor":33,"turns":8},{"damage":76,"enemies":"3 Shapes","floor":36,"turns":7},{"damage":55,"enemies":"downfall:FleeingMerchant","floor":37,"turns":4},{"damage":7,"enemies":"downfall:FleeingMerchant","floor":38,"turns":1},{"damage":88,"enemies":"Reptomancer","floor":40,"turns":6},{"damage":53,"enemies":"Orb Walker","floor":44,"turns":3},{"damage":91,"enemies":"3 Darklings","floor":46,"turns":5},{"damage":85,"enemies":"Sphere and 2 Shapes","floor":47,"turns":3},{"damage":40,"enemies":"Writhing Mass","floor":48,"turns":3},{"damage":101,"enemies":"Maw","floor":49,"turns":8},{"damage":161,"enemies":"IC_BLOCK_ARCHETYPE","floor":50,"turns":8}],"seed_played":"-703575538359296360","potions_obtained":[{"floor":4,"key":"SpeedPotion"},{"floor":8,"key":"SteroidPotion"},{"floor":12,"key":"Swift Potion"},{"floor":16,"key":"champ:CounterPotion"},{"floor":25,"key":"Reflective Coating"},{"floor":28,"key":"Death Potion"},{"floor":33,"key":"Dexterity Potion"},{"floor":43,"key":"PowerPotion"}],"is_trial":false,"path_per_floor":["R","M","?","M","?","$","T","E","R","$","M","M","R","M","M","B",null,"R","?","M","?","T","M","T","M","M","R","?","AVR","R","$","M","B",null,"R","M","$","$","T","E","T","R","AVR","M","R","M","M","M","M","B"],"character_chosen":"THE_CHAMP","items_purchased":["champ:EnragedBash","champ:BringItOn","SnailShell","champ:ShieldWall","PowerPotion","champ:BerserkerStyle"],"campfire_rested":2,"item_purchase_floors":[6,10,31,37,37,38],"current_hp_per_floor":[99,95,95,93,93,88,88,83,83,73,67,54,54,54,47,15,99,99,99,95,90,90,82,82,50,41,70,70,70,70,62,62,26,99,99,74,74,74,74,39,39,68,75,77,77,73,75,77,44,0,0,0],"gold":376,"neow_bonus":"TEN_PERCENT_HP_BONUS","is_daily":false,"chose_seed":false,"campfire_upgraded":7,"win_rate":0.0,"timestamp":1611542222,"path_taken":["R","M","?","M","?","$","T","E","R","$","M","M","R","M","M","BOSS","R","?","?","?","?","?","T","M","M","R","?","AVR","R","$","M","BOSS","R","M","?","$","?","E","T","R","AVR","M","R","M","M","M","M","BOSS"],"items_purchased_type":["Card","Card","Relic","Card","Potion","Card"],"build_version":"2020-12-22","purchased_purges":4,"victory":false,"max_hp_per_floor":[99,99,99,99,99,99,99,99,99,99,99,99,99,99,99,99,99,99,99,99,99,99,99,99,99,99,99,99,99,99,99,99,99,99,99,99,99,99,99,99,99,99,106,108,108,110,112,114,114,114,114,114],"card_choices":[{"not_picked":["champ:Endure","champ:FancyFootwork"],"picked":"champ:AdrenalArmor","floor":2},{"not_picked":["champ:DefensiveStyle","champ:Parry"],"picked":"champ:DeathBlow","floor":4},{"not_picked":["champ:FlashCut","champ:EnragedBash"],"picked":"champ:BerserkerStyle","floor":6},{"not_picked":["champ:SwordSigil","champ:Devastate"],"picked":"champ:CrownThrow","floor":8},{"not_picked":["champ:IronFortress","champ:BringItOn"],"picked":"champ:Shatter","floor":10},{"not_picked":["champ:DefensiveShout","champ:GutPunch","champ:TornadoPunch"],"picked":"SKIP","floor":11},{"not_picked":["champ:FocusedBerserking","champ:GutPunch"],"picked":"champ:UltimateStance","floor":12},{"not_picked":["champ:BringItOn","champ:DefensiveShout","champ:RapidStrikes"],"picked":"SKIP","floor":14},{"not_picked":["champ:RisingSlash","champ:ShieldSigil","champ:Shatter"],"picked":"SKIP","floor":15},{"not_picked":["champ:ShieldThrow","champ:TripleStrike"],"picked":"champ:SteelEdge","floor":16},{"not_picked":["champ:ShieldSigil+1","champ:Circumvent+1"],"picked":"champ:Haymaker","floor":20},{"not_picked":["champ:GutPunch","champ:Haymaker"],"picked":"champ:ShieldSlam+1","floor":23},{"not_picked":["champ:FancyFootwork","champ:FlashCut"],"picked":"champ:UltimateStance","floor":25},{"not_picked":["champ:CrownThrow","champ:BerserkersShout+1"],"picked":"champ:ViciousMockery+1","floor":26},{"not_picked":["champ:BringItOn","champ:Shatter"],"picked":"champ:CrookedStrike","floor":31},{"not_picked":["champ:BerserkersShout+1","champ:FlashCut"],"picked":"champ:Duel","floor":32},{"not_picked":["champ:ShieldThrow","champ:SteelEdge"],"picked":"champ:VampiricStrike","floor":33},{"not_picked":["champ:PreemptiveStrike+1","champ:BladeFlurry"],"picked":"champ:Lariat","floor":36},{"not_picked":["champ:AdrenalArmor","champ:Shatter+1"],"picked":"champ:Encircle","floor":37},{"not_picked":["champ:FlashCut+1","champ:StanceDance","champ:DefensiveShout"],"picked":"SKIP","floor":38},{"not_picked":["champ:EnGarde+1","champ:BerserkerStyle"],"picked":"champ:EnchantCrown","floor":40},{"not_picked":["champ:AdrenalArmor+1","champ:ShieldSigil","champ:FalseCounter+1"],"picked":"Singing Bowl","floor":43},{"not_picked":["champ:RageSigil","champ:CrownThrow","champ:FalseCounter+1"],"picked":"Singing Bowl","floor":44},{"not_picked":["champ:CalledShot","champ:BringItOn+1","champ:Haymaker"],"picked":"Singing Bowl","floor":46},{"not_picked":["champ:Circumvent+1","champ:ShieldSigil","champ:SkillfulDodge"],"picked":"Singing Bowl","floor":47},{"not_picked":["champ:BerserkersShout+1","champ:PreemptiveStrike","champ:Backstep+1"],"picked":"Singing Bowl","floor":48},{"not_picked":["champ:Haymaker","champ:SkillfulDodge+1"],"picked":"champ:StanceDance","floor":49}],"player_experience":3220140,"relics_obtained":[{"floor":2,"key":"LetterFromLob"},{"floor":3,"key":"conspire:DecoderRing"},{"floor":7,"key":"Tiny Chest"},{"floor":8,"key":"infinitespire:Golems Mask"},{"floor":22,"key":"Simple Rune"},{"floor":24,"key":"GiantMaggot"},{"floor":39,"key":"infinitespire:Broken Mirror"},{"floor":40,"key":"Singing Bowl"},{"floor":41,"key":"Boot"}],"event_choices":[{"damage_healed":0,"gold_gain":0,"player_choice":"Got Potions","damage_taken":0,"max_hp_gain":0,"max_hp_loss":0,"event_name":"Lab","floor":28,"gold_loss":0}],"is_beta":false,"boss_relics":[{"not_picked":["Replay:Fungal Core","Replay:Ancient Bell"],"picked":"Velvet Choker"},{"not_picked":["construct:ClawGrip","Busted Crown"],"picked":"Replay:Grab Bag"},{"not_picked":["infinitespire:Cupcake","Abe\u0027s Treasure"],"picked":"ChewingGum"},{"not_picked":["bronze:MakeshiftBattery","Coffee Dripper"],"picked":"Philosopher\u0027s Stone"},{"not_picked":["Calling Bell","Pandora\u0027s Box"],"picked":"construct:WeddingRing"}],"items_purged_floors":[6,10,29,38],"is_endless":false,"potions_floor_spawned":[4,8,12,16,25,33,40,44,47],"killed_by":"IC_BLOCK_ARCHETYPE","ascension_level":0}}