{"host":"dhv3u8yhd2rnugsp","time":1611534671,"event":{"mods":["BaseMod","Block Reminder","Colored Map","Googly Eyes","Highlight Path","Minty Spire (QoL Compilation)","Permanent Neow","Quick Restart","Random Character Button","StSLib"],"gold_per_floor":[113,25,37,137,62,88,103,103,103,103,136,136,211,229,229,303,303,320,330,330,341,49,82,92,92,92,16,42,42,74,86,86,161,161,174,174,174,8,22,47,64,95,95,120,120,120,70,70,70,70,70,70,70,27,62,62,62],"floor_reached":56,"language":"ENG","playtime":3977,"items_purged":["Strike_G","Neutralize","Defend_G+1"],"score":2273,"play_id":"9f64c78a-6cc2-4efe-b81d-d56b64d5d657","local_time":"20210124183111","is_ascension_mode":true,"campfire_choices":[{"data":"Footwork","floor":8,"key":"SMITH"},{"data":"Neutralize","floor":10,"key":"SMITH"},{"data":"Deadly Poison","floor":12,"key":"SMITH"},{"floor":15,"key":"REST"},{"data":"Well Laid Plans","floor":25,"key":"SMITH"},{"floor":32,"key":"REST"},{"floor":49,"key":"RECALL"},{"data":"After Image","floor":53,"key":"SMITH"}],"circlet_count":0,"master_deck":["AscendersBane","Defend_G+1","Defend_G+1","Defend_G+1","Defend_G+1","Survivor","Neutralize+1","Deadly Poison+1","Infinite Blades","Cloak And Dagger","Footwork+1","Dagger Throw","Dodge and Roll","Blade Dance","Adrenaline","Noxious Fumes+1","Tactician+1","Acrobatics","Crippling Poison","After Image+1","Footwork","Blur","Escape Plan+1","Crippling Poison+1","Well Laid Plans+1","Terror","Blade Dance","PiercingWail","Accuracy","Tools of the Trade","Acrobatics","Die Die Die","Cloak And Dagger","Accuracy","Acrobatics","Blade Dance","Malaise","Madness","Madness","Endless Agony","Reflex"],"relics":["Philosopher\u0027s Stone","Mercury Hourglass","Mummified Hand","Smiling Mask","Astrolabe","Orrery","Tiny Chest","Lantern","Dead Branch","MealTicket","Busted Crown","Darkstone Periapt","Boot","Ornamental Fan","Snake Skull","Art of War","Pen Nib"],"acts_visited":["Exordium","TheCity","TheBeyond","TheEnding"],"potions_floor_usage":[6,16,19,28,30,33,33,42,44,55,56],"damage_taken":[{"damage":0,"enemies":"Cultist","floor":1,"turns":4},{"damage":5,"enemies":"Small Slimes","floor":3,"turns":3},{"damage":19,"enemies":"Lagavulin","floor":6,"turns":9},{"damage":3,"enemies":"2 Louse","floor":7,"turns":2},{"damage":11,"enemies":"3 Sentries","floor":11,"turns":6},{"damage":2,"enemies":"Exordium Thugs","floor":14,"turns":4},{"damage":12,"enemies":"Hexaghost","floor":16,"turns":8},{"damage":0,"enemies":"3 Byrds","floor":18,"turns":3},{"damage":4,"enemies":"Chosen","floor":19,"turns":5},{"damage":6,"enemies":"Snake Plant","floor":21,"turns":4},{"damage":0,"enemies":"Gremlin Leader","floor":23,"turns":6},{"damage":21,"enemies":"Sentry and Sphere","floor":24,"turns":6},{"damage":3,"enemies":"Book of Stabbing","floor":28,"turns":6},{"damage":0,"enemies":"Gremlin Leader","floor":30,"turns":3},{"damage":4,"enemies":"Shelled Parasite and Fungi","floor":31,"turns":4},{"damage":1,"enemies":"Collector","floor":33,"turns":6},{"damage":1,"enemies":"3 Darklings","floor":35,"turns":5},{"damage":0,"enemies":"Orb Walker","floor":39,"turns":3},{"damage":0,"enemies":"Reptomancer","floor":40,"turns":3},{"damage":4,"enemies":"Spire Growth","floor":41,"turns":6},{"damage":0,"enemies":"Giant Head","floor":42,"turns":4},{"damage":0,"enemies":"Reptomancer","floor":44,"turns":4},{"damage":29,"enemies":"Awakened One","floor":50,"turns":13},{"damage":14,"enemies":"Donu and Deca","floor":51,"turns":6},{"damage":23,"enemies":"Shield and Spear","floor":55,"turns":5},{"damage":52,"enemies":"The Heart","floor":56,"turns":2}],"seed_played":"2157471976503533499","potions_obtained":[{"floor":1,"key":"Energy Potion"},{"floor":3,"key":"CunningPotion"},{"floor":14,"key":"Strength Potion"},{"floor":16,"key":"Fruit Juice"},{"floor":19,"key":"Strength Potion"},{"floor":21,"key":"Explosive Potion"},{"floor":28,"key":"Ancient Potion"},{"floor":30,"key":"Poison Potion"},{"floor":39,"key":"Strength Potion"},{"floor":40,"key":"SkillPotion"},{"floor":42,"key":"Weak Potion"},{"floor":55,"key":"Fire Potion"}],"is_trial":false,"path_per_floor":["M","$","M","?","$","E","M","R","T","R","E","R","?","M","R","B",null,"M","M","?","M","$","E","M","R","T","$","E","?","E","M","R","B",null,"M","?","T","$","M","E","M","E","T","E","?","?","$","T","R","B","B",null,"R","$","E","B"],"character_chosen":"THE_SILENT","items_purchased":["Infinite Blades","Orrery","Well Laid Plans","Terror","Accuracy","Cloak And Dagger","Accuracy","Endless Agony"],"campfire_rested":2,"item_purchase_floors":[2,22,22,22,27,38,38,54],"current_hp_per_floor":[59,59,54,54,54,35,32,32,32,32,21,21,10,8,27,15,53,53,54,54,48,48,48,27,27,27,27,24,24,24,20,41,40,63,62,62,62,71,71,71,67,67,67,67,54,54,69,69,69,40,26,60,60,71,48,0,0],"gold":62,"neow_bonus":"BOSS_RELIC","is_daily":false,"chose_seed":false,"campfire_upgraded":5,"win_rate":0.0,"timestamp":1611534671,"path_taken":["M","?","M","?","$","E","?","R","T","R","E","R","?","M","R","BOSS","M","M","?","M","$","E","M","R","T","?","E","?","E","M","R","BOSS","M","?","?","?","M","E","M","E","T","E","?","?","$","?","R","BOSS","BOSS","R","$","E","BOSS"],"items_purchased_type":["Card","Relic","Card","Card","Card","Card","Card","Card"],"build_version":"2020-12-22","purchased_purges":3,"victory":false,"max_hp_per_floor":[66,66,66,66,66,66,66,66,66,66,66,66,66,66,66,66,66,66,71,71,71,71,71,71,71,71,71,71,71,71,71,71,71,71,71,71,71,71,71,71,71,71,71,71,71,71,71,71,71,71,71,71,71,71,71,71,71],"card_choices":[{"not_picked":["Catalyst","Flying Knee"],"picked":"Deadly Poison","floor":1},{"not_picked":["Caltrops","Slice"],"picked":"Cloak And Dagger","floor":3},{"not_picked":["Slice","Doppelganger"],"picked":"Footwork","floor":6},{"not_picked":["Dodge and Roll","Slice"],"picked":"Dagger Throw","floor":7},{"not_picked":["Distraction","Bane"],"picked":"Dodge and Roll","floor":11},{"not_picked":["Concentrate","Predator"],"picked":"Blade Dance","floor":14},{"not_picked":["Malaise","Wraith Form v2"],"picked":"Adrenaline","floor":16},{"not_picked":["Backflip","Concentrate"],"picked":"Acrobatics","floor":18},{"not_picked":["Noxious Fumes","Blade Dance"],"picked":"Crippling Poison","floor":19},{"not_picked":["Poisoned Stab","Slice","Quick Slash"],"picked":"SKIP","floor":21},{"not_picked":["Skewer","Bane"],"picked":"After Image","floor":22},{"not_picked":["Poisoned Stab","Slice+1"],"picked":"Footwork","floor":22},{"not_picked":["Dagger Throw","Escape Plan"],"picked":"Blur","floor":22},{"not_picked":["Infinite Blades","Envenom"],"picked":"Escape Plan+1","floor":22},{"not_picked":["Flying Knee","Reflex+1"],"picked":"Crippling Poison+1","floor":22},{"not_picked":["Sucker Punch+1","Doppelganger"],"picked":"Blade Dance","floor":23},{"not_picked":["Sucker Punch","Dagger Spray"],"picked":"PiercingWail","floor":24},{"not_picked":["Well Laid Plans+1","Slice"],"picked":"Tools of the Trade","floor":28},{"not_picked":["Eviscerate","Setup","Bouncing Flask"],"picked":"SKIP","floor":30},{"not_picked":["Prepared","Well Laid Plans"],"picked":"Acrobatics","floor":31},{"not_picked":["Bullet Time","Malaise"],"picked":"Die Die Die","floor":33},{"not_picked":["Skewer"],"picked":"SKIP","floor":35},{"not_picked":[],"picked":"Acrobatics","floor":39},{"not_picked":[],"picked":"Blade Dance","floor":40},{"not_picked":["Underhanded Strike"],"picked":"SKIP","floor":41},{"not_picked":[],"picked":"Malaise","floor":42},{"not_picked":["Unload"],"picked":"SKIP","floor":44},{"not_picked":[],"picked":"Reflex","floor":55}],"player_experience":1651202,"relics_obtained":[{"floor":6,"key":"Mercury Hourglass"},{"floor":9,"key":"Mummified Hand"},{"floor":11,"key":"Smiling Mask"},{"floor":23,"key":"Tiny Chest"},{"floor":26,"key":"Lantern"},{"floor":28,"key":"Dead Branch"},{"floor":30,"key":"MealTicket"},{"floor":40,"key":"Darkstone Periapt"},{"floor":42,"key":"Boot"},{"floor":43,"key":"Ornamental Fan"},{"floor":44,"key":"Snake Skull"},{"floor":48,"key":"Art of War"},{"floor":55,"key":"Pen Nib"}],"event_choices":[{"damage_healed":0,"gold_gain":100,"player_choice":"Gold","damage_taken":0,"max_hp_gain":0,"max_hp_loss":0,"event_name":"Wheel of Change","floor":4,"gold_loss":0},{"damage_healed":0,"gold_gain":75,"player_choice":"Gather Gold","damage_taken":11,"max_hp_gain":0,"max_hp_loss":0,"event_name":"World of Goop","floor":13,"gold_loss":0},{"cards_removed":["Strike_G"],"damage_healed":0,"gold_gain":0,"player_choice":"Offered Basic","damage_taken":0,"max_hp_gain":0,"max_hp_loss":0,"event_name":"Bonfire Elementals","floor":20,"gold_loss":0},{"damage_healed":0,"gold_gain":0,"player_choice":"Simplicity","damage_taken":0,"max_hp_gain":0,"max_hp_loss":0,"event_name":"Back to Basics","floor":29,"gold_loss":0,"cards_upgraded":["Defend_G","Defend_G","Defend_G","Defend_G","Defend_G"]},{"damage_healed":0,"gold_gain":0,"player_choice":"1 cards matched","damage_taken":0,"max_hp_gain":0,"max_hp_loss":0,"event_name":"Match and Keep!","floor":36,"gold_loss":0,"cards_obtained":["Neutralize"]},{"damage_healed":0,"gold_gain":0,"player_choice":"Embrace Madness","damage_taken":13,"max_hp_gain":0,"max_hp_loss":0,"event_name":"Winding Halls","floor":45,"gold_loss":0,"cards_obtained":["Madness","Madness"]},{"cards_removed":["Underhanded Strike"],"damage_healed":0,"gold_gain":0,"player_choice":"Removed Attack","damage_taken":0,"max_hp_gain":0,"max_hp_loss":0,"event_name":"Falling","floor":46,"gold_loss":0}],"is_beta":false,"boss_relics":[{"not_picked":["SlaversCollar","Calling Bell"],"picked":"Astrolabe"},{"not_picked":["Fusion Hammer","Snecko Eye"],"picked":"Busted Crown"}],"items_purged_floors":[5,38,47],"is_endless":false,"potions_floor_spawned":[1,3,14,16,19,21,23,28,30,39,40,42,55],"killed_by":"The Heart","ascension_level":20}}