{"host":"edc6wmn2qug8wnvl","time":1611564928,"event":{"mods":["AchievementEnabler","BaseMod","Colored Map","Colored Powertips","Minty Spire (QoL Compilation)","StSLib"],"gold_per_floor":[112,112,124,124,137,137,40,40,121,45,62,78,78,93,93,197,197,215,215,11,28,28,28],"floor_reached":22,"language":"ENG","playtime":1179,"items_purged":[],"score":176,"play_id":"b4a7093f-39d0-49ad-85f4-eefd73fd2081","local_time":"20210125005528","is_ascension_mode":false,"campfire_choices":[{"data":"Chaos","floor":6,"key":"SMITH"},{"data":"Bandage Up","floor":15,"key":"SMITH"}],"circlet_count":0,"master_deck":["Strike_B","Strike_B","Strike_B","Strike_B","Defend_B","Defend_B","Defend_B","Defend_B","Zap","Dualcast","Chaos+1","Bandage Up+1","Skim","Skim","Auto Shields","Meteor Strike","Genetic Algorithm+1","Writhe"],"relics":["Cracked Core","NeowsBlessing","White Beast Statue","Nuclear Battery","Ice Cream","Lantern"],"acts_visited":["Exordium","TheCity"],"potions_floor_usage":[16,16,21,22,22],"damage_taken":[{"damage":0,"enemies":"Small Slimes","floor":1,"turns":1},{"damage":0,"enemies":"2 Louse","floor":3,"turns":1},{"damage":0,"enemies":"Jaw Worm","floor":5,"turns":1},{"damage":9,"enemies":"Blue Slaver","floor":11,"turns":4},{"damage":3,"enemies":"Red Slaver","floor":12,"turns":3},{"damage":2,"enemies":"2 Fungi Beasts","floor":14,"turns":5},{"damage":34,"enemies":"The Guardian","floor":16,"turns":13},{"damage":23,"enemies":"Spheric Guardian","floor":18,"turns":8},{"damage":24,"enemies":"2 Thieves","floor":21,"turns":4},{"damage":87,"enemies":"Cultist and Chosen","floor":22,"turns":10}],"seed_played":"-9170464292315863377","potions_obtained":[{"floor":1,"key":"SneckoOil"},{"floor":11,"key":"Fire Potion"},{"floor":12,"key":"FairyPotion"},{"floor":16,"key":"Strength Potion"},{"floor":18,"key":"CultistPotion"},{"floor":21,"key":"SpeedPotion"}],"is_trial":false,"path_per_floor":["M","?","M","?","M","R","$","$","T","$","M","M","?","M","R","B",null,"M","?","$","M","M"],"character_chosen":"DEFECT","items_purchased":["Bandage Up","Skim","Lantern","Fire Potion"],"campfire_rested":0,"item_purchase_floors":[7,10,20,20],"current_hp_per_floor":[75,75,75,75,75,75,75,75,75,75,70,71,71,73,73,44,75,57,57,57,39,0,0],"gold":28,"neow_bonus":"THREE_ENEMY_KILL","is_daily":false,"chose_seed":false,"campfire_upgraded":2,"win_rate":0.0,"timestamp":1611564928,"path_taken":["M","?","M","?","M","R","?","$","T","?","M","?","?","M","R","BOSS","M","?","$","M","M"],"items_purchased_type":["Card","Card","Relic","Potion"],"build_version":"2020-12-22","purchased_purges":0,"victory":false,"max_hp_per_floor":[75,75,75,75,75,75,75,75,75,75,75,75,75,75,75,75,75,75,75,75,75,75,75],"card_choices":[{"not_picked":["Force Field","Sweeping Beam","Turbo"],"picked":"SKIP","floor":1},{"not_picked":["Redo","Rebound","Compile Driver"],"picked":"SKIP","floor":3},{"not_picked":["Compile Driver","Gash"],"picked":"Chaos","floor":5},{"not_picked":["Redo","Lockon"],"picked":"Skim","floor":11},{"not_picked":["Sweeping Beam","Redo"],"picked":"Auto Shields","floor":12},{"not_picked":["Streamline","Consume","Doom and Gloom"],"picked":"SKIP","floor":14},{"not_picked":["Machine Learning","Creative AI"],"picked":"Meteor Strike","floor":16},{"not_picked":["Heatsinks","Glacier"],"picked":"Genetic Algorithm+1","floor":18},{"not_picked":["Go for the Eyes","Coolheaded","Barrage+1"],"picked":"SKIP","floor":21}],"player_experience":33408,"relics_obtained":[{"floor":9,"key":"White Beast Statue"}],"event_choices":[{"damage_healed":0,"gold_gain":0,"player_choice":"Ignored","damage_taken":0,"max_hp_gain":0,"max_hp_loss":0,"event_name":"Golden Wing","floor":2,"gold_loss":0},{"damage_healed":0,"gold_gain":0,"player_choice":"Leave","damage_taken":0,"max_hp_gain":0,"max_hp_loss":0,"event_name":"The Cleric","floor":4,"gold_loss":0},{"damage_healed":0,"gold_gain":0,"player_choice":"Bought 0 Potions","damage_taken":0,"max_hp_gain":0,"max_hp_loss":0,"event_name":"The Woman in Blue","floor":13,"gold_loss":0},{"damage_healed":0,"gold_gain":0,"player_choice":"Opened","damage_taken":0,"relics_obtained":["Ice Cream"],"max_hp_gain":0,"max_hp_loss":0,"event_name":"The Mausoleum","floor":19,"gold_loss":0,"cards_obtained":["Writhe"]}],"is_beta":false,"boss_relics":[{"not_picked":["Cursed Key","Sozu"],"picked":"Nuclear Battery"}],"items_purged_floors":[],"is_endless":false,"potions_floor_spawned":[1,11,12,14,16,18,21],"killed_by":"Cultist and Chosen","ascension_level":0}}