{"host":"mydft8i2zzydgggw","time":1611533191,"event":{"mods":["AchievementEnabler","BaseMod","BetterRewards","Colored Map","Colored Powertips","DeckTracker","Keyboard Shortcuts","Minty Spire (QoL Compilation)","Rare Cards Sparkle","StSLib","SuperFastMode","everything is the same but u backflip on backflip"],"gold_per_floor":[113,131,206,206,229,229,272,272,272,291,310,354,5,25,25,118,118,134,152,152,152],"floor_reached":20,"language":"KOR","playtime":467,"items_purged":["Strike_B"],"score":326,"play_id":"2bb560f6-423d-4e4d-864f-c2898b0bb676","local_time":"20210125090631","is_ascension_mode":true,"campfire_choices":[{"data":"Zap","floor":6.0,"key":"SMITH"},{"floor":8.0,"key":"REST"},{"floor":15.0,"key":"REST"}],"circlet_count":0,"master_deck":["AscendersBane","Strike_B","Strike_B","Strike_B","Defend_B","Defend_B","Defend_B","Defend_B","Zap+1","Dualcast","Thunder Strike","Storm","Sweeping Beam","Go for the Eyes","All For One","Loop","Doom and Gloom","Redo","Consume","Turbo","Echo Form","Stack+1","BootSequence"],"relics":["Cracked Core","Golden Idol","Symbiotic Virus","Boot","Pen Nib","Sling","SacredBark"],"acts_visited":["Exordium","TheCity"],"potions_floor_usage":[20],"damage_taken":[{"damage":0.0,"enemies":"Small Slimes","floor":1.0,"turns":3.0},{"damage":2.0,"enemies":"Jaw Worm","floor":2.0,"turns":3.0},{"damage":2.0,"enemies":"2 Louse","floor":5.0,"turns":3.0},{"damage":35.0,"enemies":"3 Sentries","floor":7.0,"turns":7.0},{"damage":0.0,"enemies":"2 Fungi Beasts","floor":10.0,"turns":3.0},{"damage":2.0,"enemies":"3 Louse","floor":11.0,"turns":3.0},{"damage":15.0,"enemies":"Lagavulin","floor":12.0,"turns":5.0},{"damage":5.0,"enemies":"Gremlin Gang","floor":14.0,"turns":2.0},{"damage":25.0,"enemies":"Hexaghost","floor":16.0,"turns":6.0},{"damage":30.0,"enemies":"3 Byrds","floor":18.0,"turns":4.0},{"damage":12.0,"enemies":"Shell Parasite","floor":19.0,"turns":4.0},{"damage":8,"enemies":"Centurion and Healer","floor":20,"turns":2}],"seed_played":"-3155280927655586345","potions_obtained":[{"floor":1.0,"key":"Swift Potion"},{"floor":2.0,"key":"Energy Potion"},{"floor":12.0,"key":"Ancient Potion"},{"floor":19.0,"key":"Dexterity Potion"}],"is_trial":false,"path_per_floor":["M","M","?","?","M","R","E","R","T","M","M","E","$","M","R","B",null,"M","M","M"],"character_chosen":"DEFECT","items_purchased":["Consume","FocusPotion","Sling"],"campfire_rested":2,"item_purchase_floors":[13,13,13],"current_hp_per_floor":[64,62,51,51,49,49,14,33,33,33,31,16,16,11,30,5,49,19,7,0,0],"gold":152,"neow_bonus":"ONE_RANDOM_RARE_CARD","is_daily":false,"chose_seed":false,"campfire_upgraded":1,"win_rate":0.0,"timestamp":1611533191,"path_taken":["M","M","?","?","M","R","E","R","T","M","M","E","$","?","R","BOSS","M","M","M"],"items_purchased_type":["Card","Potion","Relic"],"build_version":"2020-12-22","purchased_purges":1,"victory":false,"max_hp_per_floor":[71,71,71,64,64,64,64,64,64,64,64,64,64,64,64,64,64,64,64,64,64],"card_choices":[{"not_picked":["Tempest","Self Repair"],"picked":"Storm","floor":1.0},{"not_picked":["Streamline","Conserve Battery"],"picked":"Sweeping Beam","floor":2.0},{"not_picked":["Gash","Blizzard"],"picked":"Go for the Eyes","floor":5.0},{"not_picked":["Melter","Streamline"],"picked":"All For One","floor":7.0},{"not_picked":["Stack","Auto Shields"],"picked":"Loop","floor":10.0},{"not_picked":["Fusion","Conserve Battery"],"picked":"Doom and Gloom","floor":11.0},{"not_picked":["Fission","Beam Cell"],"picked":"Redo","floor":12.0},{"not_picked":["Conserve Battery","Steam Power"],"picked":"Turbo","floor":14.0},{"not_picked":["Electrodynamics","Meteor Strike"],"picked":"Echo Form","floor":16.0},{"not_picked":["Ball Lightning","Genetic Algorithm"],"picked":"Stack+1","floor":18.0},{"not_picked":["Hologram","Double Energy"],"picked":"BootSequence","floor":19.0}],"player_experience":211859,"relics_obtained":[{"floor":7.0,"key":"Symbiotic Virus"},{"floor":9.0,"key":"Boot"},{"floor":12.0,"key":"Pen Nib"}],"event_choices":[{"damage_healed":0.0,"max_hp_gain":0.0,"max_hp_loss":0.0,"gold_gain":75.0,"event_name":"World of Goop","player_choice":"Gather Gold","floor":3.0,"gold_loss":0.0,"damage_taken":11.0},{"damage_healed":0.0,"max_hp_gain":0.0,"max_hp_loss":7.0,"gold_gain":0.0,"event_name":"Golden Idol","player_choice":"Lose Max HP","floor":4.0,"gold_loss":0.0,"damage_taken":0.0,"relics_obtained":["Golden Idol"]}],"is_beta":false,"boss_relics":[{"not_picked":["Fusion Hammer","Snecko Eye"],"picked":"SacredBark"}],"items_purged_floors":[13],"is_endless":false,"potions_floor_spawned":[1,2,12,14,19],"killed_by":"Centurion and Healer","ascension_level":15}}