{"host":"lxihx0b6awoz2w1j","time":1611602526,"event":{"mods":["Act Like it!","BaseMod","Better Third Choice","CapriCore","Colored Powertips","Conspire","Downfall","Fox Events","Gensokyo","Hermit","Hubris","Infinite Spire","JesterMod","Luminous","Marisa????????","Melee Mod","Minty Spire (QoL Compilation)","Prisma Mod","Quick Restart","Relic Stats","Replay The Spire","Shade Mod","Spicy Shops","StSLib","The Alterego","The Blue Laboratory","The Cursed","The Disciple","The Forsaken","The Gatherer","The Immortal","The Jungle","The Marked","The Runesmith","The Senshi","The Servant 0.9.4","The Spell Scribe","Waifu the Spire"],"gold_per_floor":[119,132,150,150,166,166,166],"floor_reached":6,"language":"ENG","playtime":265,"items_purged":[],"score":49,"play_id":"d6b31836-01e0-4d26-ab02-d0f44582d454","local_time":"20210125202206","is_ascension_mode":true,"campfire_choices":[],"circlet_count":0,"master_deck":["Strike_R","Strike_R","Strike_R","Strike_R","Strike_R","Defend_R","Defend_R","Defend_R","Defend_R","Bash","Iron Wave+1","Flex","Flex"],"relics":["Burning Blood","Replay:Baseball"],"acts_visited":["Exordium"],"potions_floor_usage":[],"damage_taken":[{"damage":2.0,"enemies":"Jaw Worm","floor":1.0,"turns":3.0},{"damage":0.0,"enemies":"2 Louse","floor":2.0,"turns":3.0},{"damage":12.0,"enemies":"Small Slimes","floor":3.0,"turns":3.0},{"damage":13.0,"enemies":"Gremlin Gang","floor":5.0,"turns":7.0},{"damage":13,"enemies":"Lagavulin","floor":6,"turns":5}],"seed_played":"-2136810753249484067","potions_obtained":[{"floor":5.0,"key":"blueLaboratory:ArtificerPotion"}],"is_trial":false,"path_per_floor":["M","M","M","?","M","E"],"character_chosen":"IRONCLAD","items_purchased":[],"campfire_rested":0,"item_purchase_floors":[],"current_hp_per_floor":[76,80,74,74,67,54,54],"gold":166,"neow_bonus":"RANDOM_COMMON_RELIC","is_daily":false,"chose_seed":false,"campfire_upgraded":0,"win_rate":0.0,"timestamp":1611602526,"path_taken":["M","M","M","?","M","E"],"items_purchased_type":[],"build_version":"2020-12-22","purchased_purges":0,"victory":false,"max_hp_per_floor":[80,80,80,80,80,80,80],"relic_stats":{"counters":[5,21],"obtain_stats":[{"Replay:Baseball":0,"Burning Blood":0},{"Replay:Baseball":0,"Burning Blood":0},{"Replay:Baseball":0,"Burning Blood":0}],"Burning Blood":22},"card_choices":[{"not_picked":["ReplayTheSpireMod:Strike From Hell","Power Through"],"picked":"Iron Wave","floor":1.0},{"not_picked":["ReplayTheSpireMod:Strike From Hell","Warcry"],"picked":"Flex","floor":2.0},{"not_picked":["True Grit","Evolve","Clash"],"picked":"SKIP","floor":3.0},{"not_picked":["Seeing Red","Body Slam"],"picked":"Flex","floor":5.0}],"player_experience":669253,"relics_obtained":[],"event_choices":[],"is_beta":false,"boss_relics":[],"items_purged_floors":[],"is_endless":false,"potions_floor_spawned":[5],"killed_by":"Lagavulin","ascension_level":6}}