{"host":"ELF","time":1611618900,"event":{"mods":["BaseMod","Bestiary","Minty Spire (QoL Compilation)","Relic Stats","Slay the Relics Exporter"],"gold_per_floor":[110,110,110,35,110,110,144,198,198,198,198,229,229,246,246,318,318,338,348,11,44,61,61,61,96,96,96,96],"floor_reached":27,"language":"ENG","playtime":828,"items_purged":["Regret"],"score":556,"play_id":"4356b6d6-1789-4962-a889-a4aa69153b45","local_time":"20210125175500","is_ascension_mode":true,"campfire_choices":[{"data":"Bash","floor":6.0,"key":"SMITH"},{"data":"Shockwave","floor":11.0,"key":"SMITH"},{"data":"Twin Strike","floor":13.0,"key":"SMITH"},{"data":"Infernal Blade","floor":15.0,"key":"SMITH"},{"floor":23,"key":"REST"}],"circlet_count":0,"master_deck":["AscendersBane","Strike_R","Strike_R","Strike_R","Defend_R","Defend_R","Defend_R","Bash+1","Cleave+1","Shockwave+1","Twin Strike+1","Infernal Blade+1","Immolate","Shrug It Off","Shrug It Off","Rupture","Burning Pact","Rupture","Barricade","Shrug It Off"],"relics":["Burning Blood","NeowsBlessing","Potion Belt","Champion Belt","MealTicket","Ornamental Fan","CaptainsWheel","SlaversCollar","Dead Branch","Red Mask","The Courier","Bottled Tornado"],"acts_visited":["Exordium","TheCity"],"potions_floor_usage":[22,22,22,25,27],"damage_taken":[{"damage":0.0,"enemies":"Small Slimes","floor":1.0,"turns":1.0},{"damage":0.0,"enemies":"3 Sentries","floor":7.0,"turns":1.0},{"damage":0.0,"enemies":"Lagavulin","floor":12.0,"turns":1.0},{"damage":4.0,"enemies":"Jaw Worm","floor":14.0,"turns":3.0},{"damage":46.0,"enemies":"The Guardian","floor":16.0,"turns":14.0},{"damage":27,"enemies":"3 Byrds","floor":18,"turns":5},{"damage":24,"enemies":"Shell Parasite","floor":19,"turns":5},{"damage":20,"enemies":"Masked Bandits","floor":21,"turns":4},{"damage":4,"enemies":"3 Cultists","floor":22,"turns":3},{"damage":25,"enemies":"Slavers","floor":25,"turns":5},{"damage":31,"enemies":"Gremlin Leader","floor":27,"turns":2}],"seed_played":"8973494104584876656","potions_obtained":[{"floor":21,"key":"EntropicBrew"}],"is_trial":false,"path_per_floor":["M","?","?","$","?","R","E","T","T","?","R","E","R","M","R","B",null,"M","M","$","?","M","R","?","E","T","E"],"character_chosen":"IRONCLAD","items_purchased":["Dead Branch"],"campfire_rested":1,"item_purchase_floors":[20],"current_hp_per_floor":[74,74,74,74,63,63,69,69,69,62,62,68,68,70,70,30,64,43,25,40,26,28,50,50,31,31,0,0],"gold":96,"neow_bonus":"THREE_ENEMY_KILL","is_daily":false,"chose_seed":false,"campfire_upgraded":4,"win_rate":0.0,"timestamp":1611618900,"path_taken":["M","?","?","$","?","R","E","?","T","?","R","E","R","M","R","BOSS","M","M","$","?","M","R","?","E","T","E"],"items_purchased_type":["Relic"],"build_version":"2020-12-18","purchased_purges":1,"victory":false,"max_hp_per_floor":[75,75,75,75,75,75,75,75,75,75,75,75,75,75,75,75,75,75,75,75,75,75,75,75,75,75,75,75],"relic_stats":{"counters":[11,44],"Ornamental Fan":[24],"Dead Branch":[26],"MealTicket":15,"Champion Belt":[19],"obtain_stats":[{"Potion Belt":3,"SlaversCollar":17,"CaptainsWheel":12,"NeowsBlessing":0,"Ornamental Fan":9,"Dead Branch":20,"MealTicket":8,"The Courier":25,"Red Mask":21,"Champion Belt":7,"Bottled Tornado":26,"Burning Blood":0},{"Potion Belt":1,"SlaversCollar":5,"CaptainsWheel":3,"NeowsBlessing":0,"Ornamental Fan":2,"Dead Branch":7,"MealTicket":2,"The Courier":10,"Red Mask":8,"Champion Belt":2,"Bottled Tornado":10,"Burning Blood":0},{"Potion Belt":1,"SlaversCollar":20,"CaptainsWheel":3,"NeowsBlessing":0,"Ornamental Fan":2,"Dead Branch":30,"MealTicket":2,"The Courier":42,"Red Mask":34,"Champion Belt":2,"Bottled Tornado":42,"Burning Blood":0}],"Burning Blood":60},"card_choices":[{"not_picked":["Twin Strike","Iron Wave"],"picked":"Cleave","floor":1.0},{"not_picked":["Clothesline","Brutality"],"picked":"Shockwave","floor":7.0},{"not_picked":["Sword Boomerang","Iron Wave"],"picked":"Twin Strike","floor":12.0},{"not_picked":["Iron Wave","Heavy Blade"],"picked":"Infernal Blade","floor":14.0},{"not_picked":["Juggernaut","Reaper"],"picked":"Immolate","floor":16.0},{"not_picked":["Dark Embrace","Thunderclap"],"picked":"Shrug It Off","floor":18},{"not_picked":["Combust+1","Rupture"],"picked":"Shrug It Off","floor":19},{"not_picked":["Clothesline","Rage+1"],"picked":"Rupture","floor":21},{"not_picked":["Sword Boomerang","Pommel Strike"],"picked":"Burning Pact","floor":22},{"not_picked":["Headbutt","Anger"],"picked":"Shrug It Off","floor":25}],"player_experience":3283200,"relics_obtained":[{"floor":7.0,"key":"Champion Belt"},{"floor":8.0,"key":"MealTicket"},{"floor":9.0,"key":"Ornamental Fan"},{"floor":12.0,"key":"CaptainsWheel"},{"floor":21,"key":"Red Mask"},{"floor":25,"key":"The Courier"},{"floor":26,"key":"Bottled Tornado"}],"event_choices":[{"damage_healed":0.0,"max_hp_gain":0.0,"max_hp_loss":0.0,"gold_gain":0.0,"event_name":"Living Wall","player_choice":"Grow","floor":2.0,"gold_loss":0.0,"damage_taken":0.0,"cards_upgraded":["Cleave"]},{"damage_healed":0.0,"max_hp_gain":0.0,"max_hp_loss":0.0,"gold_gain":0.0,"event_name":"Big Fish","player_choice":"Box","floor":3.0,"gold_loss":0.0,"damage_taken":0.0,"relics_obtained":["Potion Belt"],"cards_obtained":["Regret"]},{"damage_healed":0.0,"max_hp_gain":0.0,"max_hp_loss":0.0,"gold_gain":75.0,"event_name":"World of Goop","player_choice":"Gather Gold","floor":5.0,"gold_loss":0.0,"damage_taken":11.0},{"cards_removed":["Strike_R"],"damage_healed":0.0,"max_hp_gain":0.0,"max_hp_loss":0.0,"gold_gain":0.0,"event_name":"Golden Wing","player_choice":"Card Removal","floor":10.0,"gold_loss":0.0,"damage_taken":7.0},{"damage_healed":0,"gold_gain":0,"player_choice":"Fought Bandits","damage_taken":0,"max_hp_gain":0,"max_hp_loss":0,"event_name":"Masked Bandits","floor":21,"gold_loss":0},{"damage_healed":0,"gold_gain":0,"cards_transformed":["Strike_R","Defend_R"],"player_choice":"Became Test Subject","damage_taken":0,"max_hp_gain":0,"max_hp_loss":0,"event_name":"Drug Dealer","floor":24,"gold_loss":0,"cards_obtained":["Rupture","Barricade"]}],"is_beta":true,"boss_relics":[{"not_picked":["Empty Cage","Pandora\u0027s Box"],"picked":"SlaversCollar"}],"items_purged_floors":[4],"is_endless":false,"potions_floor_spawned":[21],"killed_by":"Gremlin Leader","ascension_level":19}}