{"host":"6eswuwtz6j8isipc","time":1611581644,"event":{"mods":["Astrologer","BaseMod","Better Third Choice","BetterRewards","Colored Map","Conspire","Hubris","Infinite Spire","Lobotomy","Minty Spire (QoL Compilation)","Permanent Neow","Replay The Spire","Spicy Shops","StSLib","The Animator","The Hierophant"],"gold_per_floor":[113,113,113,129,149,183,183,215,263,263,64,76,1,20,20,26,26],"floor_reached":16,"language":"ENG","playtime":1331,"items_purged":["astrologer:Strike"],"score":110,"play_id":"dfc0b322-b0b0-4880-a3b1-d17930eb3cf1","local_time":"20210125083404","is_ascension_mode":false,"campfire_choices":[{"data":"ReplayTheSpireMod:Chaos Vortex","floor":7,"key":"SMITH"},{"data":"astrologer:TheMagician","floor":10,"key":"SMITH"},{"data":"astrologer:Strike","floor":15,"key":"PURGE"}],"circlet_count":0,"master_deck":["astrologer:Strike","astrologer:Strike","astrologer:Defend","astrologer:Defend","astrologer:Defend","astrologer:Defend","astrologer:NorthStar","astrologer:TheFool","astrologer:RejectReality","astrologer:Judgement","ReplayTheSpireMod:Chaos Vortex+1","astrologer:TheHierophant","astrologer:TheMagician+1","astrologer:ShootingStar","astrologer:TheStar","astrologer:FrozenStar"],"relics":["astrologer:SkyMirror","Bottled Tornado","Replay:Wax Seal","Art of War","infinitespire:Midas Blood"],"acts_visited":["Exordium"],"potions_floor_usage":[],"damage_taken":[{"damage":0,"enemies":"2 Louse","floor":1,"turns":2},{"damage":0,"enemies":"Small Slimes","floor":4,"turns":5},{"damage":15,"enemies":"infinitespire:Voidling","floor":5,"turns":5},{"damage":14,"enemies":"Lagavulin","floor":6,"turns":11},{"damage":2,"enemies":"3 Sentries","floor":8,"turns":11},{"damage":0,"enemies":"Looter","floor":12,"turns":3},{"damage":0,"enemies":"Exordium Thugs","floor":14,"turns":4},{"damage":28,"enemies":"Slime Boss","floor":16,"turns":9}],"seed_played":"-2350782027177998770","potions_obtained":[{"floor":5,"key":"Weak Potion"},{"floor":8,"key":"Elixir"},{"floor":14,"key":"Toxic Potion"}],"is_trial":false,"path_per_floor":["M","?","?","M","M","E","R","E","T","R","$","M","$","M","R_BF","B"],"character_chosen":"ASTROLOGER","items_purchased":["astrologer:ShootingStar","infinitespire:Midas Blood"],"campfire_rested":0,"item_purchase_floors":[11,11],"current_hp_per_floor":[70,54,47,47,39,25,25,23,23,23,23,23,23,23,23,0,0],"gold":26,"neow_bonus":"ONE_RANDOM_RARE_CARD","is_daily":false,"chose_seed":false,"campfire_upgraded":2,"win_rate":0.0,"timestamp":1611581644,"path_taken":["M","?","?","M","M","E","R","E","T","R","$","M","$","?","R_BF","BOSS"],"items_purchased_type":["Card","Relic"],"build_version":"2020-12-22","purchased_purges":1,"victory":false,"max_hp_per_floor":[70,70,70,70,70,70,70,70,70,70,70,70,70,70,70,70,70],"card_choices":[{"not_picked":["astrologer:MeteorShower","astrologer:Eclipse"],"picked":"astrologer:Judgement","floor":1},{"not_picked":["ReplayTheSpireMod:Echoes of Time","hubris:Rewind"],"picked":"ReplayTheSpireMod:Chaos Vortex","floor":2},{"not_picked":["astrologer:SpaceDust","astrologer:Stardust"],"picked":"astrologer:TheHierophant","floor":4},{"not_picked":["astrologer:Stardust","astrologer:TheEmpress","astrologer:TheHighPriestess"],"picked":"SKIP","floor":5},{"not_picked":["astrologer:Shine","astrologer:Moonlight"],"picked":"astrologer:TheMagician","floor":6},{"not_picked":["astrologer:Opposition","astrologer:Prestidigitation","astrologer:ReadTheStars"],"picked":"SKIP","floor":8},{"not_picked":["astrologer:Eclipse","astrologer:Moonlight"],"picked":"astrologer:TheStar","floor":12},{"not_picked":["astrologer:Stardust","astrologer:Cataclysm"],"picked":"astrologer:FrozenStar","floor":14}],"player_experience":1349186,"relics_obtained":[{"floor":6,"key":"Bottled Tornado"},{"floor":8,"key":"Replay:Wax Seal"},{"floor":9,"key":"Art of War"}],"event_choices":[{"damage_healed":0,"gold_gain":0,"player_choice":"Damaged","damage_taken":7,"max_hp_gain":0,"max_hp_loss":0,"event_name":"Wheel of Change","floor":3,"gold_loss":0}],"is_beta":false,"boss_relics":[],"items_purged_floors":[13],"is_endless":false,"potions_floor_spawned":[5,8,14],"killed_by":"Slime Boss","ascension_level":0}}