{"host":"zekcc3vicrep0och","time":1611596476,"event":{"mods":["AchievementEnabler","BaseMod","Colored Map","Colored Powertips","Displayed Cursed Tome","Highlight Path","Minty Spire (QoL Compilation)","Quick Restart","Relic Stats","StSLib","The Cursed"],"gold_per_floor":[219,232,382,393,393,393,419,437,437,437,3,3,3,28,28,105,105,125,144,144,161,161,161,161],"floor_reached":23,"language":"ENG","playtime":701,"items_purged":[],"score":392,"play_id":"fec0cc7e-d38e-4489-8e61-dcd87aaffd8c","local_time":"20210125204116","is_ascension_mode":true,"campfire_choices":[{"data":"Armaments","floor":6.0,"key":"SMITH"},{"data":"Entrench","floor":12.0,"key":"SMITH"},{"data":"Shockwave","floor":15.0,"key":"SMITH"}],"circlet_count":0,"master_deck":["AscendersBane","Strike_R","Strike_R","Strike_R","Strike_R","Defend_R","Defend_R","Defend_R","Defend_R","Bash","Heavy Blade","Anger","Armaments+1","Cleave","Entrench+1","Shockwave+1","Barricade","Entrench","Rage","Shrug It Off"],"relics":["Burning Blood","Pocketwatch","White Beast Statue","Lee\u0027s Waffle","Potion Belt","Question Card","Cursed Key","MutagenicStrength"],"acts_visited":["TheCity"],"potions_floor_usage":[21,23],"damage_taken":[{"damage":6.0,"enemies":"2 Louse","floor":1.0,"turns":4.0},{"damage":14.0,"enemies":"Jaw Worm","floor":2.0,"turns":4.0},{"damage":2.0,"enemies":"Small Slimes","floor":4.0,"turns":3.0},{"damage":30.0,"enemies":"Lagavulin","floor":7.0,"turns":8.0},{"damage":4.0,"enemies":"Red Slaver","floor":8.0,"turns":4.0},{"damage":5.0,"enemies":"3 Sentries","floor":14.0,"turns":6.0},{"damage":18.0,"enemies":"Slime Boss","floor":16.0,"turns":11.0},{"damage":1.0,"enemies":"Shell Parasite","floor":18.0,"turns":8.0},{"damage":20.0,"enemies":"Chosen","floor":19.0,"turns":6.0},{"damage":0.0,"enemies":"Shelled Parasite and Fungi","floor":20.0,"turns":1.0},{"damage":46,"enemies":"Snake Plant","floor":21,"turns":6},{"damage":34,"enemies":"Slavers","floor":23,"turns":2}],"seed_played":"-1074213986083500963","potions_obtained":[{"floor":1.0,"key":"Strength Potion"},{"floor":7.0,"key":"DistilledChaos"},{"floor":14.0,"key":"EssenceOfSteel"},{"floor":16.0,"key":"BlessingOfTheForge"},{"floor":18.0,"key":"SmokeBomb"},{"floor":19.0,"key":"LiquidMemories"},{"floor":21,"key":"FearPotion"}],"is_trial":false,"path_per_floor":["M","M","?","M","?","R","E","M","T","?","$","R","$","E","R","B",null,"M","M","M","M","?","E"],"character_chosen":"IRONCLAD","items_purchased":["Shockwave","Lee\u0027s Waffle","Potion Belt","Dexterity Potion"],"campfire_rested":0,"item_purchase_floors":[11,11,11,11],"current_hp_per_floor":[68,60,60,64,57,57,33,35,35,35,82,82,82,82,82,70,79,82,68,74,34,34,0,0],"gold":161,"neow_bonus":"HUNDRED_GOLD","is_daily":false,"chose_seed":false,"campfire_upgraded":3,"win_rate":0.0,"timestamp":1611596476,"path_taken":["M","M","?","M","?","R","E","M","T","?","$","R","$","E","R","BOSS","M","M","M","M","?","E"],"items_purchased_type":["Card","Relic","Relic","Potion"],"build_version":"2020-12-22","purchased_purges":0,"victory":false,"max_hp_per_floor":[75,75,75,75,75,75,75,75,75,75,82,82,82,82,82,82,82,82,82,82,82,82,82,82],"relic_stats":{"Lee\u0027s Waffle":47,"counters":[12,63],"Question Card":4,"Cursed Key":0,"obtain_stats":[{"Potion Belt":11,"Lee\u0027s Waffle":11,"MutagenicStrength":22,"Question Card":14,"Cursed Key":17,"Burning Blood":0,"White Beast Statue":9,"Pocketwatch":7},{"Potion Belt":5,"Lee\u0027s Waffle":5,"MutagenicStrength":11,"Question Card":6,"Cursed Key":7,"Burning Blood":0,"White Beast Statue":5,"Pocketwatch":4},{"Potion Belt":23,"Lee\u0027s Waffle":23,"MutagenicStrength":61,"Question Card":29,"Cursed Key":40,"Burning Blood":0,"White Beast Statue":23,"Pocketwatch":19}],"Burning Blood":63,"Pocketwatch":[57]},"card_choices":[{"not_picked":["Blood for Blood","Sentinel"],"picked":"Heavy Blade","floor":1.0},{"not_picked":["Clothesline","Warcry"],"picked":"Anger","floor":2.0},{"not_picked":["Infernal Blade","Iron Wave"],"picked":"Armaments","floor":4.0},{"not_picked":["Evolve","Disarm"],"picked":"Cleave","floor":7.0},{"not_picked":["True Grit","Sever Soul","Power Through"],"picked":"SKIP","floor":8.0},{"not_picked":["Clash","Blood for Blood","Warcry"],"picked":"SKIP","floor":14.0},{"not_picked":["Offering","Immolate","Exhume"],"picked":"Barricade","floor":16.0},{"not_picked":["Thunderclap","Carnage","Blood for Blood"],"picked":"Entrench","floor":18.0},{"not_picked":["Iron Wave+1","Thunderclap","True Grit"],"picked":"Rage","floor":19.0},{"not_picked":["Whirlwind","Pommel Strike","Sword Boomerang"],"picked":"Shrug It Off","floor":21}],"player_experience":557275,"relics_obtained":[{"floor":7.0,"key":"Pocketwatch"},{"floor":9.0,"key":"White Beast Statue"},{"floor":14.0,"key":"Question Card"}],"event_choices":[{"damage_healed":0.0,"max_hp_gain":0.0,"max_hp_loss":0.0,"gold_gain":150.0,"event_name":"Liars Game","player_choice":"AGREE","floor":3.0,"gold_loss":0.0,"damage_taken":0.0,"cards_obtained":["Doubt"]},{"cards_removed":["Doubt"],"damage_healed":0.0,"max_hp_gain":0.0,"max_hp_loss":0.0,"gold_gain":0.0,"event_name":"Golden Wing","player_choice":"Card Removal","floor":5.0,"gold_loss":0.0,"damage_taken":7.0},{"damage_healed":0.0,"max_hp_gain":0.0,"max_hp_loss":0.0,"gold_gain":0.0,"cards_transformed":["Strike_R"],"event_name":"Living Wall","player_choice":"Change","floor":10.0,"gold_loss":0.0,"damage_taken":0.0,"cards_obtained":["Entrench"]},{"damage_healed":0,"gold_gain":0,"player_choice":"Inject Mutagens","damage_taken":0,"relics_obtained":["MutagenicStrength"],"max_hp_gain":0,"max_hp_loss":0,"event_name":"Drug Dealer","floor":22,"gold_loss":0}],"is_beta":false,"boss_relics":[{"not_picked":["Ectoplasm","Runic Pyramid"],"picked":"Cursed Key"}],"items_purged_floors":[],"is_endless":false,"potions_floor_spawned":[1,7,14,16,18,19,20,21],"killed_by":"Slavers","ascension_level":19}}