{"host":"ml2ro5l6hu6y0pll","time":1611616168,"event":{"mods":["AchievementEnabler","BaseMod","Colored Map","Colored Powertips","Custom Start","Googly Eyes","Minty Spire (QoL Compilation)","Quick Restart","Rare Cards Sparkle","Relic Stats","Reliquary","StSLib","everything is the same but u backflip on backflip"],"gold_per_floor":[110,126,139,139,14,48,73,99,99,99,127,160,160,71,71,147,147,158,158,1,19,39,70,98,98,98,116,141,170,170,189,189,260,260,275,275,140,165,180,210,236,249,249,249,249],"floor_reached":44,"language":"ENG","playtime":2312,"items_purged":["Writhe"],"score":1689,"play_id":"363ad3f1-4659-4fd2-9d95-7ce3b741ea7d","local_time":"20210125230928","daily_mods":["Flight"],"is_ascension_mode":true,"campfire_choices":[{"data":"Defragment","floor":10,"key":"SMITH"},{"data":"Defragment","floor":13,"key":"SMITH"},{"data":"Fission","floor":15,"key":"SMITH"},{"data":"Creative AI","floor":25,"key":"SMITH"},{"data":"Biased Cognition","floor":30,"key":"SMITH"},{"data":"Loop","floor":32,"key":"SMITH"}],"circlet_count":0,"master_deck":["Capacitor","Defragment+1","White Noise","Chill","Genetic Algorithm","Leap","Leap","Conserve Battery","Coolheaded","FTL+1","Gash","Ball Lightning","Cold Snap","Sweeping Beam+1","Defragment+1","Heatsinks","Defragment+1","Core Surge+1","Self Repair","Fission+1","Creative AI+1","Loop+1","Fission+1","Capacitor","Barrage+1","Biased Cognition+1","Coolheaded+1","FTL","Defragment+1","Pain"],"relics":["Cracked Core","Membership Card","Mummified Hand","Kunai","Lee\u0027s Waffle","Orichalcum","Regal Pillow","Singing Bowl","reliquary:ExpiredCoupon","Prayer Wheel","Whetstone","reliquary:WritOfMandamus","reliquary:Buckler","DollysMirror","reliquary:RosewoodLute","Gremlin Horn","Ornamental Fan","reliquary:PartyBalloon","reliquary:SilkGlove","Cursed Key","Pantograph","Mango","Matryoshka","Art of War","Vajra"],"acts_visited":["Exordium","TheCity","TheBeyond"],"potions_floor_usage":[18,21],"damage_taken":[{"damage":0,"enemies":"2 Louse","floor":1,"turns":2},{"damage":0,"enemies":"Cultist","floor":2,"turns":3},{"damage":3,"enemies":"Small Slimes","floor":3,"turns":3},{"damage":0,"enemies":"Lagavulin","floor":6,"turns":5},{"damage":5,"enemies":"Gremlin Nob","floor":7,"turns":5},{"damage":0,"enemies":"3 Sentries","floor":8,"turns":4},{"damage":0,"enemies":"Gremlin Nob","floor":11,"turns":3},{"damage":0,"enemies":"3 Sentries","floor":12,"turns":5},{"damage":7,"enemies":"The Guardian","floor":16,"turns":7},{"damage":0,"enemies":"3 Byrds","floor":18,"turns":4},{"damage":7,"enemies":"2 Thieves","floor":21,"turns":3},{"damage":1,"enemies":"Centurion and Healer","floor":22,"turns":5},{"damage":17,"enemies":"Book of Stabbing","floor":23,"turns":4},{"damage":17,"enemies":"Gremlin Leader","floor":24,"turns":5},{"damage":5,"enemies":"Snake Plant","floor":27,"turns":4},{"damage":20,"enemies":"Slavers","floor":28,"turns":3},{"damage":6,"enemies":"Book of Stabbing","floor":29,"turns":4},{"damage":8,"enemies":"Chosen and Byrds","floor":31,"turns":5},{"damage":0,"enemies":"Automaton","floor":33,"turns":5},{"damage":12,"enemies":"Orb Walker","floor":35,"turns":3},{"damage":0,"enemies":"Mind Bloom Boss Battle","floor":38,"turns":3},{"damage":16,"enemies":"3 Darklings","floor":39,"turns":4},{"damage":0,"enemies":"Nemesis","floor":40,"turns":7},{"damage":108,"enemies":"Reptomancer","floor":41,"turns":3},{"damage":0,"enemies":"Writhing Mass","floor":42,"turns":5},{"damage":57,"enemies":"Transient","floor":44,"turns":2}],"seed_played":"3002767346378703515","potions_obtained":[{"floor":3,"key":"Weak Potion"},{"floor":6,"key":"Dexterity Potion"},{"floor":11,"key":"AttackPotion"},{"floor":18,"key":"Swift Potion"},{"floor":23,"key":"Regen Potion"},{"floor":38,"key":"LiquidMemories"}],"is_trial":true,"path_per_floor":["M","M","M","?","$","E","E","E","T","R","E","E","R","$","R","B",null,"M","?","$","M","M","E","E","R","T","M","E","E","R","M","R","B",null,"M","?","$","?","M","E","E","M","T","M"],"character_chosen":"DEFECT","items_purchased":["Defragment","Lee\u0027s Waffle","Fission","DollysMirror","Capacitor","Pantograph"],"campfire_rested":0,"item_purchase_floors":[5,5,14,20,20,37],"current_hp_per_floor":[64,64,61,71,78,78,73,73,73,73,80,82,82,82,82,82,82,84,84,84,88,90,80,70,70,70,76,63,66,66,69,69,78,96,95,95,95,122,115,124,25,36,36,0,0],"gold":249,"neow_bonus":"","is_daily":false,"chose_seed":false,"campfire_upgraded":6,"win_rate":0.0,"timestamp":1611616168,"path_taken":["M","M","M","?","$","E","E","E","T","R","E","E","R","?","R","BOSS","M","?","$","M","M","E","E","R","T","M","E","E","R","M","R","BOSS","M","?","$","?","M","E","E","M","T","?"],"items_purchased_type":["Card","Relic","Card","Relic","Card","Relic"],"build_version":"2020-12-22","purchased_purges":1,"victory":false,"max_hp_per_floor":[71,71,71,71,78,78,78,78,78,78,80,82,82,82,82,82,82,84,84,84,88,90,90,90,90,90,94,94,96,96,100,100,102,102,106,106,106,122,124,126,128,132,132,132,132],"relic_stats":{"Lee\u0027s Waffle":7,"Regal Pillow":0,"Singing Bowl":40,"Gremlin Horn":[11,11],"counters":[26,106],"Whetstone":["FTL","Core Surge"],"Orichalcum":[126],"Cursed Key":1,"Mummified Hand":[240],"Ornamental Fan":[152],"Pantograph":11,"Prayer Wheel":8,"Art of War":[2],"Kunai":[65],"obtain_stats":[{"Regal Pillow":7,"reliquary:SilkGlove":29,"Singing Bowl":8,"Gremlin Horn":24,"reliquary:PartyBalloon":28,"Vajra":43,"Mango":38,"Whetstone":12,"Cursed Key":34,"Matryoshka":40,"Mummified Hand":0,"DollysMirror":20,"Pantograph":37,"Prayer Wheel":11,"reliquary:Buckler":19,"Kunai":0,"Cracked Core":0,"Lee\u0027s Waffle":5,"Orichalcum":6,"reliquary:RosewoodLute":23,"reliquary:ExpiredCoupon":9,"Ornamental Fan":26,"Art of War":41,"Membership Card":0,"reliquary:WritOfMandamus":17},{"Regal Pillow":5,"reliquary:SilkGlove":17,"Singing Bowl":6,"Gremlin Horn":14,"reliquary:PartyBalloon":16,"Vajra":25,"Mango":21,"Whetstone":8,"Cursed Key":19,"Matryoshka":23,"Mummified Hand":0,"DollysMirror":10,"Pantograph":20,"Prayer Wheel":7,"reliquary:Buckler":10,"Kunai":0,"Cracked Core":0,"Lee\u0027s Waffle":3,"Orichalcum":4,"reliquary:RosewoodLute":13,"reliquary:ExpiredCoupon":6,"Ornamental Fan":14,"Art of War":24,"Membership Card":0,"reliquary:WritOfMandamus":9},{"Regal Pillow":18,"reliquary:SilkGlove":69,"Singing Bowl":22,"Gremlin Horn":58,"reliquary:PartyBalloon":65,"Vajra":104,"Mango":85,"Whetstone":30,"Cursed Key":79,"Matryoshka":96,"Mummified Hand":0,"DollysMirror":41,"Pantograph":82,"Prayer Wheel":25,"reliquary:Buckler":41,"Kunai":0,"Cracked Core":0,"Lee\u0027s Waffle":8,"Orichalcum":13,"reliquary:RosewoodLute":53,"reliquary:ExpiredCoupon":22,"Ornamental Fan":58,"Art of War":99,"Membership Card":0,"reliquary:WritOfMandamus":37}]},"card_choices":[{"not_picked":["Gash","Turbo"],"picked":"Defragment","floor":1},{"not_picked":["Chaos","Steam"],"picked":"Heatsinks","floor":2},{"not_picked":["Stack","Gash","Compile Driver"],"picked":"SKIP","floor":3},{"not_picked":["Beam Cell","Sunder","Fusion"],"picked":"SKIP","floor":6},{"not_picked":["Static Discharge","Double Energy"],"picked":"Core Surge","floor":7},{"not_picked":["Leap","Scrape"],"picked":"Self Repair","floor":8},{"not_picked":["Turbo","Redo","Gash"],"picked":"Singing Bowl","floor":11},{"not_picked":["Blizzard","Cold Snap","Streamline"],"picked":"Singing Bowl","floor":12},{"not_picked":["Reboot","Hyperbeam"],"picked":"Creative AI","floor":16},{"not_picked":["Barrage","Conserve Battery"],"picked":"Loop","floor":18},{"not_picked":["Leap","Sweeping Beam","Streamline"],"picked":"Singing Bowl","floor":18},{"not_picked":["Rebound","Cold Snap","Hologram"],"picked":"Singing Bowl","floor":21},{"not_picked":["Leap","Sweeping Beam","Streamline"],"picked":"Singing Bowl","floor":21},{"not_picked":["Go for the Eyes","Rebound"],"picked":"Barrage+1","floor":22},{"not_picked":["Cold Snap","Skim","Go for the Eyes"],"picked":"Singing Bowl","floor":22},{"not_picked":["Barrage","Recycle"],"picked":"Biased Cognition","floor":23},{"not_picked":["Turbo+1","Ball Lightning"],"picked":"Coolheaded+1","floor":24},{"not_picked":["Coolheaded","Steam","Streamline"],"picked":"Singing Bowl","floor":27},{"not_picked":["Leap","Ball Lightning","Coolheaded"],"picked":"Singing Bowl","floor":27},{"not_picked":["Storm","Ball Lightning+1"],"picked":"FTL","floor":28},{"not_picked":["Hologram","Doom and Gloom","Go for the Eyes"],"picked":"Singing Bowl","floor":29},{"not_picked":["Compile Driver","Sweeping Beam","Lockon"],"picked":"Singing Bowl","floor":31},{"not_picked":["Scrape","Streamline","Aggregate"],"picked":"Singing Bowl","floor":31},{"not_picked":["Hyperbeam","Reboot","Buffer"],"picked":"Singing Bowl","floor":33},{"not_picked":["White Noise+1","Turbo+1","Streamline"],"picked":"Singing Bowl","floor":35},{"not_picked":["Rebound","Reboot","Compile Driver"],"picked":"Singing Bowl","floor":35},{"not_picked":["Rebound","Coolheaded","Sweeping Beam"],"picked":"Singing Bowl","floor":38},{"not_picked":["Static Discharge","Barrage+1","Turbo"],"picked":"Singing Bowl","floor":39},{"not_picked":["Hologram","Compile Driver"],"picked":"Defragment+1","floor":39},{"not_picked":["Conserve Battery","Hologram","Storm"],"picked":"Singing Bowl","floor":40},{"not_picked":["Rip and Tear","Beam Cell+1","Ball Lightning"],"picked":"Singing Bowl","floor":41},{"not_picked":["Static Discharge","Coolheaded","Redo"],"picked":"Singing Bowl","floor":42},{"not_picked":["Defragment","Capacitor","Chaos"],"picked":"Singing Bowl","floor":42}],"player_experience":852665,"relics_obtained":[{"floor":6,"key":"Orichalcum"},{"floor":7,"key":"Regal Pillow"},{"floor":8,"key":"Singing Bowl"},{"floor":9,"key":"reliquary:ExpiredCoupon"},{"floor":11,"key":"Prayer Wheel"},{"floor":12,"key":"Whetstone"},{"floor":23,"key":"reliquary:RosewoodLute"},{"floor":24,"key":"Gremlin Horn"},{"floor":26,"key":"Ornamental Fan"},{"floor":28,"key":"reliquary:PartyBalloon"},{"floor":29,"key":"reliquary:SilkGlove"},{"floor":38,"key":"Mango"},{"floor":40,"key":"Matryoshka"},{"floor":41,"key":"Art of War"},{"floor":43,"key":"Vajra"}],"event_choices":[{"damage_healed":10,"gold_gain":0,"player_choice":"Full Heal","damage_taken":0,"max_hp_gain":0,"max_hp_loss":0,"event_name":"Wheel of Change","floor":4,"gold_loss":0},{"damage_healed":0,"gold_gain":0,"player_choice":"Opened","damage_taken":0,"relics_obtained":["reliquary:Buckler"],"max_hp_gain":0,"max_hp_loss":0,"event_name":"The Mausoleum","floor":19,"gold_loss":0,"cards_obtained":["Writhe"]},{"damage_healed":0,"gold_gain":0,"player_choice":"Ignored","damage_taken":0,"max_hp_gain":0,"max_hp_loss":0,"event_name":"Tomb of Lord Red Mask","floor":36,"gold_loss":0},{"damage_healed":0,"gold_gain":0,"player_choice":"Fight","damage_taken":0,"max_hp_gain":0,"max_hp_loss":0,"event_name":"MindBloom","floor":38,"gold_loss":0}],"is_beta":false,"boss_relics":[{"not_picked":["Coffee Dripper","SacredBark"],"picked":"reliquary:WritOfMandamus"},{"not_picked":["reliquary:RedCape","reliquary:KinkedSpring"],"picked":"Cursed Key"}],"items_purged_floors":[20],"is_endless":false,"potions_floor_spawned":[3,6,11,12,16,18,23,27,29,33,38],"killed_by":"Transient","ascension_level":20}}