{"host":"6eswuwtz6j8isipc","time":1611554617,"event":{"mods":["Astrologer","BaseMod","Better Third Choice","BetterRewards","Colored Map","Conspire","Hubris","Infinite Spire","Lobotomy","Minty Spire (QoL Compilation)","Permanent Neow","Replay The Spire","Spicy Shops","StSLib","The Animator","The Hierophant"],"gold_per_floor":[112,112,112,139,158,158,196,228,253,253,271,69,143,193,193,241,241,297,323,361,100,100,122,143,156,156,156,71,71,71,80,80,152,152,214,214,214,214,284,330,330,371,420,269,315,315,376,433,433,511,511,528,528,570,470,522,522,597,592,592,604,651,651,974,974,974,1104,1104,1150,80,129,158,211,211,287,287,287,335,367,380,357,357,357,450,450,459,177,230,286,286,286,359,384,384,384,390,390,443,443,443,443,443],"floor_reached":101,"language":"ENG","playtime":39870,"items_purged":["Amnesia","hierophant:Doubloon"],"score":2224,"play_id":"c245f79e-4757-4bd4-a95f-f3eb7036e9c7","local_time":"20210125010337","is_ascension_mode":false,"campfire_choices":[{"data":"hierophant:Punish","floor":6.0,"key":"SMITH"},{"data":"hierophant:PristineSoul","floor":10.0,"key":"SMITH"},{"data":"ReplayUltimateDefense+1","floor":27.0,"key":"SMITH"},{"data":"hierophant:ChurchCoffers","floor":30.0,"key":"SMITH"},{"data":"infinitespire:Starlight","floor":32.0,"key":"SMITH"},{"data":"infinitespire:Starlight+1","floor":41.0,"key":"SMITH"},{"data":"ReplayUltimateDefense+2","floor":46.0,"key":"SMITH"},{"data":"hierophant:Punish+2","floor":49.0,"key":"SMITH"},{"data":"hierophant:Punish+3","floor":57.0,"key":"SMITH"},{"floor":66.0,"key":"DIG"},{"floor":74.0,"key":"DIG"},{"floor":76.0,"key":"DIG"},{"floor":83.0,"key":"DIG"},{"data":"Wish+1","floor":91.0,"key":"SMITH"},{"data":"Wish+2","floor":95.0,"key":"SMITH"},{"floor":97.0,"key":"DIG"},{"floor":100.0,"key":"DIG"}],"circlet_count":0,"master_deck":["hierophant:Punish+4","hierophant:ChurchCoffers+1","infinitespire:Starlight+2","hierophant:PassingBell+1","hierophant:OrnateBuckler","hierophant:PristineSoul+1","hierophant:SecretStash+1","hierophant:SecretStash+1","hierophant:Endure","hierophant:Kindle+1","ReplayUltimateDefense+3","hierophant:PristineSoul+1","hierophant:ConvertCurrency+1","hierophant:Anathema+1","AbeCurse","Madness","Madness","hierophant:PassingBell+1","Wish+3","Amnesia"],"relics":["hierophant:PropheticMaskRelic","hubris:CuriousFeather","Letter Opener","Torii","Replay:Mystery Machine","Medical Kit","Golden Egg","Kintsugi","Centennial Puzzle","hubris:Towel","conspire:InfiniteJournal","Bag of Preparation","Thread and Needle","Bird Faced Urn","Abe\u0027s Treasure","conspire:DeflatedDodgeball","Whetstone","PreservedInsect","infinitespire:CheckeredPen","Replay:Drink Me","infinitespire:Eraser","Shovel","PrismaticShard","Old Coin","Spirit Poop","infinitespire:Satchel","hubris:Stopwatch","TungstenRod","Replay:Lucky Slots","Replay:Baseball","hubris:GlazedTorus","Guide Book","Akabeko","Strawberry","Prayer Wheel","hubris:Zylophone","infinitespire:ShieldingShard","Boot","hubris:ScarierMask","Replay:Wax Seal","Gremlin Horn","Art of War","ReplayTheSpireMod:Ring of Challenge","Ring of Peace","Matryoshka","ReplayTheSpireMod:Ninjato","Replay:Rubber Ducky","Lantern","hubris:Icosahedron","Regal Pillow"],"acts_visited":["Exordium","TheCity","TheBeyond","Exordium","TheCity","TheBeyond"],"potions_floor_usage":[],"damage_taken":[{"damage":2.0,"enemies":"conspire:RoseBush","floor":1.0,"turns":4.0},{"damage":0.0,"enemies":"Small Slimes","floor":5.0,"turns":3.0},{"damage":18.0,"enemies":"3 Sentries","floor":7.0,"turns":7.0},{"damage":22.0,"enemies":"Gremlin Nob","floor":8.0,"turns":5.0},{"damage":0.0,"enemies":"2 Louse","floor":11.0,"turns":3.0},{"damage":8.0,"enemies":"Replay:BlueRogue","floor":13.0,"turns":6.0},{"damage":9.0,"enemies":"Exordium Wildlife","floor":14.0,"turns":6.0},{"damage":30.0,"enemies":"Hexaghost","floor":16.0,"turns":18.0},{"damage":0.0,"enemies":"Spheric Guardian","floor":18.0,"turns":3.0},{"damage":10.0,"enemies":"3 Byrds","floor":20.0,"turns":3.0},{"damage":7.0,"enemies":"Replay:Snechameleon","floor":23.0,"turns":9.0},{"damage":0.0,"enemies":"3 Cultists","floor":24.0,"turns":4.0},{"damage":71.0,"enemies":"Nightmare","floor":25.0,"turns":13.0},{"damage":0.0,"enemies":"Sentry and Sphere","floor":31.0,"turns":5.0},{"damage":0.0,"enemies":"conspire:MysteriousRune","floor":33.0,"turns":15.0},{"damage":0.0,"enemies":"3 Shapes","floor":35.0,"turns":7.0},{"damage":0.0,"enemies":"3 Darklings","floor":39.0,"turns":6.0},{"damage":15.0,"enemies":"R_Hoarder","floor":40.0,"turns":8.0},{"damage":0.0,"enemies":"Transient","floor":42.0,"turns":5.0},{"damage":1.0,"enemies":"4 Shapes","floor":45.0,"turns":5.0},{"damage":46.0,"enemies":"Nemesis","floor":47.0,"turns":9.0},{"damage":1.0,"enemies":"Writhing Mass","floor":48.0,"turns":6.0},{"damage":37.0,"enemies":"Donu and Deca","floor":50.0,"turns":11.0},{"damage":12.0,"enemies":"Jaw Worm","floor":52.0,"turns":3.0},{"damage":0.0,"enemies":"Cultist","floor":54.0,"turns":2.0},{"damage":0.0,"enemies":"2 Louse","floor":56.0,"turns":1.0},{"damage":0.0,"enemies":"Looter","floor":59.0,"turns":2.0},{"damage":0.0,"enemies":"Nightmare","floor":61.0,"turns":5.0},{"damage":0.0,"enemies":"3 Louse","floor":62.0,"turns":2.0},{"damage":0.0,"enemies":"3 Sentries","floor":64.0,"turns":3.0},{"damage":0.0,"enemies":"Slime Boss","floor":67.0,"turns":3.0},{"damage":0.0,"enemies":"3 Byrds","floor":69.0,"turns":1.0},{"damage":0.0,"enemies":"2 Thieves","floor":71.0,"turns":3.0},{"damage":0.0,"enemies":"Centurion and Healer","floor":72.0,"turns":3.0},{"damage":0.0,"enemies":"Snecko","floor":73.0,"turns":3.0},{"damage":0.0,"enemies":"Slavers","floor":75.0,"turns":2.0},{"damage":0.0,"enemies":"3 Cultists","floor":78.0,"turns":4.0},{"damage":0.0,"enemies":"Cultist and Chosen","floor":79.0,"turns":3.0},{"damage":0.0,"enemies":"Snecko","floor":80.0,"turns":4.0},{"damage":0.0,"enemies":"Nightmare","floor":81.0,"turns":5.0},{"damage":0.0,"enemies":"Pondfish","floor":84.0,"turns":6.0},{"damage":0.0,"enemies":"3 Shapes","floor":86.0,"turns":3.0},{"damage":0.0,"enemies":"conspire:MimicChest","floor":88.0,"turns":6.0},{"damage":0.0,"enemies":"Orb Walker","floor":89.0,"turns":3.0},{"damage":0.0,"enemies":"R_Hoarder","floor":92.0,"turns":6.0},{"damage":0.0,"enemies":"Writhing Mass","floor":93.0,"turns":5.0},{"damage":0.0,"enemies":"Sphere and 2 Shapes","floor":96.0,"turns":3.0},{"damage":0.0,"enemies":"Spire Growth","floor":98.0,"turns":5.0},{"damage":0,"enemies":"Donu and Deca","floor":101,"turns":1}],"seed_played":"4929105117516634619","potions_obtained":[{"floor":7.0,"key":"Elixir"},{"floor":8.0,"key":"EssenceOfSteel"},{"floor":14.0,"key":"BlessingOfTheForge"},{"floor":20.0,"key":"LiquidMemories"},{"floor":31.0,"key":"Toxic Potion"},{"floor":33.0,"key":"DuplicationPotion"},{"floor":47.0,"key":"Doom Potion"},{"floor":48.0,"key":"DuplicationPotion"},{"floor":54.0,"key":"Energy Potion"},{"floor":61.0,"key":"Weak Potion"},{"floor":64.0,"key":"FairyPotion"}],"is_trial":false,"path_per_floor":["M","?","?","?","M","R","E","?","T","R","M","$","E","M","R_BF","B",null,"M","T","M","$","?","E","M","NM","T","R","?","?","R","M","R","B",null,"M","?","?","?","M","E","R","M","T","$","M","R","E","M","R","B",null,"M","?","M","$","M","R","?","M","T","NM","M","?","E","?","R","B",null,"M","$","M","M","M","R","E","R","T","M","M","M","NM","?","R","B",null,"M","$","?","M","?","R","E","M","T","R","M","R","M","?","R","B"],"character_chosen":"HIEROPHANT","items_purchased":["hierophant:SecretStash","Medical Kit","ReplayUltimateDefense","PreservedInsect","TungstenRod","Replay:Lucky Slots","Replay:Baseball","hubris:GlazedTorus","Guide Book","Replay:Wax Seal","Gremlin Horn"],"campfire_rested":0,"item_purchase_floors":[12,12,21,44,70,70,70,70,70,87,87],"current_hp_per_floor":[73,56,56,38,48,48,40,28,28,28,38,38,40,41,41,21,75,75,75,75,75,75,75,75,14,14,14,14,14,14,26,26,43,75,75,75,66,66,75,64,64,75,75,75,75,75,51,72,72,57,57,47,47,57,57,57,57,52,57,57,57,57,57,57,57,57,57,57,57,57,57,57,57,57,64,64,64,64,64,64,64,64,64,64,64,64,64,64,64,64,64,64,64,64,64,64,64,64,64,64,64,64],"gold":443,"neow_bonus":"REMOVE_CARD","is_daily":false,"chose_seed":false,"campfire_upgraded":11,"win_rate":0.0,"timestamp":1611554617,"path_taken":["M","?","?","?","M","R","E","?","T","R","M","?","E","M","R_BF","BOSS","M","?","M","$","?","E","M","NM","T","R","?","?","R","M","R","BOSS","M","?","?","?","M","E","R","M","T","$","M","R","E","M","R","BOSS","M","?","M","$","M","R","?","?","T","NM","M","?","E","?","R","BOSS","M","$","M","?","M","R","E","R","T","M","M","?","NM","?","R","BOSS","M","$","?","M","?","R","E","M","T","R","M","R","M","?","R","BOSS"],"items_purchased_type":["Card","Relic","Card","Relic","Relic","Relic","Relic","Relic","Relic","Relic","Relic"],"build_version":"2020-12-22","purchased_purges":2,"victory":false,"max_hp_per_floor":[75,75,75,75,75,75,75,75,75,75,75,75,75,75,75,75,75,75,75,75,75,75,75,75,75,75,75,75,75,75,75,75,75,75,75,75,75,75,75,75,75,75,75,75,75,75,75,75,75,75,57,57,57,57,57,57,57,57,57,57,57,57,57,57,57,57,57,57,57,57,57,57,57,57,64,64,64,64,64,64,64,64,64,64,64,64,64,64,64,64,64,64,64,64,64,64,64,64,64,64,64,64],"card_choices":[{"not_picked":["hierophant:Encroach","hierophant:Sermon"],"picked":"hierophant:ThreeLashes","floor":1.0},{"not_picked":["infinitespire:SevenWalls","hubris:InfiniteBlow"],"picked":"infinitespire:Starlight","floor":2.0},{"not_picked":["hierophant:Sermon","hierophant:FaithHealing"],"picked":"hierophant:PassingBell","floor":4.0},{"not_picked":["hierophant:Charity","hierophant:MorningPrayer"],"picked":"hierophant:OrnateBuckler","floor":5.0},{"not_picked":["hierophant:Remorse","hierophant:AuricBeam"],"picked":"hierophant:PristineSoul","floor":7.0},{"not_picked":["hierophant:Mercenaries","hierophant:HammerAndAnvil","hierophant:FlamingChariot"],"picked":"SKIP","floor":11.0},{"not_picked":["hierophant:Glossolalia","hierophant:Empathy"],"picked":"hierophant:Endure","floor":13.0},{"not_picked":["hierophant:DisplayOfPower","hierophant:Sermon","hierophant:ThreeLashes"],"picked":"SKIP","floor":14.0},{"not_picked":["hierophant:DisplayOfPower","hierophant:Sermon","hierophant:ThreeLashes"],"picked":"SKIP","floor":14.0},{"not_picked":["hierophant:DeathKnell","hierophant:Generosity"],"picked":"hierophant:Kindle","floor":16.0},{"not_picked":["hierophant:EyeForCoin+1","hierophant:Sermon","hierophant:Encroach"],"picked":"SKIP","floor":18.0},{"not_picked":["hierophant:Remorse+1","hierophant:MirrorShield","hierophant:SealAway"],"picked":"SKIP","floor":20.0},{"not_picked":["hierophant:EyeForCoin","hierophant:RustyCrate+1","hierophant:Determination"],"picked":"SKIP","floor":23.0},{"not_picked":["hierophant:Upheaval","hierophant:PassingBell"],"picked":"hierophant:PristineSoul+1","floor":24.0},{"not_picked":["hierophant:Patience","hierophant:RepressedViolence+1"],"picked":"hierophant:ConvertCurrency+1","floor":25.0},{"not_picked":["hierophant:Remorse","hierophant:FieryStrike+1","hierophant:Upheaval+1"],"picked":"SKIP","floor":31.0},{"not_picked":["hierophant:MintersHammer","hierophant:Kindle"],"picked":"hierophant:Anathema","floor":33.0},{"not_picked":["hierophant:OrnateBuckler","hierophant:FaithHealing+1"],"picked":"hierophant:Bribe","floor":35.0},{"not_picked":["hierophant:Purify+1","hierophant:Doubloon","hierophant:Sermon+1"],"picked":"SKIP","floor":39.0},{"not_picked":["hierophant:SealAway+1","hierophant:Remorse","hierophant:MorningPrayer"],"picked":"SKIP","floor":40.0},{"not_picked":["hierophant:Refuge","hierophant:Racketeering+1","hierophant:RustyCrate"],"picked":"SKIP","floor":42.0},{"not_picked":["hierophant:Encroach+1","hierophant:Mercenaries","hierophant:Kindle"],"picked":"SKIP","floor":45.0},{"not_picked":["hierophant:MorningPrayer","hierophant:Kindle"],"picked":"hierophant:PassingBell+1","floor":47.0},{"not_picked":["hierophant:Patience+1","hierophant:FlamingChariot+1","hierophant:ThreeLashes"],"picked":"SKIP","floor":48.0},{"not_picked":["hierophant:FlamingChariot","hierophant:DisplayOfPower","hierophant:OrnateBuckler"],"picked":"SKIP","floor":52.0},{"not_picked":["hierophant:SolarFlare","hierophant:OrnateBuckler","hierophant:Upheaval"],"picked":"SKIP","floor":54.0},{"not_picked":["hierophant:RustyCrate","hierophant:Rebuild","hierophant:MorningPrayer"],"picked":"SKIP","floor":56.0},{"not_picked":["hierophant:Upheaval","hierophant:AuricBeam","hierophant:Purify"],"picked":"SKIP","floor":59.0},{"not_picked":["hierophant:Charity","hierophant:MorningPrayer","hierophant:AuricForm"],"picked":"SKIP","floor":61.0},{"not_picked":["hierophant:Zeal","hierophant:TollTheBells","hierophant:Prophecy"],"picked":"SKIP","floor":62.0},{"not_picked":["animator:ShinjiMatou","True Grit","DeceiveReality"],"picked":"SKIP","floor":64.0},{"not_picked":["astrologer:HeatDeath","ReplayTheSpireMod:From All Sides"],"picked":"Wish","floor":67.0},{"not_picked":["Static Discharge","Sever Soul","animator:Emonzaemon"],"picked":"SKIP","floor":69.0},{"not_picked":["animator:CowGirl+1","animator:Gluttony+1","ReplayTheSpireMod:GoodbyeWorld+1"],"picked":"SKIP","floor":71.0},{"not_picked":["Prostrate","animator:Mitsurugi","ReplayTheSpireMod:Stacked"],"picked":"SKIP","floor":72.0},{"not_picked":["hierophant:Smite","Replay:BluntJabs","hierophant:Embezzle+1"],"picked":"SKIP","floor":73.0},{"not_picked":["Clash","hubris:Ukulele","hierophant:AuricForm"],"picked":"SKIP","floor":75.0},{"not_picked":["EmptyFist","animator:DolaSchwi+1","Body Slam"],"picked":"SKIP","floor":78.0},{"not_picked":["Survey Options","animator:Kuribayashi","Run Through"],"picked":"SKIP","floor":78.0},{"not_picked":["Deadly Poison","Steam Power+1","Dagger Spray+1"],"picked":"SKIP","floor":79.0},{"not_picked":["astrologer:Novile","animator:UneriGinkaku","animator:TukaLunaMarceau"],"picked":"SKIP","floor":79.0},{"not_picked":["animator:Konayuki","Reverberation","Inflame"],"picked":"SKIP","floor":80.0},{"not_picked":["Entrench","Underhanded Strike","Headbutt"],"picked":"SKIP","floor":80.0},{"not_picked":["animator:PandorasActor","PathToVictory+1","animator:MamizouFutatsuiwa"],"picked":"SKIP","floor":81.0},{"not_picked":["animator:ZankiKiguchi+1","ThirdEye","animator:Vanir+1"],"picked":"SKIP","floor":86.0},{"not_picked":["Conserve Battery+1","ReplayTheSpireMod:Strike From Hell+1","hierophant:Sermon"],"picked":"SKIP","floor":86.0},{"not_picked":["Conclude","animator:SilverFang+1","animator:Verdia"],"picked":"SKIP","floor":89.0},{"not_picked":["FollowUp+1","Heel Hook+1","Adoration"],"picked":"SKIP","floor":89.0},{"not_picked":["animator:DolaRiku+1","Gash","Tempest"],"picked":"SKIP","floor":92.0},{"not_picked":["Harmony+1","Flying Knee","Seek"],"picked":"SKIP","floor":93.0},{"not_picked":["hierophant:MorningPrayer","Lockon","hierophant:Upheaval+1"],"picked":"SKIP","floor":93.0},{"not_picked":["conspire:Rain","animator:MisakiNakahara+1","animator:Priestess"],"picked":"SKIP","floor":96.0},{"not_picked":["Replay:ManipulateFuture+1","Deflect","animator:YuiTsuruno"],"picked":"SKIP","floor":96.0},{"not_picked":["astrologer:StarOfMisfortune","hierophant:Doubloon+1","Replay:BluntJabs+1"],"picked":"SKIP","floor":98.0},{"not_picked":["CherryBlossom+1","hierophant:HammerAndAnvil","animator:Tyuule+1"],"picked":"SKIP","floor":98.0}],"player_experience":1309316,"relics_obtained":[{"floor":4.0,"key":"hubris:CuriousFeather"},{"floor":7.0,"key":"Letter Opener"},{"floor":8.0,"key":"Torii"},{"floor":9.0,"key":"Replay:Mystery Machine"},{"floor":13.0,"key":"Golden Egg"},{"floor":19.0,"key":"Centennial Puzzle"},{"floor":23.0,"key":"conspire:InfiniteJournal"},{"floor":25.0,"key":"Bag of Preparation"},{"floor":26.0,"key":"Thread and Needle"},{"floor":40.0,"key":"conspire:DeflatedDodgeball"},{"floor":43.0,"key":"Whetstone"},{"floor":47.0,"key":"infinitespire:CheckeredPen"},{"floor":60.0,"key":"infinitespire:Eraser"},{"floor":61.0,"key":"Shovel"},{"floor":64.0,"key":"Old Coin"},{"floor":66.0,"key":"infinitespire:Satchel"},{"floor":74.0,"key":"Akabeko"},{"floor":75.0,"key":"Strawberry"},{"floor":76.0,"key":"Prayer Wheel"},{"floor":77.0,"key":"hubris:Zylophone"},{"floor":81.0,"key":"infinitespire:ShieldingShard"},{"floor":83.0,"key":"Boot"},{"floor":88.0,"key":"Art of War"},{"floor":90.0,"key":"ReplayTheSpireMod:Ring of Challenge"},{"floor":90.0,"key":"Ring of Peace"},{"floor":92.0,"key":"Matryoshka"},{"floor":94.0,"key":"ReplayTheSpireMod:Ninjato"},{"floor":94.0,"key":"Replay:Rubber Ducky"},{"floor":97.0,"key":"Lantern"},{"floor":100.0,"key":"Regal Pillow"}],"event_choices":[{"damage_healed":0.0,"max_hp_gain":0.0,"max_hp_loss":0.0,"gold_gain":30.0,"event_name":"Dead Adventurer","player_choice":"Searched \u00273\u0027 times","floor":8.0,"gold_loss":0.0,"damage_taken":0.0},{"cards_removed":["hierophant:Strike_Hierophant"],"damage_healed":0.0,"max_hp_gain":0.0,"max_hp_loss":0.0,"gold_gain":0.0,"event_name":"Wheel of Change","player_choice":"Card Removal","floor":15.0,"gold_loss":0.0,"damage_taken":0.0},{"damage_healed":0.0,"max_hp_gain":0.0,"max_hp_loss":0.0,"gold_gain":0.0,"event_name":"Addict","player_choice":"Obtained Relic","floor":28.0,"gold_loss":85.0,"damage_taken":0.0,"relics_obtained":["Bird Faced Urn"]},{"damage_healed":0.0,"max_hp_gain":0.0,"max_hp_loss":0.0,"gold_gain":0.0,"event_name":"Ghosts","player_choice":"Ignored","floor":29.0,"gold_loss":0.0,"damage_taken":0.0},{"damage_healed":0.0,"max_hp_gain":0.0,"max_hp_loss":0.0,"gold_gain":0.0,"event_name":"conspire:Investor","player_choice":"Leave","floor":36.0,"gold_loss":0.0,"damage_taken":0.0},{"damage_healed":0.0,"max_hp_gain":0.0,"max_hp_loss":0.0,"gold_gain":0.0,"event_name":"Winding Halls","player_choice":"Embrace Madness","floor":37.0,"gold_loss":0.0,"damage_taken":9.0,"cards_obtained":["Madness","Madness"]},{"cards_removed":["hierophant:ThreeLashes"],"damage_healed":0.0,"max_hp_gain":0.0,"max_hp_loss":0.0,"gold_gain":0.0,"event_name":"Falling","player_choice":"Removed Attack","floor":38.0,"gold_loss":0.0,"damage_taken":0.0},{"damage_healed":0.0,"max_hp_gain":0.0,"max_hp_loss":0.0,"gold_gain":0.0,"event_name":"Golden Idol","player_choice":"Ignored","floor":53.0,"gold_loss":0.0,"damage_taken":0.0},{"damage_healed":0.0,"max_hp_gain":0.0,"max_hp_loss":0.0,"gold_gain":75.0,"event_name":"FaceTrader","player_choice":"Touch","floor":58.0,"gold_loss":0.0,"damage_taken":5.0},{"cards_removed":["hubris:Disease"],"damage_healed":0.0,"max_hp_gain":0.0,"max_hp_loss":0.0,"gold_gain":0.0,"event_name":"Bonfire Elementals","player_choice":"Offered Curse","floor":65.0,"gold_loss":0.0,"damage_taken":0.0,"relics_obtained":["Spirit Poop"]},{"damage_healed":0.0,"max_hp_gain":0.0,"max_hp_loss":0.0,"gold_gain":0.0,"event_name":"NoteForYourself","player_choice":"Ignored","floor":82.0,"gold_loss":0.0,"damage_taken":0.0}],"is_beta":false,"boss_relics":[{"not_picked":["hubris:HollowSoul","hubris:Stopwatch"],"picked":"Kintsugi"},{"not_picked":["Runic Dome","conspire:SpecialSausage"],"picked":"Abe\u0027s Treasure"},{"not_picked":["hubris:GrandSneckoEye","Pandora\u0027s Box"],"picked":"Replay:Drink Me"},{"not_picked":["Ring of Chaos","hubris:GrandSneckoEye"],"picked":"hubris:Stopwatch"},{"not_picked":["hubris:BlackHole","Runic Pyramid"],"picked":"hubris:ScarierMask"}],"items_purged_floors":[21,55],"is_endless":true,"potions_floor_spawned":[7,8,14,20,31,33,40,45,47,48,54,61,64,67,73,75,79,84,86,89,93,98],"killed_by":"Donu and Deca","ascension_level":0}}