{"host":"fuszjwm6fqgjjp4d","time":1611551438,"event":{"mods":["BaseMod","Bestiary","Colored Map","DeckTracker","Minty Spire (QoL Compilation)","Permanent Neow","Relic Sorter","Relic Stats","StSLib"],"gold_per_floor":[111,111,81,92,109,109,136,136,159,191,253,319,70,80,80,80,80],"floor_reached":16,"language":"ENG","playtime":326,"items_purged":["Strike_P"],"score":216,"play_id":"55c5f2c4-5941-43af-8317-b309f0810d03","local_time":"20210124231038","is_ascension_mode":true,"campfire_choices":[{"data":"Eruption","floor":6,"key":"SMITH"},{"data":"Conclude","floor":8,"key":"SMITH"},{"floor":15,"key":"DIG"}],"circlet_count":0,"master_deck":["AscendersBane","Strike_P","Strike_P","Strike_P","Defend_P","Defend_P","Defend_P","Defend_P","Eruption+1","Vigilance","EmptyFist","BowlingBash","Conclude+1","ThirdEye","DeceiveReality","Tantrum","FollowUp"],"relics":["PureWater","NeowsBlessing","Bronze Scales","Damaru","Shovel","Smiling Mask","Lantern","Juzu Bracelet"],"acts_visited":[],"potions_floor_usage":[11],"damage_taken":[{"damage":0,"enemies":"2 Louse","floor":1,"turns":2},{"damage":0,"enemies":"Cultist","floor":4,"turns":1},{"damage":0,"enemies":"Jaw Worm","floor":5,"turns":1},{"damage":8,"enemies":"Gremlin Nob","floor":7,"turns":3},{"damage":2,"enemies":"3 Sentries","floor":10,"turns":4},{"damage":29,"enemies":"Gremlin Nob","floor":11,"turns":4},{"damage":2,"enemies":"2 Fungi Beasts","floor":14,"turns":2},{"damage":28,"enemies":"Hexaghost","floor":16,"turns":9}],"seed_played":"8205578010318176955","potions_obtained":[{"floor":3,"key":"StancePotion"},{"floor":3,"key":"BlessingOfTheForge"},{"floor":7,"key":"CultistPotion"}],"is_trial":false,"path_per_floor":["M","?","?","M","M","R","E","R","T","E","?","?","$","M","R","B"],"character_chosen":"WATCHER","items_purchased":["Tantrum","Lantern"],"campfire_rested":0,"item_purchase_floors":[13,13],"current_hp_per_floor":[61,66,66,66,66,66,58,58,58,56,27,27,27,25,25,0,0],"gold":80,"neow_bonus":"THREE_ENEMY_KILL","is_daily":false,"chose_seed":false,"campfire_upgraded":2,"win_rate":0.0,"timestamp":1611551438,"path_taken":["M","?","?","M","?","R","E","R","T","E","?","?","?","?","R","BOSS"],"items_purchased_type":["Card","Relic"],"build_version":"2020-12-22","purchased_purges":1,"victory":false,"max_hp_per_floor":[68,73,73,73,73,73,73,73,73,73,73,73,73,73,73,73,73],"relic_stats":{"Shovel":1,"counters":[8,26],"Bronze Scales":[68],"Juzu Bracelet":0,"Smiling Mask":25,"obtain_stats":[{"Lantern":13,"Shovel":10,"NeowsBlessing":0,"Bronze Scales":7,"Damaru":9,"Juzu Bracelet":15,"PureWater":0,"Smiling Mask":11},{"Lantern":6,"Shovel":5,"NeowsBlessing":0,"Bronze Scales":4,"Damaru":4,"Juzu Bracelet":7,"PureWater":0,"Smiling Mask":6},{"Lantern":15,"Shovel":11,"NeowsBlessing":0,"Bronze Scales":7,"Damaru":7,"Juzu Bracelet":17,"PureWater":0,"Smiling Mask":15}]},"card_choices":[{"not_picked":["CrushJoints","Pray"],"picked":"EmptyFist","floor":1},{"not_picked":["ThirdEye","SashWhip"],"picked":"BowlingBash","floor":4},{"not_picked":["Pray","LikeWater"],"picked":"Conclude","floor":5},{"not_picked":["SashWhip","InnerPeace"],"picked":"ThirdEye","floor":7},{"not_picked":["JustLucky","SashWhip","FlyingSleeves"],"picked":"SKIP","floor":10},{"not_picked":["SashWhip","EmptyMind"],"picked":"DeceiveReality","floor":11},{"not_picked":["FlurryOfBlows","InnerPeace"],"picked":"FollowUp","floor":14}],"player_experience":1346019,"relics_obtained":[{"floor":7,"key":"Bronze Scales"},{"floor":9,"key":"Damaru"},{"floor":10,"key":"Shovel"},{"floor":11,"key":"Smiling Mask"},{"floor":15,"key":"Juzu Bracelet"}],"event_choices":[{"damage_healed":0,"gold_gain":0,"player_choice":"Donut","damage_taken":0,"max_hp_gain":5,"max_hp_loss":0,"event_name":"Big Fish","floor":2,"gold_loss":0},{"damage_healed":0,"gold_gain":0,"player_choice":"Bought 2 Potions","damage_taken":0,"max_hp_gain":0,"max_hp_loss":0,"event_name":"The Woman in Blue","floor":3,"gold_loss":0},{"damage_healed":0,"gold_gain":30,"player_choice":"Searched \u00272\u0027 times","damage_taken":0,"max_hp_gain":0,"max_hp_loss":0,"event_name":"Dead Adventurer","floor":11,"gold_loss":0},{"damage_healed":0,"gold_gain":66,"player_choice":"Gained Gold","damage_taken":0,"max_hp_gain":0,"max_hp_loss":0,"event_name":"Golden Wing","floor":12,"gold_loss":0}],"is_beta":false,"boss_relics":[],"items_purged_floors":[13],"is_endless":false,"potions_floor_spawned":[5,7,10],"killed_by":"Hexaghost","ascension_level":20}}