{"host":"d73an99q9oevilk5","time":1611577589,"event":{"mods":["2.2 Compatiblity","AchievementEnabler","Act Like it!","Aspiration","BaseMod","Beaked The Cultist","Better Third Choice","BetterRewards","Colored Map","Colored Powertips","Conspire","GifTheSpireLib","Halation","Hubris","Infinite Spire","Mimic Mod","Minty Spire (QoL Compilation)","Quick Restart","Relic Sorter","Replay The Spire","Shop Mod","Spikes Relics","StSLib","Stuff the Spire","The Cursed","The Necromancer","The Saiyan","Waifu the Spire","egg","slay the spire mod where everything is the same but ironclad has a cowboy hat"],"gold_per_floor":[113,124,124,143,161,161,161,161,207,207,220,253,285,285,360,458,458,478,478,478,488,303,303,323,360,400,400,400,429,429,429],"floor_reached":30,"language":"ENG","playtime":1091,"items_purged":[],"score":271,"play_id":"30783cba-6e9c-41e7-bc7d-7ccf90ece1a0","local_time":"20210125052629","is_ascension_mode":false,"campfire_choices":[{"data":"beaked:Ceremony","floor":6.0,"key":"SMITH"},{"data":"beaked:Ceremony","floor":8.0,"key":"SMITH"},{"data":"Apotheosis","floor":23,"key":"SMITH"},{"data":"beaked:Foresight","floor":27,"key":"SMITH"}],"circlet_count":0,"master_deck":["beaked:Strike_Y","beaked:Strike_Y","beaked:Strike_Y","beaked:Strike_Y","beaked:Defend_Y","beaked:Defend_Y","beaked:Defend_Y","beaked:Defend_Y","beaked:Ceremony+1","beaked:Ceremony+1","beaked:Ceremony+1","beaked:Insight","beaked:Foresight+1","beaked:Evade+1","beaked:LiftOff","beaked:Evade+1","beaked:CursingBlood","Apotheosis+1","beaked:CursingBlood","beaked:CursingBlood","beaked:MachineEssence"],"relics":["beaked:MendingPlumage","aspiration:Nostalgia","PureWater","Letter Opener","Replay:Wax Seal","Simple Rune","StuffTheSpire:Rhapsscallions","halation:SwordOfLegend","SacredBark","SlaversCollar","infinitespire:Satchel","conspire:BottledYoYo","Smiling Mask","ReplayTheSpireMod:Shallot"],"acts_visited":["TheCity"],"potions_floor_usage":[],"damage_taken":[{"damage":7.0,"enemies":"2 Louse","floor":1.0,"turns":3.0},{"damage":32.0,"enemies":"infinitespire:Voidling","floor":2.0,"turns":5.0},{"damage":11.0,"enemies":"Jaw Worm","floor":4.0,"turns":5.0},{"damage":11.0,"enemies":"Blue Slaver","floor":5.0,"turns":5.0},{"damage":18.0,"enemies":"Exordium Wildlife","floor":11.0,"turns":6.0},{"damage":4.0,"enemies":"Red Slaver","floor":12.0,"turns":7.0},{"damage":15.0,"enemies":"Lagavulin","floor":13.0,"turns":7.0},{"damage":42,"enemies":"Hexaghost","floor":16,"turns":10},{"damage":36,"enemies":"conspire:FuzzyDice","floor":18,"turns":8},{"damage":49,"enemies":"3 Byrds","floor":21,"turns":7},{"damage":34,"enemies":"Cultist and Chosen","floor":24,"turns":9},{"damage":12,"enemies":"conspire:MimicChest","floor":25,"turns":10},{"damage":8,"enemies":"3 Cultists","floor":26,"turns":9},{"damage":0,"enemies":"conspire:Head Lice","floor":29,"turns":8},{"damage":71,"enemies":"3 Cultists","floor":30,"turns":4}],"seed_played":"8814051378176260721","potions_obtained":[{"floor":2.0,"key":"Dexterity Potion"},{"floor":5.0,"key":"LiquidBronze"},{"floor":13.0,"key":"Venom Potion"},{"floor":21,"key":"EntropicBrew"}],"is_trial":false,"path_per_floor":["M","M","?","M","M","R","?","R","T","?","M","MIM","E","AVR","R_BF","B",null,"M","?","?","M","$","R","M","?","MIM","R","AVR","E","M"],"character_chosen":"BEAKED_THE_CULTIST","items_purchased":["Apotheosis"],"campfire_rested":0,"item_purchase_floors":[22],"current_hp_per_floor":[49,28,28,29,34,34,27,27,27,27,26,38,45,45,39,35,54,44,44,44,23,23,32,23,44,50,50,50,54,0,0],"gold":429,"neow_bonus":"NOSTALGIA","is_daily":false,"chose_seed":false,"campfire_upgraded":4,"win_rate":0.0,"timestamp":1611577589,"path_taken":["M","M","?","?","M","R","?","R","T","?","M","?","E","AVR","R_BF","BOSS","M","?","?","M","$","R","?","?","MIM","R","AVR","E","?"],"items_purchased_type":["Card"],"build_version":"2020-12-22","purchased_purges":0,"victory":false,"max_hp_per_floor":[50,50,50,50,50,50,50,50,50,50,50,50,54,54,54,54,54,54,54,54,54,54,54,54,54,54,54,54,54,54,54],"card_choices":[{"not_picked":["beaked:RuinSticks","beaked:Flinch","beaked:Redirect"],"picked":"SKIP","floor":1.0},{"not_picked":["beaked:SurvivalInstinct","beaked:Tweet","beaked:TuckingFeathers"],"picked":"SKIP","floor":2.0},{"not_picked":["beaked:Poke","beaked:Molting"],"picked":"beaked:Insight","floor":4.0},{"not_picked":["beaked:Poke","beaked:DigDeep","beaked:Windmill"],"picked":"SKIP","floor":5.0},{"not_picked":["beaked:BounceBack","beaked:Insight","beaked:SurvivalInstinct"],"picked":"SKIP","floor":11.0},{"not_picked":["beaked:WildInstinct","beaked:DigDeep"],"picked":"beaked:Foresight","floor":12.0},{"not_picked":["beaked:BraceForImpact","beaked:Replenish"],"picked":"beaked:Evade","floor":13.0},{"not_picked":["beaked:Brainwash","beaked:CheekyTricks"],"picked":"beaked:LiftOff","floor":16},{"not_picked":["beaked:Poke","beaked:TuckingFeathers"],"picked":"beaked:Evade+1","floor":18},{"not_picked":["beaked:Windmill+1","beaked:DigDeep"],"picked":"beaked:CursingBlood","floor":21},{"not_picked":["beaked:VigorBurst","beaked:MimicHuntress"],"picked":"beaked:CursingBlood","floor":24},{"not_picked":["beaked:BounceBack","beaked:Devastation"],"picked":"beaked:CursingBlood","floor":26},{"not_picked":["beaked:Replenish","beaked:Daydream+1"],"picked":"beaked:MachineEssence","floor":29}],"player_experience":1780244,"relics_obtained":[{"floor":9.0,"key":"Replay:Wax Seal"},{"floor":12.0,"key":"Simple Rune"},{"floor":13.0,"key":"StuffTheSpire:Rhapsscallions"},{"floor":25,"key":"infinitespire:Satchel"},{"floor":26,"key":"conspire:BottledYoYo"},{"floor":29,"key":"ReplayTheSpireMod:Shallot"}],"event_choices":[{"cards_removed":["beaked:Strike_Y"],"damage_healed":0.0,"max_hp_gain":0.0,"max_hp_loss":0.0,"gold_gain":0.0,"event_name":"Bonfire Elementals","player_choice":"Offered Basic","floor":3.0,"gold_loss":0.0,"damage_taken":0.0},{"damage_healed":0.0,"max_hp_gain":0.0,"max_hp_loss":0.0,"gold_gain":0.0,"event_name":"betterThird:BetterScrap","player_choice":"Relic ","floor":7.0,"gold_loss":0.0,"damage_taken":7.0,"cards_obtained":["Absolvement"]},{"damage_healed":0.0,"max_hp_gain":0.0,"max_hp_loss":0.0,"gold_gain":0.0,"event_name":"Living Wall","player_choice":"Grow","floor":10.0,"gold_loss":0.0,"damage_taken":0.0,"cards_upgraded":["beaked:Ceremony"]},{"damage_healed":0,"gold_gain":75,"player_choice":"Touch","damage_taken":5,"max_hp_gain":0,"max_hp_loss":0,"event_name":"FaceTrader","floor":15,"gold_loss":0},{"damage_healed":0,"gold_gain":0,"player_choice":"Ignored","damage_taken":0,"max_hp_gain":0,"max_hp_loss":0,"event_name":"Transmorgrifier","floor":20,"gold_loss":0}],"is_beta":false,"boss_relics":[{"not_picked":["halation:LoveArrow","halation:ForbiddenBikini"],"picked":"SlaversCollar"}],"items_purged_floors":[],"is_endless":false,"potions_floor_spawned":[2,5,13,21,25,29],"killed_by":"3 Cultists","ascension_level":0}}