{"host":"04hh9gplt9wkfmr1","time":1611594663,"event":{"mods":["AchievementEnabler","BaseMod","Colored Map","KOR Keyword Fix","Minty Spire (QoL Compilation)","Rare Cards Sparkle","SuperFastMode"],"gold_per_floor":[117,129,304,324,324,324,358,358,407,178,178,178,178,193,193,193,193],"floor_reached":16,"language":"KOR","playtime":369,"items_purged":["Doubt"],"score":127,"play_id":"79c4145e-d096-4bd9-891b-d4c259dd9c50","local_time":"20210126021103","is_ascension_mode":true,"campfire_choices":[{"data":"Genetic Algorithm","floor":6.0,"key":"SMITH"},{"data":"Dualcast","floor":8.0,"key":"SMITH"},{"data":"Zap","floor":11.0,"key":"SMITH"},{"data":"White Noise","floor":13.0,"key":"SMITH"},{"floor":15,"key":"RECALL"}],"circlet_count":0,"master_deck":["Strike_B","Strike_B","Strike_B","Defend_B","Defend_B","Defend_B","Defend_B","Zap+1","Dualcast+1","Conserve Battery","Genetic Algorithm+1","White Noise+1","Cold Snap"],"relics":["Cracked Core","Pen Nib","Vajra","Tiny Chest"],"acts_visited":["Exordium"],"potions_floor_usage":[14],"damage_taken":[{"damage":2.0,"enemies":"Jaw Worm","floor":1.0,"turns":4.0},{"damage":4.0,"enemies":"Small Slimes","floor":2.0,"turns":3.0},{"damage":0.0,"enemies":"Cultist","floor":4.0,"turns":4.0},{"damage":8.0,"enemies":"Lagavulin","floor":7.0,"turns":7.0},{"damage":0,"enemies":"3 Louse","floor":14,"turns":1},{"damage":72,"enemies":"Hexaghost","floor":16,"turns":14}],"seed_played":"7345724712319863260","potions_obtained":[{"floor":1.0,"key":"Explosive Potion"},{"floor":2.0,"key":"Dexterity Potion"},{"floor":7.0,"key":"Energy Potion"}],"is_trial":false,"path_per_floor":["M","M","?","M","?","R","E","R","T","$","R","?","R","M","R","B"],"character_chosen":"DEFECT","items_purchased":["Tiny Chest"],"campfire_rested":0,"item_purchase_floors":[10],"current_hp_per_floor":[73,69,69,69,69,69,61,61,61,61,61,66,66,66,66,0,0],"gold":193,"neow_bonus":"TEN_PERCENT_HP_BONUS","is_daily":false,"chose_seed":false,"campfire_upgraded":4,"win_rate":0.0,"timestamp":1611594663,"path_taken":["M","M","?","M","?","R","E","R","T","$","R","?","R","M","R","BOSS"],"items_purchased_type":["Relic"],"build_version":"2020-12-22","purchased_purges":1,"victory":false,"max_hp_per_floor":[82,82,82,82,82,82,82,82,82,82,82,87,87,87,87,87,87],"card_choices":[{"not_picked":["Reinforced Body","Rebound"],"picked":"Conserve Battery","floor":1.0},{"not_picked":["Sweeping Beam","Auto Shields"],"picked":"Genetic Algorithm","floor":2.0},{"not_picked":["Rip and Tear","Scrape","Redo"],"picked":"SKIP","floor":4.0},{"not_picked":["White Noise","Compile Driver"],"picked":"Cold Snap","floor":7.0},{"not_picked":["Leap","Steam","Beam Cell"],"picked":"SKIP","floor":14}],"player_experience":82486,"relics_obtained":[{"floor":7.0,"key":"Pen Nib"},{"floor":9.0,"key":"Vajra"}],"event_choices":[{"damage_healed":0.0,"max_hp_gain":0.0,"max_hp_loss":0.0,"gold_gain":175.0,"event_name":"Liars Game","player_choice":"AGREE","floor":3.0,"gold_loss":0.0,"damage_taken":0.0,"cards_obtained":["Doubt"]},{"damage_healed":0.0,"max_hp_gain":0.0,"max_hp_loss":0.0,"gold_gain":0.0,"cards_transformed":["Strike_B"],"event_name":"Living Wall","player_choice":"Change","floor":5.0,"gold_loss":0.0,"damage_taken":0.0,"cards_obtained":["White Noise"]},{"damage_healed":0.0,"max_hp_gain":5.0,"max_hp_loss":0.0,"gold_gain":0.0,"event_name":"Big Fish","player_choice":"Donut","floor":12.0,"gold_loss":0.0,"damage_taken":0.0}],"is_beta":false,"boss_relics":[],"items_purged_floors":[10],"is_endless":false,"potions_floor_spawned":[1,2,7],"killed_by":"Hexaghost","ascension_level":6}}