{"host":"6rz02yiipefhcw4r","time":1611538433,"event":{"mods":["2.2 Compatiblity","BaseMod","Block Reminder","Colored Map","Curses Come First","DeckTracker","Googly Eyes","Minty Spire (QoL Compilation)","Quick Restart","Rare Cards Sparkle","StSLib"],"gold_per_floor":[109,17,17,37,55,93,93,131,154,154,154,154,12,43,43,137,137,155,171,59,59,9,48,48,91,91,36,50,50,22,38,38,129,129,144,169,190,190,208,208,251,276,301,351,351,351],"floor_reached":45,"language":"ENG","playtime":1592,"items_purged":[],"score":1069,"play_id":"f6cd7cfe-6191-4d19-9993-b27646b81d30","local_time":"20210124233353","is_ascension_mode":true,"campfire_choices":[{"data":"Uppercut","floor":7.0,"key":"SMITH"},{"data":"Uppercut","floor":10.0,"key":"SMITH"},{"data":"Clothesline","floor":15.0,"key":"SMITH"},{"data":"Limit Break","floor":24.0,"key":"SMITH"},{"data":"Disarm","floor":29.0,"key":"SMITH"},{"data":"Shockwave","floor":32.0,"key":"SMITH"},{"floor":40,"key":"RECALL"}],"circlet_count":0,"master_deck":["AscendersBane","Strike_R+1","Strike_R+1","Strike_R+1","Strike_R+1","Strike_R+1","Defend_R+1","Defend_R+1","Defend_R+1","Defend_R+1","Bash","Clash","Uppercut+1","Shrug It Off","Sever Soul","Thunderclap+1","Uppercut+1","Clothesline+1","Shrug It Off","Dropkick","Limit Break+1","Fiend Fire","Iron Wave+1","Shrug It Off","Disarm+1","True Grit","Spot Weakness","Headbutt","Shockwave+1","Demon Form","Heavy Blade+1","Flame Barrier","Shrug It Off","Parasite"],"relics":["Coffee Dripper","Golden Idol","Lantern","Nunchaku","Vajra","Lizard Tail","SacredBark","Shuriken","Dream Catcher","Pantograph","Fusion Hammer","Juzu Bracelet","Self Forming Clay"],"acts_visited":["Exordium","TheCity","TheBeyond"],"potions_floor_usage":[33,35,45],"damage_taken":[{"damage":4.0,"enemies":"Small Slimes","floor":1.0,"turns":4.0},{"damage":2.0,"enemies":"Jaw Worm","floor":4.0,"turns":2.0},{"damage":1.0,"enemies":"2 Louse","floor":5.0,"turns":2.0},{"damage":20.0,"enemies":"Lagavulin","floor":6.0,"turns":5.0},{"damage":5.0,"enemies":"3 Sentries","floor":8.0,"turns":7.0},{"damage":2.0,"enemies":"Lagavulin","floor":14.0,"turns":3.0},{"damage":9.0,"enemies":"Slime Boss","floor":16.0,"turns":6.0},{"damage":3.0,"enemies":"Shell Parasite","floor":18.0,"turns":3.0},{"damage":11.0,"enemies":"Spheric Guardian","floor":19.0,"turns":3.0},{"damage":20.0,"enemies":"Book of Stabbing","floor":23.0,"turns":5.0},{"damage":10.0,"enemies":"Slavers","floor":25.0,"turns":3.0},{"damage":0.0,"enemies":"Centurion and Healer","floor":28.0,"turns":5.0},{"damage":4.0,"enemies":"3 Cultists","floor":31.0,"turns":4.0},{"damage":61,"enemies":"Automaton","floor":33,"turns":7},{"damage":9,"enemies":"3 Darklings","floor":35,"turns":3},{"damage":0,"enemies":"Orb Walker","floor":37,"turns":3},{"damage":26,"enemies":"Sphere and 2 Shapes","floor":39,"turns":6},{"damage":23,"enemies":"Giant Head","floor":41,"turns":6},{"damage":13,"enemies":"Writhing Mass","floor":42,"turns":7},{"damage":42,"enemies":"Reptomancer","floor":45,"turns":4}],"seed_played":"-8025102489108600425","potions_obtained":[{"floor":1.0,"key":"Dexterity Potion"},{"floor":5.0,"key":"FearPotion"},{"floor":14.0,"key":"HeartOfIron"},{"floor":18.0,"key":"EssenceOfSteel"},{"floor":19.0,"key":"LiquidMemories"},{"floor":31.0,"key":"CultistPotion"},{"floor":33,"key":"SkillPotion"},{"floor":39,"key":"FairyPotion"},{"floor":41,"key":"Explosive Potion"}],"is_trial":false,"path_per_floor":["M","$","?","M","M","E","R","E","T","R","?","?","$","E","R","B",null,"M","M","$","?","?","E","R","E","T","$","M","R","$","M","R","B",null,"M","T","M","?","M","R","E","M","T","?","E"],"character_chosen":"IRONCLAD","items_purchased":["Uppercut","Shrug It Off","Shrug It Off","Dropkick","Strength Potion","Shrug It Off","Strength Potion","Headbutt"],"campfire_rested":0,"item_purchase_floors":[2,2,13,13,20,20,27,30],"current_hp_per_floor":[64,64,64,62,61,41,41,36,36,36,36,58,58,56,56,47,63,60,49,49,49,49,29,29,19,19,19,19,19,19,15,15,34,60,51,51,51,51,25,25,2,40,40,40,0,0],"gold":351,"neow_bonus":"BOSS_RELIC","is_daily":false,"chose_seed":false,"campfire_upgraded":6,"win_rate":0.0,"timestamp":1611538433,"path_taken":["M","$","?","M","M","E","R","E","T","R","?","?","$","E","R","BOSS","M","M","$","?","?","E","R","E","T","$","?","R","?","M","R","BOSS","M","?","M","?","M","R","E","M","T","?","E"],"items_purchased_type":["Card","Card","Card","Card","Potion","Card","Potion","Card"],"build_version":"2020-12-22","purchased_purges":0,"victory":false,"max_hp_per_floor":[75,75,68,68,68,68,68,68,68,68,68,68,68,68,68,68,68,68,68,68,68,68,68,68,68,68,68,68,68,68,68,68,68,68,68,68,68,68,68,68,68,68,68,68,68,68],"card_choices":[{"not_picked":["Dual Wield","Rupture"],"picked":"Clash","floor":1.0},{"not_picked":["Anger","Wild Strike"],"picked":"Sever Soul","floor":4.0},{"not_picked":["Burning Pact","Clash"],"picked":"Thunderclap","floor":5.0},{"not_picked":["Whirlwind","Seeing Red"],"picked":"Uppercut","floor":6.0},{"not_picked":["Headbutt","Uppercut"],"picked":"Clothesline","floor":8.0},{"not_picked":["Pommel Strike","Rage"],"picked":"Limit Break","floor":14.0},{"not_picked":["Limit Break","Corruption"],"picked":"Fiend Fire","floor":16.0},{"not_picked":["Body Slam","Armaments"],"picked":"Iron Wave+1","floor":18.0},{"not_picked":["Rampage","Dark Embrace","Seeing Red"],"picked":"SKIP","floor":19.0},{"not_picked":["Flex","Clothesline"],"picked":"Disarm","floor":23.0},{"not_picked":["Feel No Pain","Brutality"],"picked":"True Grit","floor":25.0},{"not_picked":["Uppercut","Clash"],"picked":"Spot Weakness","floor":28.0},{"not_picked":["Dropkick","Searing Blow"],"picked":"Shockwave","floor":31.0},{"not_picked":["Double Tap","Immolate"],"picked":"Demon Form","floor":33},{"not_picked":["Havoc","Perfected Strike+1"],"picked":"Heavy Blade+1","floor":35},{"not_picked":["Body Slam","Sever Soul+1"],"picked":"Flame Barrier","floor":37},{"not_picked":["Hemokinesis+1","Sentinel"],"picked":"Shrug It Off","floor":39},{"not_picked":["Fire Breathing","Dark Embrace","Perfected Strike"],"picked":"SKIP","floor":41},{"not_picked":["Flex","Clothesline","Perfected Strike"],"picked":"SKIP","floor":42}],"player_experience":731261,"relics_obtained":[{"floor":6.0,"key":"Lantern"},{"floor":8.0,"key":"Nunchaku"},{"floor":9.0,"key":"Vajra"},{"floor":14.0,"key":"Lizard Tail"},{"floor":23.0,"key":"Shuriken"},{"floor":25.0,"key":"Dream Catcher"},{"floor":26.0,"key":"Pantograph"},{"floor":36,"key":"Juzu Bracelet"},{"floor":41,"key":"Self Forming Clay"}],"event_choices":[{"damage_healed":0.0,"max_hp_gain":0.0,"max_hp_loss":7.0,"gold_gain":0.0,"event_name":"Golden Idol","player_choice":"Lose Max HP","floor":3.0,"gold_loss":0.0,"damage_taken":0.0,"relics_obtained":["Golden Idol"]},{"damage_healed":0.0,"max_hp_gain":0.0,"max_hp_loss":0.0,"gold_gain":0.0,"event_name":"Living Wall","player_choice":"Grow","floor":11.0,"gold_loss":0.0,"damage_taken":0.0,"cards_upgraded":["Thunderclap"]},{"damage_healed":22.0,"max_hp_gain":0.0,"max_hp_loss":0.0,"gold_gain":0.0,"event_name":"Big Fish","player_choice":"Banana","floor":12.0,"gold_loss":0.0,"damage_taken":0.0},{"damage_healed":0.0,"max_hp_gain":0.0,"max_hp_loss":0.0,"gold_gain":0.0,"event_name":"Back to Basics","player_choice":"Simplicity","floor":21.0,"gold_loss":0.0,"damage_taken":0.0,"cards_upgraded":["Strike_R","Strike_R","Strike_R","Strike_R","Strike_R","Defend_R","Defend_R","Defend_R","Defend_R"]},{"damage_healed":0.0,"max_hp_gain":0.0,"max_hp_loss":0.0,"gold_gain":0.0,"event_name":"The Joust","player_choice":"Bet on Murderer","floor":22.0,"gold_loss":50.0,"damage_taken":0.0},{"damage_healed":0,"gold_gain":0,"player_choice":"Ignored","damage_taken":0,"max_hp_gain":0,"max_hp_loss":0,"event_name":"Mysterious Sphere","floor":38,"gold_loss":0},{"damage_healed":0,"gold_gain":50,"player_choice":"Pray","damage_taken":0,"max_hp_gain":0,"max_hp_loss":0,"event_name":"Golden Shrine","floor":44,"gold_loss":0}],"is_beta":false,"boss_relics":[{"not_picked":["Busted Crown","Ectoplasm"],"picked":"SacredBark"},{"not_picked":["SlaversCollar","Runic Cube"],"picked":"Fusion Hammer"}],"items_purged_floors":[],"is_endless":false,"potions_floor_spawned":[1,5,14,18,19,31,33,39,41],"killed_by":"Reptomancer","ascension_level":20}}