{"host":"syozzdlzcqop4jia","time":1611612662,"event":{"mods":["BaseMod","Colored Powertips","Minty Spire (QoL Compilation)","Quick Restart"],"gold_per_floor":[110,120,120,133,233,233,260,56,56,56,71,82,96,120,120,220,220,238,258,258,258,258,258,292,302,326,337,337,337,352,552,552,655,655,667,425,525,541,77,77,77,77],"floor_reached":41,"language":"ENG","playtime":3717,"items_purged":["Defend_R+1"],"score":477,"play_id":"fbc587f2-bf2c-4d7c-81d9-3bb91e375272","local_time":"20210125231102","is_ascension_mode":true,"campfire_choices":[{"data":"Flex","floor":6,"key":"SMITH"},{"data":"Inflame","floor":10,"key":"SMITH"},{"data":"Warcry","floor":15,"key":"SMITH"},{"data":"Limit Break","floor":23,"key":"SMITH"},{"data":"Fiend Fire","floor":29,"key":"SMITH"},{"data":"Heavy Blade","floor":32,"key":"SMITH"},{"floor":40,"key":"REST"}],"circlet_count":0,"master_deck":["Defend_R+1","Defend_R+1","Bash","Good Instincts","Iron Wave","Twin Strike","Flex+1","Inflame+1","Heavy Blade","Headbutt","Heavy Blade+1","Warcry+1","Limit Break+1","Intimidate+1","Shrug It Off","Bite","Bite","Bite","Bite","Bite","Fiend Fire+1","Rampage+1","Shrug It Off","Feed","Rage","Reaper","Good Instincts","Shrug It Off+1","Immolate"],"relics":["Black Blood","TungstenRod","HandDrill","Dead Branch","Orichalcum","MutagenicStrength","Juzu Bracelet","Blood Vial","Fusion Hammer","Mummified Hand"],"acts_visited":["Exordium","TheCity","TheBeyond"],"potions_floor_usage":[24,24,30,33,38,38,41],"damage_taken":[{"damage":5,"enemies":"Small Slimes","floor":1,"turns":5},{"damage":8,"enemies":"Jaw Worm","floor":2,"turns":5},{"damage":0,"enemies":"Cultist","floor":4,"turns":3},{"damage":30,"enemies":"Gremlin Nob","floor":7,"turns":4},{"damage":4,"enemies":"Exordium Thugs","floor":11,"turns":4},{"damage":4,"enemies":"2 Fungi Beasts","floor":12,"turns":3},{"damage":0,"enemies":"Looter","floor":13,"turns":2},{"damage":37,"enemies":"Hexaghost","floor":16,"turns":9},{"damage":23,"enemies":"3 Byrds","floor":18,"turns":7},{"damage":4,"enemies":"Chosen","floor":19,"turns":4},{"damage":22,"enemies":"Gremlin Leader","floor":24,"turns":6},{"damage":6,"enemies":"Centurion and Healer","floor":25,"turns":3},{"damage":25,"enemies":"Chosen and Byrds","floor":27,"turns":6},{"damage":6,"enemies":"Cultist and Chosen","floor":30,"turns":5},{"damage":77,"enemies":"Automaton","floor":33,"turns":9},{"damage":0,"enemies":"Orb Walker","floor":35,"turns":2},{"damage":22,"enemies":"3 Darklings","floor":38,"turns":7},{"damage":71,"enemies":"Giant Head","floor":41,"turns":7}],"seed_played":"1811169370801484600","potions_obtained":[{"floor":2,"key":"SkillPotion"},{"floor":11,"key":"SteroidPotion"},{"floor":12,"key":"Explosive Potion"},{"floor":27,"key":"BloodPotion"},{"floor":33,"key":"FearPotion"},{"floor":35,"key":"EntropicBrew"}],"is_trial":false,"path_per_floor":["M","M","?","M","?","R","E","$","T","R","M","M","M","T","R","B",null,"M","M","?","?","?","R","E","M","T","M","?","R","M","?","R","B",null,"M","$","?","M","$","R","E"],"character_chosen":"IRONCLAD","items_purchased":["Heavy Blade","HandDrill","Reaper","Good Instincts","Immolate","Mummified Hand"],"campfire_rested":1,"item_purchase_floors":[8,8,36,36,39,39],"current_hp_per_floor":[80,78,71,77,77,77,53,53,53,53,55,57,63,63,63,32,80,69,77,77,77,56,56,53,56,56,46,46,46,56,56,56,16,56,56,56,56,54,54,56,0,0],"gold":77,"neow_bonus":"RANDOM_COLORLESS","is_daily":false,"chose_seed":false,"campfire_upgraded":6,"win_rate":0.0,"timestamp":1611612662,"path_taken":["M","M","?","M","?","R","E","$","T","R","?","M","M","?","R","BOSS","M","M","?","?","?","R","E","M","T","M","?","R","M","?","R","BOSS","M","$","?","M","?","R","E"],"items_purchased_type":["Card","Relic","Card","Card","Card","Relic"],"build_version":"2020-12-22","purchased_purges":1,"victory":false,"max_hp_per_floor":[80,80,80,80,80,80,80,80,80,80,80,80,80,80,80,80,80,80,80,80,80,56,56,56,56,56,56,56,56,56,56,56,56,56,56,56,56,56,56,56,56,56],"card_choices":[{"not_picked":["Blind","Purity"],"picked":"Good Instincts","floor":0},{"not_picked":["Clash","Sword Boomerang"],"picked":"Iron Wave","floor":1},{"not_picked":["Intimidate","Fire Breathing"],"picked":"Twin Strike","floor":2},{"not_picked":["Ghostly Armor","Dual Wield"],"picked":"Flex","floor":4},{"not_picked":["Clash","Headbutt"],"picked":"Inflame","floor":7},{"not_picked":["Fire Breathing","Sword Boomerang"],"picked":"Headbutt","floor":11},{"not_picked":["Havoc","Pommel Strike"],"picked":"Heavy Blade","floor":12},{"not_picked":["Dual Wield","Sword Boomerang"],"picked":"Warcry","floor":13},{"not_picked":["Offering","Berserk"],"picked":"Limit Break","floor":16},{"not_picked":["Wild Strike","Havoc+1"],"picked":"Intimidate+1","floor":18},{"not_picked":["True Grit","Dual Wield"],"picked":"Shrug It Off","floor":19},{"not_picked":["Flex+1","Heavy Blade"],"picked":"Fiend Fire","floor":24},{"not_picked":["Perfected Strike","Armaments"],"picked":"Rampage+1","floor":25},{"not_picked":["Dropkick","Heavy Blade+1"],"picked":"Shrug It Off","floor":27},{"not_picked":["Clash","Rupture+1","Thunderclap+1"],"picked":"SKIP","floor":30},{"not_picked":["Barricade","Limit Break"],"picked":"Feed","floor":33},{"not_picked":["Twin Strike","Flex+1"],"picked":"Rage","floor":35},{"not_picked":["Inflame","Flex+1"],"picked":"Shrug It Off+1","floor":38}],"player_experience":377655,"relics_obtained":[{"floor":7,"key":"TungstenRod"},{"floor":9,"key":"Dead Branch"},{"floor":14,"key":"Orichalcum"},{"floor":24,"key":"Juzu Bracelet"},{"floor":26,"key":"Blood Vial"}],"event_choices":[{"cards_removed":["Defend_R"],"damage_healed":0,"gold_gain":0,"player_choice":"Card Removal","damage_taken":7,"max_hp_gain":0,"max_hp_loss":0,"event_name":"Golden Wing","floor":3,"gold_loss":0},{"damage_healed":0,"gold_gain":100,"player_choice":"Pray","damage_taken":0,"max_hp_gain":0,"max_hp_loss":0,"event_name":"Golden Shrine","floor":5,"gold_loss":0},{"damage_healed":0,"gold_gain":0,"player_choice":"Inject Mutagens","damage_taken":0,"relics_obtained":["MutagenicStrength"],"max_hp_gain":0,"max_hp_loss":0,"event_name":"Drug Dealer","floor":20,"gold_loss":0},{"damage_healed":0,"gold_gain":0,"player_choice":"Simplicity","damage_taken":0,"max_hp_gain":0,"max_hp_loss":0,"event_name":"Back to Basics","floor":21,"gold_loss":0,"cards_upgraded":["Strike_R","Strike_R","Strike_R","Strike_R","Strike_R","Defend_R","Defend_R","Defend_R"]},{"damage_healed":0,"gold_gain":0,"player_choice":"Became a vampire","damage_taken":0,"max_hp_gain":0,"max_hp_loss":24,"event_name":"Vampires","floor":22,"gold_loss":0,"cards_obtained":["Bite","Bite","Bite","Bite","Bite"]},{"damage_healed":0,"gold_gain":0,"player_choice":"Ignored","damage_taken":0,"max_hp_gain":0,"max_hp_loss":0,"event_name":"Ghosts","floor":28,"gold_loss":0},{"damage_healed":0,"gold_gain":250,"player_choice":"Bet on Owner","damage_taken":0,"max_hp_gain":0,"max_hp_loss":0,"event_name":"The Joust","floor":31,"gold_loss":50},{"damage_healed":0,"gold_gain":100,"player_choice":"Pray","damage_taken":0,"max_hp_gain":0,"max_hp_loss":0,"event_name":"Golden Shrine","floor":37,"gold_loss":0}],"is_beta":false,"boss_relics":[{"not_picked":["Coffee Dripper","Pandora\u0027s Box"],"picked":"Black Blood"},{"not_picked":["Busted Crown","Snecko Eye"],"picked":"Fusion Hammer"}],"items_purged_floors":[39],"is_endless":false,"potions_floor_spawned":[2,11,12,18,19,27,33,35],"killed_by":"Giant Head","ascension_level":2}}