{"host":"f5gffvlv6a66yqkd","time":1611568529,"event":{"mods":["2.2 Compatiblity","BaseMod","Colored Map","Custom Start","DeckTracker","Keyboard Shortcuts","Minty Spire (QoL Compilation)","Permanent Neow","Quick Restart","Relic Stats","StSLib","SuperFastMode"],"gold_per_floor":[368,368,368,380,30,30,30,30,30,30,40,56,88,106,106,106,106],"floor_reached":16,"language":"KOR","playtime":267,"items_purged":["Shame"],"score":200,"play_id":"33b38a94-59e3-4aac-ad61-38db3ccd6901","local_time":"20210125185529","is_ascension_mode":true,"campfire_choices":[{"data":"Neutralize","floor":6,"key":"SMITH"},{"data":"Glass Knife","floor":8,"key":"SMITH"},{"data":"Dagger Spray","floor":10,"key":"SMITH"},{"data":"Cloak And Dagger","floor":15,"key":"SMITH"}],"circlet_count":0,"master_deck":["AscendersBane","Strike_G","Strike_G","Strike_G","Strike_G","Strike_G","Defend_G","Defend_G","Defend_G","Defend_G","Defend_G","Survivor","Neutralize+1","Dagger Spray+1","Poisoned Stab","Glass Knife+1","Dash","Cloak And Dagger+1","Escape Plan"],"relics":["Ring of the Snake","FossilizedHelix","Kunai","Letter Opener"],"acts_visited":["Exordium"],"potions_floor_usage":[],"damage_taken":[{"damage":7,"enemies":"Small Slimes","floor":1,"turns":4},{"damage":0,"enemies":"2 Louse","floor":4,"turns":3},{"damage":0,"enemies":"Jaw Worm","floor":11,"turns":2},{"damage":7,"enemies":"Lots of Slimes","floor":12,"turns":3},{"damage":13,"enemies":"Gremlin Nob","floor":13,"turns":4},{"damage":0,"enemies":"Looter","floor":14,"turns":2},{"damage":19,"enemies":"Slime Boss","floor":16,"turns":10}],"seed_played":"7853442848713070494","potions_obtained":[{"floor":4,"key":"LiquidBronze"},{"floor":11,"key":"SmokeBomb"}],"is_trial":false,"path_per_floor":["M","?","?","M","$","R","?","R","T","R","M","M","E","M","R","B"],"character_chosen":"THE_SILENT","items_purchased":["Kunai"],"campfire_rested":0,"item_purchase_floors":[5],"current_hp_per_floor":[52,41,41,41,41,41,41,41,41,41,41,34,21,21,21,2,2],"gold":106,"neow_bonus":"TWO_FIFTY_GOLD","is_daily":false,"chose_seed":false,"campfire_upgraded":4,"win_rate":0.0,"timestamp":1611568529,"path_taken":["M","?","?","M","$","R","?","R","T","R","?","M","E","M","R","BOSS"],"items_purchased_type":["Relic"],"build_version":"2020-12-22","purchased_purges":1,"victory":false,"max_hp_per_floor":[66,66,66,66,66,66,66,66,66,66,66,66,66,66,66,66,66],"relic_stats":{"counters":[7,28],"Kunai":[6],"Letter Opener":[0],"obtain_stats":[{"Kunai":5,"Letter Opener":13,"FossilizedHelix":2,"Ring of the Snake":0},{"Kunai":2,"Letter Opener":5,"FossilizedHelix":1,"Ring of the Snake":0},{"Kunai":7,"Letter Opener":16,"FossilizedHelix":4,"Ring of the Snake":0}],"Ring of the Snake":[14]},"card_choices":[{"not_picked":["Blur","Underhanded Strike"],"picked":"Dagger Spray","floor":1},{"not_picked":["Acrobatics","Masterful Stab"],"picked":"Poisoned Stab","floor":4},{"not_picked":["Slice","Backflip"],"picked":"Dash","floor":11},{"not_picked":["Concentrate","Dagger Spray","Poisoned Stab"],"picked":"SKIP","floor":12},{"not_picked":["Quick Slash","Slice"],"picked":"Cloak And Dagger","floor":13},{"not_picked":["Expertise","Quick Slash"],"picked":"Escape Plan","floor":14}],"player_experience":1612901,"relics_obtained":[{"floor":13,"key":"Letter Opener"}],"event_choices":[{"damage_healed":0,"gold_gain":0,"player_choice":"Success","damage_taken":11,"relics_obtained":["FossilizedHelix"],"max_hp_gain":0,"max_hp_loss":0,"event_name":"Scrap Ooze","floor":2,"gold_loss":0},{"damage_healed":0,"gold_gain":0,"player_choice":"Ignored","damage_taken":0,"max_hp_gain":0,"max_hp_loss":0,"event_name":"Liars Game","floor":3,"gold_loss":0},{"damage_healed":0,"gold_gain":0,"player_choice":"1 cards matched","damage_taken":0,"max_hp_gain":0,"max_hp_loss":0,"event_name":"Match and Keep!","floor":7,"gold_loss":0,"cards_obtained":["Glass Knife"]}],"is_beta":false,"boss_relics":[],"items_purged_floors":[5],"is_endless":false,"potions_floor_spawned":[4,11],"killed_by":"Slime Boss","ascension_level":20}}