{"host":"3jpwrwmmgyabjceh","time":1611574651,"event":{"mods":["AchievementEnabler","BaseMod","Colored Map","Colored Powertips","Highlight Path","Minty Spire (QoL Compilation)","Quick Restart","Relic Stats","StSLib","SuperFastMode"],"gold_per_floor":[116,64,136,151,151,151,177,191,191,191,191],"floor_reached":10,"language":"ENG","playtime":170,"items_purged":[],"score":86,"play_id":"e67fb25b-7114-44cd-ad10-80ce92578fc2","local_time":"20210125143731","is_ascension_mode":true,"campfire_choices":[{"data":"Fire Breathing","floor":6,"key":"SMITH"}],"circlet_count":0,"master_deck":["Strike_R","Strike_R","Strike_R","Strike_R","Strike_R","Defend_R","Defend_R","Defend_R","Defend_R","Bash+1","Clothesline+1","Cleave","Fire Breathing+1","Evolve","Whirlwind"],"relics":["SlaversCollar","Letter Opener"],"acts_visited":["Exordium"],"potions_floor_usage":[],"damage_taken":[{"damage":23,"enemies":"Cultist","floor":1,"turns":6},{"damage":0,"enemies":"Small Slimes","floor":4,"turns":4},{"damage":12,"enemies":"Gremlin Nob","floor":7,"turns":4},{"damage":8,"enemies":"2 Louse","floor":8,"turns":2},{"damage":15,"enemies":"Lagavulin","floor":10,"turns":3}],"seed_played":"-8128161086575333843","potions_obtained":[{"floor":4,"key":"DuplicationPotion"}],"is_trial":false,"path_per_floor":["M","$","?","M","?","R","E","M","T","E"],"character_chosen":"IRONCLAD","items_purchased":["Cleave"],"campfire_rested":0,"item_purchase_floors":[2],"current_hp_per_floor":[49,49,49,49,33,33,21,13,13,0,0],"gold":191,"neow_bonus":"BOSS_RELIC","is_daily":false,"chose_seed":false,"campfire_upgraded":1,"win_rate":0.0,"timestamp":1611574651,"path_taken":["M","$","?","M","?","R","E","M","T","E"],"items_purchased_type":["Card"],"build_version":"2020-12-22","purchased_purges":0,"victory":false,"max_hp_per_floor":[80,80,80,80,80,80,80,80,80,80,80],"relic_stats":{"counters":[5,19],"Letter Opener":[0],"obtain_stats":[{"SlaversCollar":0,"Letter Opener":7,"Burning Blood":0},{"SlaversCollar":0,"Letter Opener":3,"Burning Blood":0},{"SlaversCollar":0,"Letter Opener":14,"Burning Blood":0}]},"card_choices":[{"not_picked":["Havoc","Shrug It Off"],"picked":"Clothesline","floor":1},{"not_picked":["True Grit","Seeing Red"],"picked":"Fire Breathing","floor":4},{"not_picked":["Limit Break","Sword Boomerang"],"picked":"Evolve","floor":7},{"not_picked":["Twin Strike","Clothesline"],"picked":"Whirlwind","floor":8}],"player_experience":281899,"relics_obtained":[{"floor":7,"key":"Letter Opener"}],"event_choices":[{"damage_healed":0,"gold_gain":72,"player_choice":"Gained Gold","damage_taken":0,"max_hp_gain":0,"max_hp_loss":0,"event_name":"Golden Wing","floor":3,"gold_loss":0},{"damage_healed":0,"gold_gain":0,"player_choice":"Entered Light","damage_taken":16,"max_hp_gain":0,"max_hp_loss":0,"event_name":"Shining Light","floor":5,"gold_loss":0,"cards_upgraded":["Bash","Clothesline"]}],"is_beta":false,"boss_relics":[],"items_purged_floors":[],"is_endless":false,"potions_floor_spawned":[4],"killed_by":"Lagavulin","ascension_level":6}}