{"host":"p4yrwepmrl4g8pul","time":1611545497,"event":{"mods":["Act Like it!","BaseMod","BetterRewards","Colored Map","Custom Start","Gensokyo","Marisa£®ÏF”Í°°ƒß¿Ì…≥£©","Minty Spire (QoL Compilation)","Quick Restart","Rare Cards Sparkle","Reimu£®≤©¿ˆ¡È√Œ£©","Remilia£®¿Ÿ√◊¿Ú—«£©","Remove Card Discount Mod","Shop Mod","StSLib","The Jungle","Thieving Mod"],"gold_per_floor":[116,128,140,118,132,132,158,158,236,268,268,296,104,104,104,183,183,194,4,22,22,22,22,52,70,70,70,86,112,112,145,145,223,223,237,237,237,75,89,123,123,155,155,172,205,228,228,228,228,228,228,228,228,14,47,47],"floor_reached":57,"language":"ZHS","playtime":1695,"items_purged":["Strike_RM","Strike_RM","RedMoon","Strike_RM","Strike_RM","Defend_RM","ScarletShoot","Defend_RM","Defend_RM","StarOfDavid+1","Defend_RM"],"score":4169,"play_id":"38255d32-9926-40bd-8a20-f08c70342aa0","local_time":"20210125113137","is_ascension_mode":true,"campfire_choices":[{"data":"ForecastOfChange","floor":6.0,"key":"SMITH"},{"data":"UnstableMagic","floor":8.0,"key":"SMITH"},{"data":"BloodHunter","floor":11.0,"key":"SMITH"},{"data":"RedNightlessCastle","floor":15.0,"key":"SMITH"},{"floor":23.0,"key":"RECALL"},{"floor":27.0,"key":"REST"},{"floor":30.0,"key":"REST"},{"floor":32.0,"key":"REST"},{"data":"ScarletCoffin+1","floor":41.0,"key":"PURGE"},{"floor":47.0,"key":"REST"},{"data":"Gensokyo:BrilliantDragonBullet","floor":49.0,"key":"SMITH"},{"floor":53.0,"key":"REST"}],"circlet_count":0,"master_deck":["AscendersBane","LeisurelyOfLord+1","BloodHunter+1","ForecastOfChange+1","UnstableMagic+1","RedNightlessCastle+1","UnstableMagic+1","Gensokyo:BrilliantDragonBullet+1","Purity+1"],"relics":["ScarletHat","Omamori","Lee\u0027s Waffle","Du-Vu Doll","Membership Card","Whetstone","TypeBBloodRedTea","Akabeko","Toxic Egg 2","Boot","Ancient Tea Set","Gensokyo:LunaticRedEyes","ScarletEmblem","HandDrill","Gensokyo:SongOfSouls","Strawberry","Nunchaku","Oddly Smooth Stone","Matryoshka","Ice Cream","Tiny Chest","Lantern","Calling Bell","Vajra","Pear","Peace Pipe","CrazyTorch:ReiMu","War Paint","Gungnir","Toy Ornithopter","FairyMaid","Centennial Puzzle","FossilizedHelix","Blue Candle","Potion Belt","Pen Nib","Mastiff:ReiMu","ClockworkSouvenir","Bag of Preparation"],"acts_visited":["Gensokyo:Gensokyo","Gensokyo:Gensokyoer","Gensokyo:Gensokyoest","TheEnding"],"potions_floor_usage":[],"damage_taken":[{"damage":0.0,"enemies":"Gensokyo:2_Kodama","floor":1.0,"turns":1.0},{"damage":0.0,"enemies":"Gensokyo:Python","floor":2.0,"turns":2.0},{"damage":0.0,"enemies":"Gensokyo:3_Fairies","floor":3.0,"turns":3.0},{"damage":0.0,"enemies":"Gensokyo:Python_and_Kodama","floor":5.0,"turns":4.0},{"damage":0.0,"enemies":"Gensokyo:Cirno","floor":7.0,"turns":4.0},{"damage":0.0,"enemies":"Gensokyo:Aya","floor":10.0,"turns":4.0},{"damage":0.0,"enemies":"Gensokyo:Mamizou","floor":12.0,"turns":5.0},{"damage":0.0,"enemies":"Gensokyo:Kokoro","floor":16.0,"turns":3.0},{"damage":0.0,"enemies":"Gensokyo:CosmicMonolith","floor":18.0,"turns":2.0},{"damage":0.0,"enemies":"Gensokyo:3_Dogs","floor":20.0,"turns":4.0},{"damage":8.0,"enemies":"Gensokyo:Reisen","floor":24.0,"turns":2.0},{"damage":0.0,"enemies":"Gensokyo:Chomper_and_Gloop","floor":25.0,"turns":4.0},{"damage":0.0,"enemies":"Gensokyo:Slime_Group","floor":28.0,"turns":4.0},{"damage":0.0,"enemies":"Gensokyo:Tenshi","floor":29.0,"turns":3.0},{"damage":0.0,"enemies":"Gensokyo:Reisen","floor":31.0,"turns":2.0},{"damage":0.0,"enemies":"Gensokyo:Eiki","floor":33.0,"turns":4.0},{"damage":0.0,"enemies":"Gensokyo:3_Bats","floor":35.0,"turns":1.0},{"damage":0.0,"enemies":"Gensokyo:AncientGuardian","floor":39.0,"turns":1.0},{"damage":0.0,"enemies":"Gensokyo:Marisa","floor":40.0,"turns":2.0},{"damage":0.0,"enemies":"Gensokyo:Doremy","floor":42.0,"turns":4.0},{"damage":0.0,"enemies":"Gensokyo:Rafflesia","floor":44.0,"turns":3.0},{"damage":0.0,"enemies":"Gensokyo:Kasen","floor":45.0,"turns":3.0},{"damage":0.0,"enemies":"Gensokyo:Scarlet_Devils","floor":50.0,"turns":3.0},{"damage":0.0,"enemies":"Gensokyo:Shinki","floor":51.0,"turns":4.0},{"damage":0.0,"enemies":"Shield and Spear","floor":55.0,"turns":3.0},{"damage":37,"enemies":"The Heart","floor":56,"turns":8}],"seed_played":"6373755805537842306","potions_obtained":[{"floor":2.0,"key":"Energy Potion"},{"floor":12.0,"key":"SneckoOil"},{"floor":24.0,"key":"Ancient Potion"},{"floor":28.0,"key":"GamblersBrew"},{"floor":29.0,"key":"Energy Potion"},{"floor":33.0,"key":"Energy Potion"},{"floor":33.0,"key":"ThievingMod:ThievingPotion"},{"floor":40.0,"key":"SteroidPotion"}],"is_trial":false,"path_per_floor":["M","M","M","$","M","R","E","R","T","E","R","E","$","?","R","B",null,"M","COS","M","$","?","R","E","M","T","R","M","E","R","E","R","B",null,"M","?","?","$","M","E","R","E","T","M","E","T","R","?","R","B","B",null,"R","$","E","B",null],"character_chosen":"REMILIA","items_purchased":["LeisurelyOfLord","BloodHunter","Omamori","Lee\u0027s Waffle","StarOfDavid","ForecastOfChange","Membership Card","Whetstone","UnstableMagic","Swift Potion","RedNightlessCastle","UnstableMagic+1","Boot","Ancient Tea Set","Gungnir","Mastiff:ReiMu","Purity+1","ClockworkSouvenir"],"campfire_rested":5,"item_purchase_floors":[0,0,0,0,0,0,0,0,0,0,4,13,13,13,38,54,54,54],"current_hp_per_floor":[77,77,77,77,77,77,77,77,77,77,77,77,77,77,77,77,77,77,77,77,77,77,77,82,84,84,84,84,84,84,84,84,84,94,94,94,94,94,94,94,94,94,94,94,94,94,94,94,94,94,94,94,94,94,94,75],"gold":47,"neow_bonus":"","is_daily":false,"chose_seed":false,"campfire_upgraded":5,"win_rate":0.0,"timestamp":1611545497,"path_taken":["M","?","M","?","M","R","E","R","T","E","R","E","$","?","R","BOSS","M","COS","?","?","?","R","E","M","T","R","M","E","R","E","R","BOSS","M","?","?","?","M","E","R","E","T","M","E","?","R","?","R","BOSS","BOSS","R","$","E","BOSS"],"items_purchased_type":["Card","Card","Relic","Relic","Card","Card","Relic","Relic","Card","Potion","Card","Card","Relic","Relic","Relic","Relic","Card","Relic"],"build_version":"2020-12-22","purchased_purges":11,"victory":true,"max_hp_per_floor":[77,77,77,77,77,77,77,77,77,77,77,77,77,77,77,77,77,77,77,77,77,77,77,84,84,84,84,84,84,84,84,84,84,94,94,94,94,94,94,94,94,94,94,94,94,94,94,94,94,94,94,94,94,94,94,94],"card_choices":[{"not_picked":["LeisurelyOfLord","BloodHunter","DiffusionOfMisfortune"],"picked":"SKIP","floor":1.0},{"not_picked":["BloodAndWine","BlasphemousPunishment","BloodHunter"],"picked":"SKIP","floor":2.0},{"not_picked":["VampireSweep","ScarletDevil","FavorOfDestiny"],"picked":"SKIP","floor":3.0},{"not_picked":["UnderTheZenith","DiffusionOfMisfortune","MastersStateliness"],"picked":"SKIP","floor":5.0},{"not_picked":["VampireSweep","ScarletDream","BloodHunter"],"picked":"SKIP","floor":7.0},{"not_picked":["MastersStateliness","ScarletImprint","FavorOfDestiny"],"picked":"SKIP","floor":10.0},{"not_picked":["LeisurelyOfLord","VampirishNight+1","Maim+1"],"picked":"SKIP","floor":12.0},{"not_picked":["ScarletMeister","TransientEternity"],"picked":"ScarletCoffin","floor":16.0},{"not_picked":["VampireSweep","RedNightlessCastle","VampirishNight+1"],"picked":"SKIP","floor":18.0},{"not_picked":["ScarletDevilSign","CharismaGuard","BlasphemousPunishment+1"],"picked":"SKIP","floor":20.0},{"not_picked":["ScarletDevilSign","CharismaGuard","BlasphemousPunishment+1"],"picked":"SKIP","floor":20.0},{"not_picked":["StarOfDavid","Septette+1","NightDance"],"picked":"SKIP","floor":24.0},{"not_picked":["VampirishNight+1","MastersStateliness","DevilSight+1"],"picked":"SKIP","floor":25.0},{"not_picked":["BlasphemousPunishment+1","ScarletDevil","FitfulNightmare"],"picked":"SKIP","floor":28.0},{"not_picked":["BatForm","NightDance+1","Stigmanizer"],"picked":"SKIP","floor":29.0},{"not_picked":["KillingBlow","StarOfDavid+1","ScarletImprint"],"picked":"SKIP","floor":31.0},{"not_picked":["VampireKiss","ScarletSymphony+1","EndlessAdversity"],"picked":"SKIP","floor":35.0},{"not_picked":["BloodHunter+1","ChainGang","VampireFantasy+1"],"picked":"SKIP","floor":39.0},{"not_picked":["ScarletImprint","CurseOfVladTepes","NightDance"],"picked":"SKIP","floor":40.0},{"not_picked":["BlasphemousPunishment+1","ScarletDream+1","StarOfDavid"],"picked":"SKIP","floor":42.0},{"not_picked":["BloodyTrap+1","CharismaGuard","UnstableMagic+1"],"picked":"SKIP","floor":44.0},{"not_picked":["FitfulNightmare","TwelveNightmare","AfternoonTea+1"],"picked":"SKIP","floor":45.0},{"not_picked":["Gensokyo:EverlastingLife","Gensokyo:MorningMist"],"picked":"Gensokyo:BrilliantDragonBullet","floor":48.0},{"not_picked":["BombardNight","Maim+1","Ultimatum"],"picked":"SKIP","floor":55.0}],"player_experience":797860,"relics_obtained":[{"floor":10.0,"key":"Akabeko"},{"floor":12.0,"key":"Toxic Egg 2"},{"floor":24.0,"key":"Strawberry"},{"floor":25.0,"key":"Oddly Smooth Stone"},{"floor":26.0,"key":"Matryoshka"},{"floor":29.0,"key":"Ice Cream"},{"floor":31.0,"key":"Tiny Chest"},{"floor":31.0,"key":"Lantern"},{"floor":34.0,"key":"Vajra"},{"floor":34.0,"key":"Pear"},{"floor":34.0,"key":"Peace Pipe"},{"floor":35.0,"key":"CrazyTorch:ReiMu"},{"floor":40.0,"key":"Toy Ornithopter"},{"floor":42.0,"key":"FairyMaid"},{"floor":43.0,"key":"Centennial Puzzle"},{"floor":43.0,"key":"FossilizedHelix"},{"floor":45.0,"key":"Blue Candle"},{"floor":46.0,"key":"Potion Belt"},{"floor":46.0,"key":"Pen Nib"},{"floor":55.0,"key":"Bag of Preparation"}],"event_choices":[],"is_beta":false,"boss_relics":[{"not_picked":["Busted Crown","Coffee Dripper"],"picked":"ScarletEmblem"},{"not_picked":["Cursed Key","Velvet Choker"],"picked":"Calling Bell"}],"items_purged_floors":[0,0,0,0,0,0,0,0,0,4,13],"is_endless":false,"potions_floor_spawned":[2,5,7,12,18,24,25,29,33,35,40],"ascension_level":20}}