{"host":"7ignn9ecrhg4n0rm","time":1611600647,"event":{"mods":["BaseMod","Minty Spire (QoL Compilation)","Relic Stats","StSLib"],"gold_per_floor":[113,188,204,379,397,397,82,116,116,141,158,170,170,184,184,262,262,282,282,296,47,47,47],"floor_reached":22,"language":"ENG","playtime":854,"items_purged":["Doubt","Writhe"],"score":333,"play_id":"21c7c67f-2587-4796-be19-b35f76e87f7b","local_time":"20210125105047","is_ascension_mode":true,"campfire_choices":[{"data":"Riddle With Holes","floor":6,"key":"SMITH"},{"data":"Terror","floor":13,"key":"SMITH"},{"data":"Prepared","floor":15,"key":"SMITH"}],"circlet_count":0,"master_deck":["AscendersBane","Strike_G","Strike_G","Strike_G","Strike_G","Strike_G","Defend_G","Defend_G","Defend_G","Defend_G","Defend_G","Survivor","Neutralize","Reflex","Riddle With Holes+1","Terror+1","Bandage Up","Poisoned Stab","Heel Hook","Prepared+1","Infinite Blades+1","A Thousand Cuts+1","Adrenaline","Footwork+1","Heel Hook"],"relics":["Coffee Dripper","ClockworkSouvenir","Gremlin Horn","Frozen Egg 2","Matryoshka","Sozu","HornCleat","TwistedFunnel"],"acts_visited":["Exordium","TheCity"],"potions_floor_usage":[10,12,16],"damage_taken":[{"damage":0,"enemies":"Small Slimes","floor":1,"turns":4},{"damage":10,"enemies":"Jaw Worm","floor":3,"turns":5},{"damage":7,"enemies":"2 Louse","floor":5,"turns":3},{"damage":18,"enemies":"Gremlin Nob","floor":8,"turns":4},{"damage":17,"enemies":"Lagavulin","floor":10,"turns":6},{"damage":3,"enemies":"Blue Slaver","floor":11,"turns":2},{"damage":0,"enemies":"Gremlin Gang","floor":12,"turns":4},{"damage":10,"enemies":"Looter","floor":14,"turns":4},{"damage":24,"enemies":"Hexaghost","floor":16,"turns":8},{"damage":36,"enemies":"2 Thieves","floor":18,"turns":4},{"damage":7,"enemies":"Chosen","floor":20,"turns":4},{"damage":18,"enemies":"Centurion and Healer","floor":22,"turns":1}],"seed_played":"-3338914615617274122","potions_obtained":[{"floor":5,"key":"Regen Potion"},{"floor":8,"key":"Weak Potion"},{"floor":10,"key":"Strength Potion"},{"floor":12,"key":"Regen Potion"},{"floor":16,"key":"GhostInAJar"}],"is_trial":false,"path_per_floor":["M","?","M","?","M","R","$","E","T","E","M","M","R","M","R","B",null,"M","?","M","$","M"],"character_chosen":"THE_SILENT","items_purchased":["ClockworkSouvenir","Bandage Up","TwistedFunnel"],"campfire_rested":0,"item_purchase_floors":[7,7,21],"current_hp_per_floor":[59,48,38,38,31,31,31,17,17,19,20,24,24,18,18,13,53,21,21,18,18,0,0],"gold":47,"neow_bonus":"BOSS_RELIC","is_daily":false,"chose_seed":false,"campfire_upgraded":3,"win_rate":0.0,"timestamp":1611600647,"path_taken":["M","?","M","?","M","R","$","E","T","E","M","M","R","M","R","BOSS","M","?","M","$","M"],"items_purchased_type":["Relic","Card","Relic"],"build_version":"2020-12-22","purchased_purges":2,"victory":false,"max_hp_per_floor":[66,66,66,66,66,66,66,66,66,66,66,66,66,66,66,66,66,66,66,66,66,66,66],"relic_stats":{"Sozu":1,"Gremlin Horn":[4,4],"counters":[12,49],"obtain_stats":[{"Sozu":17,"TwistedFunnel":21,"Matryoshka":10,"HornCleat":19,"Gremlin Horn":8,"Coffee Dripper":0,"Frozen Egg 2":9,"Ring of the Snake":0,"ClockworkSouvenir":7},{"Sozu":9,"TwistedFunnel":11,"Matryoshka":5,"HornCleat":10,"Gremlin Horn":4,"Coffee Dripper":0,"Frozen Egg 2":4,"Ring of the Snake":0,"ClockworkSouvenir":3},{"Sozu":40,"TwistedFunnel":48,"Matryoshka":22,"HornCleat":44,"Gremlin Horn":16,"Coffee Dripper":0,"Frozen Egg 2":16,"Ring of the Snake":0,"ClockworkSouvenir":12}]},"card_choices":[{"not_picked":["Deflect","Slice"],"picked":"Reflex","floor":1},{"not_picked":["Reflex","Bane"],"picked":"Riddle With Holes","floor":3},{"not_picked":["Slice","Backflip"],"picked":"Terror","floor":5},{"not_picked":["Masterful Stab","Dodge and Roll"],"picked":"Poisoned Stab","floor":8},{"not_picked":["All Out Attack","Concentrate"],"picked":"Heel Hook","floor":10},{"not_picked":["Acrobatics","Slice"],"picked":"Prepared","floor":11},{"not_picked":["Concentrate","Slice"],"picked":"Infinite Blades+1","floor":12},{"not_picked":["Flying Knee","Infinite Blades+1"],"picked":"A Thousand Cuts+1","floor":14},{"not_picked":["Phantasmal Killer","Tools of the Trade+1"],"picked":"Adrenaline","floor":16},{"not_picked":["Dagger Throw","Deadly Poison"],"picked":"Footwork+1","floor":18},{"not_picked":["Dagger Throw+1","Deadly Poison"],"picked":"Heel Hook","floor":20}],"player_experience":236697,"relics_obtained":[{"floor":8,"key":"Gremlin Horn"},{"floor":9,"key":"Frozen Egg 2"},{"floor":10,"key":"Matryoshka"}],"event_choices":[{"damage_healed":0,"gold_gain":75,"player_choice":"Gather Gold","damage_taken":11,"max_hp_gain":0,"max_hp_loss":0,"event_name":"World of Goop","floor":2,"gold_loss":0},{"damage_healed":0,"gold_gain":175,"player_choice":"AGREE","damage_taken":0,"max_hp_gain":0,"max_hp_loss":0,"event_name":"Liars Game","floor":4,"gold_loss":0,"cards_obtained":["Doubt"]},{"damage_healed":0,"gold_gain":0,"player_choice":"Opened","damage_taken":0,"relics_obtained":["HornCleat"],"max_hp_gain":0,"max_hp_loss":0,"event_name":"The Mausoleum","floor":19,"gold_loss":0,"cards_obtained":["Writhe"]}],"is_beta":false,"boss_relics":[{"not_picked":["Runic Dome","Pandora\u0027s Box"],"picked":"Sozu"}],"items_purged_floors":[7,21],"is_endless":false,"potions_floor_spawned":[5,8,10,12,16,20],"killed_by":"Centurion and Healer","ascension_level":14}}