{"host":"i2s4iw62z1dejrqn","time":1611597388,"event":{"mods":["AchievementEnabler","BaseMod","Minty Spire (QoL Compilation)","Random Character Button","SuperFastMode"],"gold_per_floor":[110,285,300,300,316,345,345,378,378,389,389,389,416,426,426,530,530,550,550,563,563,328,328,363,363,416,416,316,316,357,372,372,480,480,502,524,799,818,836,836,836,432,486,486,545,545,561,561,561],"floor_reached":48,"language":"KOR","playtime":3939,"items_purged":["Doubt","Rip and Tear","Zap"],"score":682,"play_id":"730d2137-52a5-46f7-bceb-482907531cde","local_time":"20210126025628","is_ascension_mode":true,"campfire_choices":[{"data":"Genetic Algorithm","floor":7.0,"key":"SMITH"},{"floor":11.0,"key":"REST"},{"data":"Chaos","floor":15.0,"key":"SMITH"},{"data":"Fission","floor":23.0,"key":"SMITH"},{"data":"Seek","floor":25.0,"key":"SMITH"},{"data":"Beam Cell","floor":29.0,"key":"SMITH"},{"floor":32.0,"key":"REST"},{"floor":40.0,"key":"RECALL"},{"floor":44.0,"key":"REST"},{"data":"Consume","floor":46.0,"key":"SMITH"}],"circlet_count":0,"master_deck":["Dualcast+1","Streamline","Self Repair+1","Glacier","Beam Cell+1","Compile Driver","Chaos+1","Streamline","Defragment","Genetic Algorithm+1","Consume+1","Capacitor+1","Coolheaded","Seek+1","Heatsinks+1","Fission+1","Redo+1","Go for the Eyes+1","Echo Form+1","Darkness+1","Hologram+1","Echo Form+1","Double Energy+1"],"relics":["Pandora\u0027s Box","StrikeDummy","Omamori","Frozen Egg 2","Boot","Black Star","CeramicFish","Pear","Regal Pillow","Red Mask","Inserter","OrangePellets","Pen Nib","Bird Faced Urn"],"acts_visited":["Exordium","TheCity","TheBeyond"],"potions_floor_usage":[48,48],"damage_taken":[{"damage":0.0,"enemies":"Cultist","floor":1.0,"turns":3.0},{"damage":0.0,"enemies":"Small Slimes","floor":3.0,"turns":3.0},{"damage":0.0,"enemies":"Jaw Worm","floor":5.0,"turns":1.0},{"damage":1.0,"enemies":"Lagavulin","floor":6.0,"turns":8.0},{"damage":51.0,"enemies":"3 Sentries","floor":8.0,"turns":11.0},{"damage":24.0,"enemies":"Large Slime","floor":10.0,"turns":5.0},{"damage":12.0,"enemies":"Gremlin Nob","floor":13.0,"turns":4.0},{"damage":8.0,"enemies":"Looter","floor":14.0,"turns":4.0},{"damage":21.0,"enemies":"The Guardian","floor":16.0,"turns":10.0},{"damage":18.0,"enemies":"Chosen","floor":18.0,"turns":8.0},{"damage":7.0,"enemies":"Spheric Guardian","floor":20.0,"turns":6.0},{"damage":23.0,"enemies":"Gremlin Leader","floor":24.0,"turns":8.0},{"damage":0.0,"enemies":"3 Cultists","floor":27.0,"turns":2.0},{"damage":44.0,"enemies":"Masked Bandits","floor":30.0,"turns":5.0},{"damage":10.0,"enemies":"Snecko","floor":31.0,"turns":9.0},{"damage":51.0,"enemies":"Collector","floor":33.0,"turns":11.0},{"damage":11.0,"enemies":"Orb Walker","floor":35.0,"turns":6.0},{"damage":23.0,"enemies":"3 Shapes","floor":36.0,"turns":9.0},{"damage":18.0,"enemies":"Spire Growth","floor":38.0,"turns":6.0},{"damage":22.0,"enemies":"3 Darklings","floor":39.0,"turns":7.0},{"damage":28.0,"enemies":"Mind Bloom Boss Battle","floor":45.0,"turns":6.0},{"damage":68.0,"enemies":"4 Shapes","floor":47.0,"turns":8.0},{"damage":20,"enemies":"Reptomancer","floor":48,"turns":4}],"seed_played":"-5356825914736134853","potions_obtained":[{"floor":3.0,"key":"Regen Potion"},{"floor":5.0,"key":"Explosive Potion"},{"floor":12.0,"key":"SkillPotion"},{"floor":12.0,"key":"SmokeBomb"},{"floor":12.0,"key":"GamblersBrew"},{"floor":13.0,"key":"Ancient Potion"},{"floor":14.0,"key":"Fruit Juice"},{"floor":20.0,"key":"DistilledChaos"},{"floor":24.0,"key":"EntropicBrew"},{"floor":31.0,"key":"Block Potion"},{"floor":33.0,"key":"Swift Potion"},{"floor":35.0,"key":"FocusPotion"},{"floor":38.0,"key":"Ancient Potion"},{"floor":47.0,"key":"PowerPotion"}],"is_trial":false,"path_per_floor":["M","?","M","?","M","E","R","E","T","M","R","?","E","M","R","B",null,"M","T","M","?","$","R","E","R","T","M","$","R","?","M","R","B",null,"M","M","?","M","M","R","?","$","T","R","?","R","M","E"],"character_chosen":"DEFECT","items_purchased":["Fission","Echo Form+1","OrangePellets"],"campfire_rested":3,"item_purchase_floors":[22,42,42],"current_hp_per_floor":[75,75,75,60,60,75,75,34,34,20,42,42,40,47,47,36,69,61,61,64,64,64,64,61,61,61,71,71,71,37,37,79,38,77,86,83,83,65,43,43,43,43,43,85,67,67,21,5,5],"gold":561,"neow_bonus":"BOSS_RELIC","is_daily":false,"chose_seed":false,"campfire_upgraded":6,"win_rate":0.0,"timestamp":1611597388,"path_taken":["M","?","M","?","M","E","R","E","T","M","R","?","E","M","R","BOSS","M","?","M","?","$","R","E","R","T","M","?","R","?","M","R","BOSS","M","M","?","M","?","R","?","$","T","R","?","R","M","E"],"items_purchased_type":["Card","Card","Relic"],"build_version":"2020-12-22","purchased_purges":3,"victory":false,"max_hp_per_floor":[75,75,75,75,75,75,75,75,75,75,75,75,75,80,80,80,80,80,80,80,80,80,80,90,90,90,90,90,90,90,90,90,90,90,90,90,90,90,90,90,90,90,90,90,90,90,90,90,90],"card_choices":[{"not_picked":["Cold Snap","Rebound"],"picked":"Defragment","floor":1.0},{"not_picked":["Beam Cell","Ball Lightning","Cold Snap"],"picked":"SKIP","floor":3.0},{"not_picked":["Leap","BootSequence","Sweeping Beam"],"picked":"SKIP","floor":5.0},{"not_picked":["Hologram","Ball Lightning"],"picked":"Genetic Algorithm","floor":6.0},{"not_picked":["All For One","Turbo"],"picked":"Consume","floor":8.0},{"not_picked":["Ball Lightning","Barrage"],"picked":"Capacitor+1","floor":10.0},{"not_picked":["Compile Driver","Stack","Double Energy"],"picked":"SKIP","floor":13.0},{"not_picked":["Reprogram","Blizzard"],"picked":"Coolheaded","floor":14.0},{"not_picked":["Multi-Cast","Core Surge"],"picked":"Seek","floor":16.0},{"not_picked":["Chaos+1","Reprogram","Cold Snap"],"picked":"SKIP","floor":18.0},{"not_picked":["Undo","Beam Cell","Rebound"],"picked":"SKIP","floor":20.0},{"not_picked":["Stack","Beam Cell"],"picked":"Redo+1","floor":24.0},{"not_picked":["Turbo","Rip and Tear"],"picked":"Go for the Eyes+1","floor":30.0},{"not_picked":["Amplify","Redo","Go for the Eyes"],"picked":"SKIP","floor":31.0},{"not_picked":["Core Surge","Rainbow"],"picked":"Echo Form+1","floor":33.0},{"not_picked":["Glacier","Reprogram+1"],"picked":"Darkness+1","floor":35.0},{"not_picked":["Cold Snap+1","Compile Driver"],"picked":"Hologram+1","floor":36.0},{"not_picked":["Sweeping Beam","Barrage","Doom and Gloom"],"picked":"SKIP","floor":38.0},{"not_picked":["Redo","Rebound+1","Beam Cell+1"],"picked":"SKIP","floor":39.0},{"not_picked":["Turbo+1","Streamline+1"],"picked":"Double Energy+1","floor":45.0},{"not_picked":["Conserve Battery","Compile Driver","Ball Lightning+1"],"picked":"SKIP","floor":47.0}],"player_experience":424774,"relics_obtained":[{"floor":6.0,"key":"StrikeDummy"},{"floor":8.0,"key":"Omamori"},{"floor":9.0,"key":"Frozen Egg 2"},{"floor":13.0,"key":"Boot"},{"floor":24.0,"key":"CeramicFish"},{"floor":24.0,"key":"Pear"},{"floor":26.0,"key":"Regal Pillow"},{"floor":30.0,"key":"Red Mask"},{"floor":43.0,"key":"Pen Nib"},{"floor":45.0,"key":"Bird Faced Urn"}],"event_choices":[{"damage_healed":0.0,"max_hp_gain":0.0,"max_hp_loss":0.0,"gold_gain":175.0,"event_name":"Liars Game","player_choice":"AGREE","floor":2.0,"gold_loss":0.0,"damage_taken":0.0,"cards_obtained":["Doubt"]},{"damage_healed":0.0,"max_hp_gain":0.0,"max_hp_loss":0.0,"gold_gain":0.0,"event_name":"Shining Light","player_choice":"Entered Light","floor":4.0,"gold_loss":0.0,"damage_taken":15.0,"cards_upgraded":["Dualcast","Self Repair"]},{"damage_healed":0.0,"max_hp_gain":0.0,"max_hp_loss":0.0,"gold_gain":0.0,"event_name":"Lab","player_choice":"Got Potions","floor":12.0,"gold_loss":0.0,"damage_taken":0.0},{"damage_healed":0.0,"max_hp_gain":0.0,"max_hp_loss":0.0,"gold_gain":0.0,"event_name":"The Library","player_choice":"Read","floor":21.0,"gold_loss":0.0,"damage_taken":0.0,"cards_obtained":["Heatsinks"]},{"damage_healed":0.0,"max_hp_gain":0.0,"max_hp_loss":0.0,"gold_gain":0.0,"event_name":"Masked Bandits","player_choice":"Fought Bandits","floor":30.0,"gold_loss":0.0,"damage_taken":0.0},{"damage_healed":0.0,"max_hp_gain":0.0,"max_hp_loss":0.0,"gold_gain":275.0,"event_name":"Golden Shrine","player_choice":"Desecrate","floor":37.0,"gold_loss":0.0,"damage_taken":0.0,"cards_obtained":["Regret"]},{"damage_healed":0.0,"max_hp_gain":0.0,"max_hp_loss":0.0,"gold_gain":0.0,"event_name":"The Moai Head","player_choice":"Ignored","floor":41.0,"gold_loss":0.0,"damage_taken":0.0},{"damage_healed":0.0,"max_hp_gain":0.0,"max_hp_loss":0.0,"gold_gain":0.0,"event_name":"MindBloom","player_choice":"Fight","floor":45.0,"gold_loss":0.0,"damage_taken":0.0}],"is_beta":false,"boss_relics":[{"not_picked":["Tiny House","Fusion Hammer"],"picked":"Black Star"},{"not_picked":["Coffee Dripper","Empty Cage"],"picked":"Inserter"}],"items_purged_floors":[22,28,42],"is_endless":false,"potions_floor_spawned":[3,5,13,14,20,24,31,33,35,38,47],"killed_by":"Reptomancer","ascension_level":7}}