{"host":"43gh4c2f6tt319we","time":1611586466,"event":{"mods":["ATMod(∞¢Ë™Mod)","Act Like it!","Arknights The Spire","BaseMod","Gensokyo","Hallownest","KinomotoSakuraMod(ƒæ÷Æ±æ”£)","Lobotomy","Minty Spire (QoL Compilation)","Pale of the Ancients","Reimu£®≤©¿ˆ¡È√Œ£©","Remilia£®¿Ÿ√◊¿Ú—«£©","StSLib","The Alterego","The Bug Knight","Yakumo Yukari mod","Youmu£®ªÍ∆«—˝√Œ£©"],"gold_per_floor":[999,1015,1015,179,179,109,109,69,86,111,130,162,174,274,289,289,394,394,411,430,680,697,697,697,725,725,725,742,204,204,204,219,219,320,320,320],"floor_reached":85,"language":"ZHS","playtime":2469,"items_purged":["Pain","ats:Strike G+1"],"score":700,"play_id":"c9a46e68-bef8-4280-9660-1e89ab9ebe8a","local_time":"20210125235426","is_ascension_mode":false,"campfire_choices":[{"data":"Metamorphosis","floor":57,"key":"SMITH"},{"floor":66,"key":"REST"},{"data":"ats:Shadow Assault","floor":74,"key":"SMITH"},{"floor":83,"key":"REST"}],"circlet_count":0,"master_deck":["ats:Strike C","ats:Strike S","ats:Strike V","ats:Armor Crushing Shot","ats:Defend","ats:Defend+1","ats:Defend","ats:Defend","ats:Emotion Absorption","AT_OneInchPunch+1","ats:Ignite+1","QueenBee","Metamorphosis+1","Clumsy","ats:Neurotoxin","ats:Automatic Cover","ats:Apocalypse","ats:Explosion Area Strengthen","ats:Rapid Magazine","ats:Shadow Assault+1","ats:Dogmatic Field","ats:Consecutive Shot Auto+1","ats:Rat Pack","GalaxyChild","ats:Calcification"],"relics":["ats:Sanity Plus","AT_ATBox","CogitoBucket","Gensokyo:LunaticRedEyes","AT_LudenTempest","Ginger","Gensokyo:NagashiBinaDoll","Anchor","ats:Originium","AT_GoldPhoenixTree","Pen Nib","InkBottle","Whetstone","AT_Manta","FossilizedHelix","Gensokyo:ChorusOfJoy","RedLine:ReiMu"],"acts_visited":["Exordium","Gensokyo:Gensokyo"],"potions_floor_usage":[69],"damage_taken":[{"damage":2,"enemies":"Gensokyo:3_Fairies","floor":52,"turns":5},{"damage":0,"enemies":"Gensokyo:Gryphon","floor":59,"turns":2},{"damage":6,"enemies":"Gensokyo:Python","floor":61,"turns":3},{"damage":19,"enemies":"Gensokyo:Aya","floor":62,"turns":4},{"damage":0,"enemies":"Gensokyo:5_Fairies","floor":63,"turns":3},{"damage":12,"enemies":"Gensokyo:LivingMonolith","floor":65,"turns":2},{"damage":13,"enemies":"Gensokyo:Reimu","floor":67,"turns":5},{"damage":0,"enemies":"Gensokyo:CosmicMonolith","floor":69,"turns":2},{"damage":16,"enemies":"Gensokyo:AngelMirror","floor":70,"turns":3},{"damage":0,"enemies":"Gensokyo:Monolith_and_Dog","floor":72,"turns":2},{"damage":31,"enemies":"Gensokyo:Reisen","floor":75,"turns":5},{"damage":92,"enemies":"Gensokyo:Swordslinger","floor":78,"turns":8},{"damage":0,"enemies":"Gensokyo:3_Gloops","floor":82,"turns":4},{"damage":0,"enemies":"Gensokyo:Eternal_Rivals","floor":84,"turns":10}],"seed_played":"4804544880387720245","potions_obtained":[{"floor":59,"key":"Ancient Potion"},{"floor":62,"key":"Explosive Potion"},{"floor":65,"key":"ats:Top Emergency Sanity Potion"},{"floor":69,"key":"Strength Potion"}],"is_trial":false,"path_per_floor":["M","?","$","?","?","R","$","M","T","M","E","M","?","M","R","B",null,"M","M","?","M","?","R","E","?","T","M","$","T","?","M","R","B",null],"character_chosen":"DOCTOR_CLASS","items_purchased":["AT_LudenTempest","Ginger","Metamorphosis","ats:Neurotoxin","Whetstone","AT_Manta"],"campfire_rested":2,"item_purchase_floors":[54,54,54,58,79,79],"current_hp_per_floor":[72,70,70,70,70,70,70,70,70,70,64,45,45,45,33,60,47,92,92,76,76,81,81,81,50,50,50,13,13,13,13,18,44,66,66,66],"gold":320,"neow_bonus":"","is_daily":false,"chose_seed":false,"campfire_upgraded":2,"win_rate":0.0,"timestamp":1611586466,"path_taken":["M","?","$","?","?","R","?","M","T","M","E","M","?","M","R","BOSS","M","?","?","?","?","R","E","?","T","M","?","?","?","M","R","BOSS"],"items_purchased_type":["Relic","Relic","Card","Card","Relic","Relic"],"build_version":"2020-12-22","purchased_purges":2,"victory":false,"max_hp_per_floor":[92,92,92,92,92,92,92,92,92,92,92,92,92,92,92,92,92,92,92,92,87,87,87,87,87,87,87,87,87,87,87,87,87,87,87,87],"card_choices":[{"not_picked":["ats:Assault Order","ats:Flexible Camouflage"],"picked":"ats:Ignite","floor":52},{"not_picked":["NakedNest","LittleHelper"],"picked":"QueenBee","floor":52},{"not_picked":["ats:Steam Pump","ats:Flame Of Heaven"],"picked":"ats:Automatic Cover","floor":59},{"not_picked":["Funeral","Rudolta"],"picked":"HappyTeddy","floor":59},{"not_picked":["ats:Curse Doll","ats:Support Order"],"picked":"ats:Apocalypse","floor":61},{"not_picked":["ats:Absolute Focus","ats:Part Time Job","ats:Beaten Up"],"picked":"SKIP","floor":62},{"not_picked":["ats:Absolute Focus","ats:Part Time Job","ats:Beaten Up"],"picked":"SKIP","floor":62},{"not_picked":["ats:Ignite","ats:Song Of Battle"],"picked":"ats:Explosion Area Strengthen","floor":63},{"not_picked":["ats:Thorns","ats:Demon Strength"],"picked":"ats:Rapid Magazine","floor":65},{"not_picked":["ats:Volcano","ats:Roar Of Ursus"],"picked":"ats:Shadow Assault","floor":67},{"not_picked":["ats:Explosion Area Strengthen","ats:Very Hot Blade"],"picked":"ats:Dogmatic Field","floor":69},{"not_picked":["ats:Revitalization+1","ats:Closed Bolt Burst Fire","ats:Phantom"],"picked":"SKIP","floor":70},{"not_picked":["ats:Literary Storm+1","ats:Mental Burst+1"],"picked":"ats:Consecutive Shot Auto+1","floor":72},{"not_picked":["Variant","WhitesApple"],"picked":"GalaxyChild","floor":75},{"not_picked":["ats:Guardian Obelisk","ats:Spore Proliferation","ats:Closed Bolt Burst Fire+1"],"picked":"SKIP","floor":75},{"not_picked":["ats:Very Hot Blade","ats:Neurotoxin+1","ats:Spore Proliferation"],"picked":"SKIP","floor":78},{"not_picked":["ats:Neurotoxin","ats:Revitalization+1","ats:Curse Doll+1"],"picked":"SKIP","floor":82},{"not_picked":["ats:Echo Reverb","ats:Roar Of Ursus"],"picked":"ats:Calcification","floor":84}],"player_experience":472000,"relics_obtained":[{"floor":60,"key":"Anchor"},{"floor":62,"key":"ats:Originium"},{"floor":62,"key":"AT_GoldPhoenixTree"},{"floor":75,"key":"ats:Originium"},{"floor":75,"key":"Pen Nib"},{"floor":77,"key":"InkBottle"},{"floor":80,"key":"FossilizedHelix"}],"event_choices":[],"is_beta":false,"boss_relics":[{"not_picked":["Philosopher\u0027s Stone","Cursed Key"],"picked":"ats:Sanity Plus"},{"not_picked":["Astrolabe","Fusion Hammer"],"picked":"RedLine:ReiMu"}],"items_purged_floors":[54,79],"is_endless":false,"potions_floor_spawned":[59,62,65,69,70,72],"ascension_level":0}}