{"host":"qekv59dthhdg54sz","time":1611547010,"event":{"mods":["AchievementEnabler","BaseMod","Colored Map","DeckTracker","KOR Keyword Fix","Minty Spire (QoL Compilation)","Rare Cards Sparkle","StSLib","SuperFastMode"],"gold_per_floor":[118,130,143,143,68,68,68,87,87,105,105,105,134,169,169,250,250,207,47,11,31,31,31],"floor_reached":22,"language":"KOR","playtime":435,"items_purged":["Strike_G"],"score":372,"play_id":"85b5e85a-5348-4ef3-9b1f-32296026983c","local_time":"20210125125650","is_ascension_mode":true,"campfire_choices":[{"data":"Neutralize","floor":6,"key":"SMITH"},{"data":"Deadly Poison","floor":12,"key":"SMITH"},{"data":"Acrobatics","floor":15,"key":"SMITH"}],"circlet_count":0,"master_deck":["AscendersBane","Strike_G","Strike_G","Strike_G","Strike_G","Defend_G","Defend_G","Defend_G","Defend_G","Defend_G","Survivor","Neutralize+1","Bandage Up","Deadly Poison+1","All Out Attack","Bouncing Flask+1","Masterful Stab","Backflip","Acrobatics+1","Adrenaline","Catalyst"],"relics":["Ring of the Snake","CeramicFish","InkBottle","Black Star","Membership Card"],"acts_visited":["TheCity"],"potions_floor_usage":[16,22],"damage_taken":[{"damage":4,"enemies":"Cultist","floor":1,"turns":4},{"damage":10,"enemies":"Jaw Worm","floor":2,"turns":6},{"damage":2,"enemies":"Small Slimes","floor":3,"turns":4},{"damage":27,"enemies":"Gremlin Gang","floor":8,"turns":4},{"damage":21,"enemies":"Lots of Slimes","floor":10,"turns":4},{"damage":10,"enemies":"Large Slime","floor":13,"turns":5},{"damage":43,"enemies":"Gremlin Nob","floor":14,"turns":4},{"damage":10,"enemies":"Hexaghost","floor":16,"turns":9},{"damage":31,"enemies":"2 Thieves","floor":18,"turns":5},{"damage":4,"enemies":"Chosen","floor":21,"turns":3},{"damage":9,"enemies":"3 Cultists","floor":22,"turns":3}],"seed_played":"-733128023310717452","potions_obtained":[{"floor":2,"key":"AttackPotion"},{"floor":10,"key":"Weak Potion"},{"floor":13,"key":"GamblersBrew"},{"floor":16,"key":"SpeedPotion"}],"is_trial":false,"path_per_floor":["M","M","M","?","$","R","$","M","T","M","?","R","M","E","R","B",null,"M","$","$","M","M"],"character_chosen":"THE_SILENT","items_purchased":["Membership Card","Catalyst"],"campfire_rested":0,"item_purchase_floors":[19,20],"current_hp_per_floor":[59,53,55,55,55,55,55,32,32,15,66,66,56,17,17,11,52,25,25,25,25,16,16],"gold":31,"neow_bonus":"RANDOM_COLORLESS","is_daily":false,"chose_seed":false,"campfire_upgraded":3,"win_rate":0.0,"timestamp":1611547010,"path_taken":["M","?","M","?","$","R","?","M","T","M","?","R","M","E","R","BOSS","M","?","$","M","M"],"items_purchased_type":["Relic","Card"],"build_version":"2020-12-22","purchased_purges":1,"victory":false,"max_hp_per_floor":[66,66,66,66,66,66,66,66,66,66,66,66,66,66,66,66,66,66,66,66,66,66,66],"card_choices":[{"not_picked":["Forethought","Discovery"],"picked":"Bandage Up","floor":0},{"not_picked":["Deflect","Quick Slash"],"picked":"Deadly Poison","floor":1},{"not_picked":["Dodge and Roll","Endless Agony"],"picked":"All Out Attack","floor":2},{"not_picked":["Flying Knee","Deadly Poison"],"picked":"Bouncing Flask","floor":3},{"not_picked":["Cloak And Dagger","Bouncing Flask"],"picked":"Masterful Stab","floor":8},{"not_picked":["Well Laid Plans","Underhanded Strike","Heel Hook"],"picked":"SKIP","floor":10},{"not_picked":["Predator","Cloak And Dagger"],"picked":"Backflip","floor":13},{"not_picked":["Expertise","Phantasmal Killer"],"picked":"Acrobatics","floor":14},{"not_picked":["Storm of Steel","Glass Knife"],"picked":"Adrenaline","floor":16},{"not_picked":["Terror","Quick Slash+1","Dodge and Roll"],"picked":"SKIP","floor":18},{"not_picked":["Underhanded Strike","Prepared+1","Dagger Throw"],"picked":"SKIP","floor":21}],"player_experience":825790,"relics_obtained":[{"floor":9,"key":"CeramicFish"},{"floor":14,"key":"InkBottle"}],"event_choices":[{"damage_healed":0,"gold_gain":0,"player_choice":"Upgraded","damage_taken":0,"max_hp_gain":0,"max_hp_loss":0,"event_name":"Upgrade Shrine","floor":4,"gold_loss":0,"cards_upgraded":["Bouncing Flask"]},{"damage_healed":51,"gold_gain":0,"player_choice":"Full Heal","damage_taken":0,"max_hp_gain":0,"max_hp_loss":0,"event_name":"Wheel of Change","floor":11,"gold_loss":0}],"is_beta":false,"boss_relics":[{"not_picked":["Ectoplasm","Ring of the Serpent"],"picked":"Black Star"}],"items_purged_floors":[5],"is_endless":false,"potions_floor_spawned":[2,10,13,14,16],"killed_by":"3 Cultists","ascension_level":20}}