{"host":"57rytaa21d5yl0hy","time":1611570971,"event":{"mods":["Act Like it!","BaseMod","Challenge The Spire","Friendly Minions","Gensokyo","KinomotoSakuraMod(木之本樱)","Kiyohime（清姬）","Lobotomy","LobotomyExtend","Minty Spire (QoL Compilation)","Poem Panic","Replay The Spire","RumiaBox-露米娅的神秘盒子","StSLib","The Senshi","Yuri Mod"],"gold_per_floor":[113,133,133,147,147,147,181,181,208,208,208,208,208,286,286,390,402,424,436,92,161,161,161,86,113,113,144,154,174,188,19,19,115,115,132,51,51,68,68,103,176,206,257,257,257,292,292,336,336,336],"floor_reached":51,"language":"ZHS","playtime":2971,"items_purged":[],"score":1099,"play_id":"0ab77d22-105a-4cd4-b0f2-415115c780a2","local_time":"20210125183611","is_ascension_mode":true,"campfire_choices":[{"data":"ClowCardTheBig","floor":6,"key":"SMITH"},{"data":"ClowCardTheBig","floor":10,"key":"SMITH"},{"data":"ClowCardTheFirey","floor":12,"key":"SMITH"},{"data":"ClowCardTheBig","floor":15,"key":"SMITH"},{"data":"ClowCardTheBig","floor":23,"key":"SMITH"},{"data":"ClowCardTheWave","floor":32,"key":"SMITH"},{"floor":45,"key":"DIG"},{"floor":47,"key":"DIG"},{"floor":49,"key":"DIG"}],"circlet_count":0,"master_deck":["SakuraCardThePower+","SpellCardSeal","SpellCardRelease","ClowCardTheBig+1","ClowCardTheBig+1","ClowCardTheRain","ClowCardTheDash","ClowCardTheShot","ClowCardTheBig+1","ClowCardThePower","ClowCardTheFirey+1","ClowCardTheShot","ClowCardThePower","ClowCardTheFight","ClowCardTheSand+1","ClowCardTheBig+1","ClowCardTheFirey","ClowCardTheBubbles","ClowCardTheBubbles+1","ClowCardTheWave+1","Spreading Infection","Replay:Hysterical Blindness","ClowCardTheFirey+1","Hallucinations","ClowCardTheFight","ClowCardTheBubbles+1","ClowCardTheFight+1"],"relics":["KSMOD_SealedBook","KSMOD_StarWand","PoemPanic:PoemPanicRelic","LetterFromLob","ReplayTheSpireMod:Ring of Challenge","Ring of Misfortune","Anchor","Ancient Tea Set","Durian","Orichalcum","MawBank","KSMOD_TaoistSuit","SlaversCollar","theSenshi:SuperSailorFukuRelic","Pen Nib","MutagenicStrength","Replay:Towering Pillar of Hats","MagicDraw2","WingedGreaves","Baka2","Membership Card","Question Card","KSMOD_YukitosBentoBox","Spirit Poop","Bottled Flame","HornCleat","KSMOD_MoonBell","SSSystem","Shovel","Strawberry","Shuriken","GodSword5","Replay:Mystery Machine","Bag of Marbles","GodSword7","Eternal Feather"],"acts_visited":["Exordium","TheCity","TheBeyond"],"potions_floor_usage":[28,50,51],"damage_taken":[{"damage":0,"enemies":"Small Slimes","floor":1,"turns":2},{"damage":0,"enemies":"Cultist","floor":2,"turns":1},{"damage":5,"enemies":"2 Louse","floor":4,"turns":2},{"damage":35,"enemies":"3 Sentries","floor":7,"turns":3},{"damage":0,"enemies":"Lagavulin","floor":14,"turns":2},{"damage":0,"enemies":"Slime Boss","floor":16,"turns":2},{"damage":0,"enemies":"2 Thieves","floor":18,"turns":2},{"damage":0,"enemies":"Replay:Snechameleon","floor":25,"turns":2},{"damage":0,"enemies":"Book of Stabbing","floor":27,"turns":3},{"damage":0,"enemies":"Chosen","floor":28,"turns":2},{"damage":0,"enemies":"Centurion and Healer","floor":29,"turns":2},{"damage":0,"enemies":"3 Cultists","floor":30,"turns":1},{"damage":0,"enemies":"Champ","floor":33,"turns":3},{"damage":0,"enemies":"3 Shapes","floor":35,"turns":2},{"damage":0,"enemies":"3 Darklings","floor":38,"turns":2},{"damage":0,"enemies":"R_Hoarder","floor":40,"turns":4},{"damage":21,"enemies":"Giant Head","floor":41,"turns":3},{"damage":0,"enemies":"Reptomancer","floor":42,"turns":1},{"damage":0,"enemies":"Giant Head","floor":46,"turns":1},{"damage":0,"enemies":"Jaw Worm Horde","floor":48,"turns":3},{"damage":0,"enemies":"Replay:Hell Engine","floor":50,"turns":2},{"damage":0,"enemies":"Malkuth","floor":51,"turns":3},{"damage":0,"enemies":"Netzach","floor":51,"turns":4},{"damage":0,"enemies":"Chesed","floor":51,"turns":1},{"damage":0,"enemies":"Hokma","floor":51,"turns":2},{"damage":119,"enemies":"Angela","floor":51,"turns":5}],"seed_played":"-2601160182100953977","potions_obtained":[{"floor":4,"key":"FairyPotion"},{"floor":14,"key":"LiquidBronze"},{"floor":18,"key":"FearPotion"},{"floor":21,"key":"Block Potion"},{"floor":28,"key":"Fruit Juice"},{"floor":33,"key":"Energy Potion"}],"is_trial":false,"path_per_floor":["M","M","?","M","?","R","E","?","T","R","$","R","T","E","R","B",null,"M","?","$","?","?","R","?","E","T","E","M","M","M","$","R","B",null,"M","$","?","M","?","E","E","E","T","?","R","E","R","M","R","B",null],"character_chosen":"KINOMOTOSAKURA","items_purchased":["ClowCardTheWatery","theSenshi:SuperSailorFukuRelic","ClowCardTheBig","Membership Card","ClowCardThePower","ClowCardTheCreate"],"campfire_rested":0,"item_purchase_floors":[20,20,20,31,31,36],"current_hp_per_floor":[70,70,70,65,65,65,30,38,38,38,38,38,43,43,43,43,75,75,75,75,75,75,75,75,75,75,75,80,80,80,80,80,80,80,80,80,80,80,80,80,79,79,86,86,86,86,86,86,86,86],"gold":388,"neow_bonus":"","is_daily":false,"chose_seed":false,"campfire_upgraded":6,"win_rate":0.0,"timestamp":1611570971,"path_taken":["M","M","?","?","?","R","E","?","T","R","$","R","?","E","R","BOSS","M","?","$","?","?","R","?","E","T","E","M","M","?","$","R","BOSS","M","$","?","?","?","E","E","E","T","?","R","E","R","M","R","BOSS"],"items_purchased_type":["Card","Relic","Card","Relic","Card","Card"],"build_version":"2020-12-22","purchased_purges":0,"victory":true,"max_hp_per_floor":[70,70,70,70,70,70,70,70,70,70,70,70,75,75,75,75,75,75,75,75,75,75,75,75,75,75,75,80,80,80,80,80,80,80,80,80,80,80,80,80,79,79,86,86,86,86,86,86,86,86],"card_choices":[{"not_picked":["ClowCardTheMirror","ClowCardTheBig"],"picked":"ClowCardTheFirey","floor":1},{"not_picked":["ClowCardTheErase","ClowCardTheLock"],"picked":"ClowCardTheSand","floor":2},{"not_picked":["ClowCardTheSweet","ClowCardTheRain"],"picked":"ClowCardTheShot","floor":4},{"not_picked":["ClowCardTheWood","ClowCardTheChange","ClowCardTheLittle"],"picked":"SKIP","floor":7},{"not_picked":["ClowCardTheSnow","ClowCardTheVoice"],"picked":"ClowCardThePower","floor":14},{"not_picked":["ClowCardTheThrough","ClowCardTheDark"],"picked":"ClowCardTheFight","floor":16},{"not_picked":["ClowCardTheSilent","ClowCardTheJump"],"picked":"ClowCardTheSand+1","floor":18},{"not_picked":["ClowCardTheDream+1","ClowCardTheIllusion"],"picked":"ClowCardTheFirey","floor":21},{"not_picked":["ClowCardTheThunder","ClowCardThePower"],"picked":"ClowCardTheBubbles","floor":25},{"not_picked":["ClowCardTheSnow","ClowCardTheArrow"],"picked":"ClowCardTheBubbles+1","floor":27},{"not_picked":["ClowCardTheWood","ClowCardTheErase","ClowCardTheMist"],"picked":"SKIP","floor":28},{"not_picked":["ClowCardTheErase","ClowCardTheSong+1","ClowCardTheVoice+1"],"picked":"SKIP","floor":29},{"not_picked":["ClowCardTheChange","ClowCardTheVoice"],"picked":"ClowCardTheWave","floor":30},{"not_picked":["ClowCardTheReturn","ClowCardTheFight"],"picked":"ClowCardTheCreate","floor":33},{"not_picked":["ClowCardThePower","ClowCardTheErase","ClowCardTheEarthy","ClowCardTheShadow+1"],"picked":"SKIP","floor":35},{"not_picked":["ClowCardThePower","ClowCardTheBubbles+1","ClowCardTheVoice+1"],"picked":"ClowCardTheFirey+1","floor":38},{"not_picked":["ClowCardTheSilent","ClowCardTheErase+1","ClowCardTheChange+1","ClowCardTheSnow"],"picked":"SKIP","floor":40},{"not_picked":["ClowCardTheFreeze","ClowCardTheCloud","ClowCardTheFlower+1","ClowCardTheIllusion+1"],"picked":"SKIP","floor":41},{"not_picked":["ClowCardTheLoop+1","ClowCardTheWindy","ClowCardTheMist","ClowCardTheFlower"],"picked":"SKIP","floor":42},{"not_picked":["ClowCardTheWatery+1","ClowCardTheMaze","ClowCardTheSilent"],"picked":"ClowCardTheFight","floor":46},{"not_picked":["ClowCardTheShot","ClowCardTheMirror","ClowCardTheArrow+1"],"picked":"ClowCardTheBubbles+1","floor":48}],"player_experience":308795,"relics_obtained":[{"floor":1,"key":"Baka"},{"floor":1,"key":"LetterFromLob"},{"floor":5,"key":"ReplayTheSpireMod:Ring of Challenge"},{"floor":5,"key":"Ring of Misfortune"},{"floor":7,"key":"Anchor"},{"floor":9,"key":"Ancient Tea Set"},{"floor":13,"key":"Durian"},{"floor":14,"key":"Orichalcum"},{"floor":16,"key":"MawBank"},{"floor":16,"key":"KSMOD_TaoistSuit"},{"floor":21,"key":"Pen Nib"},{"floor":25,"key":"Replay:Towering Pillar of Hats"},{"floor":26,"key":"MagicDraw2"},{"floor":27,"key":"WingedGreaves"},{"floor":29,"key":"Baka2"},{"floor":33,"key":"Question Card"},{"floor":33,"key":"KSMOD_YukitosBentoBox"},{"floor":40,"key":"Bottled Flame"},{"floor":41,"key":"HornCleat"},{"floor":41,"key":"KSMOD_MoonBell"},{"floor":41,"key":"SSSystem"},{"floor":42,"key":"Shovel"},{"floor":43,"key":"Strawberry"},{"floor":45,"key":"Shuriken"},{"floor":46,"key":"GodSword5"},{"floor":47,"key":"Replay:Mystery Machine"},{"floor":48,"key":"Bag of Marbles"},{"floor":48,"key":"GodSword7"},{"floor":49,"key":"Eternal Feather"}],"event_choices":[{"damage_healed":0,"gold_gain":0,"player_choice":"Ignored","damage_taken":0,"max_hp_gain":0,"max_hp_loss":0,"event_name":"NoteForYourself","floor":3,"gold_loss":0},{"damage_healed":0,"gold_gain":0,"player_choice":"Ignored","damage_taken":0,"max_hp_gain":0,"max_hp_loss":0,"event_name":"Vampires","floor":19,"gold_loss":0},{"damage_healed":0,"gold_gain":0,"player_choice":"Inject Mutagens","damage_taken":0,"relics_obtained":["MutagenicStrength"],"max_hp_gain":0,"max_hp_loss":0,"event_name":"Drug Dealer","floor":22,"gold_loss":0},{"cards_removed":["ClowCardTheWatery"],"damage_healed":0,"gold_gain":0,"player_choice":"Gave Gold","damage_taken":0,"max_hp_gain":0,"max_hp_loss":0,"event_name":"Beggar","floor":24,"gold_loss":75},{"cards_removed":["Normality"],"damage_healed":0,"gold_gain":0,"player_choice":"Offered Curse","damage_taken":0,"relics_obtained":["Spirit Poop"],"max_hp_gain":0,"max_hp_loss":0,"event_name":"Bonfire Elementals","floor":37,"gold_loss":0},{"cards_removed":["ClowCardTheSand"],"damage_healed":0,"gold_gain":0,"player_choice":"Removed Attack","damage_taken":0,"max_hp_gain":0,"max_hp_loss":0,"event_name":"Falling","floor":39,"gold_loss":0},{"damage_healed":0,"gold_gain":0,"player_choice":"1 cards matched","damage_taken":0,"max_hp_gain":0,"max_hp_loss":0,"event_name":"Match and Keep!","floor":44,"gold_loss":0,"cards_obtained":["Hallucinations"]}],"is_beta":false,"boss_relics":[{"not_picked":["Coffee Dripper","Fusion Hammer"],"picked":"SlaversCollar"},{"not_picked":["Honey Jar","Astrolabe"],"picked":"KSMOD_StarWand"}],"items_purged_floors":[],"is_endless":false,"potions_floor_spawned":[4,14,18,27,28,33,35,40,46,48],"ascension_level":1}}