{"host":"hk3n60c9tb8azi3z","time":1611559043,"event":{"mods":["AchievementEnabler","BaseMod","Minty Spire (QoL Compilation)","Relic Sorter","Relic Stats"],"gold_per_floor":[113,113,132,132,150,150,182,182,182,126,126,141,141,175,175,246,246,260,260,260],"floor_reached":19,"language":"ENG","playtime":882,"items_purged":[],"score":350,"play_id":"95c13325-bd9b-466a-95b5-51997bf3cbb7","local_time":"20210125081723","is_ascension_mode":true,"campfire_choices":[{"data":"Undo","floor":6,"key":"SMITH"},{"floor":8,"key":"REST"},{"floor":11,"key":"REST"},{"data":"Beam Cell","floor":13,"key":"SMITH"},{"data":"Lockon","floor":15,"key":"SMITH"}],"circlet_count":0,"master_deck":["AscendersBane","Strike_B","Strike_B","Strike_B","Strike_B+1","Defend_B","Defend_B","Defend_B","Defend_B","Zap","Dualcast","Lockon+1","Undo+1","Ball Lightning","Beam Cell+1","Sweeping Beam","Rainbow"],"relics":["Busted Crown","CultistMask","Emotion Chip","Sundial","Strawberry","Cursed Key"],"acts_visited":["Exordium","TheCity"],"potions_floor_usage":[7,14,14],"damage_taken":[{"damage":0,"enemies":"Cultist","floor":1,"turns":4},{"damage":4,"enemies":"Jaw Worm","floor":3,"turns":4},{"damage":14,"enemies":"Small Slimes","floor":5,"turns":3},{"damage":27,"enemies":"Gremlin Nob","floor":7,"turns":4},{"damage":3,"enemies":"Blue Slaver","floor":12,"turns":3},{"damage":19,"enemies":"3 Sentries","floor":14,"turns":7},{"damage":21,"enemies":"The Guardian","floor":16,"turns":12},{"damage":3,"enemies":"Shell Parasite","floor":18,"turns":3},{"damage":65,"enemies":"Masked Bandits","floor":19,"turns":4}],"seed_played":"-3644821219805003523","potions_obtained":[{"floor":1,"key":"Fire Potion"},{"floor":5,"key":"Dexterity Potion"},{"floor":7,"key":"SneckoOil"}],"is_trial":false,"path_per_floor":["M","?","M","?","M","R","E","R","T","?","R","M","R","E","R","B",null,"M","?"],"character_chosen":"DEFECT","items_purchased":[],"campfire_rested":2,"item_purchase_floors":[],"current_hp_per_floor":[64,64,60,60,46,46,19,40,40,40,61,58,58,46,46,25,65,62,0,0],"gold":260,"neow_bonus":"BOSS_RELIC","is_daily":false,"chose_seed":false,"campfire_upgraded":3,"win_rate":0.0,"timestamp":1611559043,"path_taken":["M","?","?","?","?","R","E","R","T","?","R","M","R","E","R","BOSS","M","?"],"items_purchased_type":[],"build_version":"2020-12-22","purchased_purges":0,"victory":false,"max_hp_per_floor":[71,71,71,71,71,71,71,71,71,71,71,71,71,78,78,78,78,78,78,78],"relic_stats":{"Emotion Chip":[24,18,3,3,0],"Busted Crown":16,"counters":[9,44],"Sundial":[4],"Cursed Key":0,"obtain_stats":[{"Emotion Chip":7,"Busted Crown":0,"Sundial":9,"Strawberry":14,"CultistMask":4,"Cracked Core":0,"Cursed Key":17},{"Emotion Chip":4,"Busted Crown":0,"Sundial":4,"Strawberry":6,"CultistMask":2,"Cracked Core":0,"Cursed Key":7},{"Emotion Chip":15,"Busted Crown":0,"Sundial":15,"Strawberry":25,"CultistMask":8,"Cracked Core":0,"Cursed Key":37}]},"card_choices":[{"not_picked":["Steam Power"],"picked":"SKIP","floor":1},{"not_picked":[],"picked":"Lockon","floor":3},{"not_picked":[],"picked":"Undo","floor":5},{"not_picked":[],"picked":"Ball Lightning","floor":7},{"not_picked":[],"picked":"Beam Cell","floor":12},{"not_picked":[],"picked":"Sweeping Beam","floor":14},{"not_picked":[],"picked":"Rainbow","floor":16},{"not_picked":["Redo"],"picked":"SKIP","floor":18}],"player_experience":1608055,"relics_obtained":[{"floor":7,"key":"Emotion Chip"},{"floor":9,"key":"Sundial"},{"floor":14,"key":"Strawberry"}],"event_choices":[{"damage_healed":0,"gold_gain":0,"player_choice":"Upgraded","damage_taken":0,"max_hp_gain":0,"max_hp_loss":0,"event_name":"Upgrade Shrine","floor":2,"gold_loss":0,"cards_upgraded":["Strike_B"]},{"damage_healed":0,"gold_gain":0,"player_choice":"Trade","damage_taken":0,"relics_obtained":["CultistMask"],"max_hp_gain":0,"max_hp_loss":0,"event_name":"FaceTrader","floor":4,"gold_loss":0},{"damage_healed":0,"gold_gain":0,"player_choice":"Left Gold","damage_taken":0,"max_hp_gain":0,"max_hp_loss":0,"event_name":"World of Goop","floor":10,"gold_loss":56},{"damage_healed":0,"gold_gain":0,"player_choice":"Fought Bandits","damage_taken":0,"max_hp_gain":0,"max_hp_loss":0,"event_name":"Masked Bandits","floor":19,"gold_loss":0}],"is_beta":false,"boss_relics":[{"not_picked":["Fusion Hammer","Snecko Eye"],"picked":"Cursed Key"}],"items_purged_floors":[],"is_endless":false,"potions_floor_spawned":[1,5,7],"killed_by":"Masked Bandits","ascension_level":20}}