{"host":"fvux6yoihym3ucic","time":1611585932,"event":{"mods":["BaseMod","Curses Come First","Downfall","Energized Spire","Hermit","Infinite Spire","Mimic Mod","Minty Spire (QoL Compilation)","Rare Cards Sparkle","Replay The Spire","Spire Arcade","StSLib","The Cursed"],"gold_per_floor":[117,117,135,155,155,189,189,208,232,232,247,283,283,303,381,381,381],"floor_reached":16,"language":"ENG","playtime":549,"items_purged":[],"score":104,"play_id":"175c06f5-4040-467f-8f41-fc908f402ca2","local_time":"20210125094532","is_ascension_mode":false,"campfire_choices":[{"data":"TheCursedMod:ForbiddenAlchemy","floor":7,"key":"SMITH"},{"floor":10,"key":"RECALL"}],"circlet_count":0,"master_deck":["TheCursedMod:Strike_TheCursed","TheCursedMod:Strike_TheCursed","TheCursedMod:Strike_TheCursed","TheCursedMod:Strike_TheCursed","TheCursedMod:Defend_TheCursed","TheCursedMod:Defend_TheCursed","TheCursedMod:Defend_TheCursed","TheCursedMod:Defend_TheCursed","TheCursedMod:CursedWand+1","TheCursedMod:CleanUpWorkshop","TheCursedMod:Dregs","TheCursedMod:RavingStaff","TheCursedMod:ForbiddenAlchemy+1","TheCursedMod:VitalStrike"],"relics":["m_IronCrown","NeowsBlessing","PreservedInsect","Strawberry","infinitespire:Cubic Diamond"],"acts_visited":["Exordium"],"potions_floor_usage":[6,6,8,11,11,11,11,11,11,12,12,12,12,12,12,14,14,14,16,16,16,16],"damage_taken":[{"damage":0,"enemies":"Cultist","floor":1,"turns":1},{"damage":0,"enemies":"2 Louse","floor":3,"turns":1},{"damage":0,"enemies":"Small Slimes","floor":4,"turns":1},{"damage":25,"enemies":"Lagavulin","floor":6,"turns":6},{"damage":6,"enemies":"Exordium Wildlife","floor":8,"turns":4},{"damage":14,"enemies":"Red Slaver","floor":11,"turns":3},{"damage":0,"enemies":"Looter","floor":12,"turns":1},{"damage":18,"enemies":"Lots of Slimes","floor":14,"turns":5},{"damage":164,"enemies":"The Guardian","floor":16,"turns":3}],"seed_played":"-5335043502105110903","potions_obtained":[{"floor":3,"key":"Adrenaline Potion"},{"floor":4,"key":"Dexterity Potion"},{"floor":6,"key":"SkillPotion"},{"floor":8,"key":"Strength Potion"},{"floor":14,"key":"PowerPotion"}],"is_trial":false,"path_per_floor":["M","?","M","M","?","E","R","M","T","R","M","M","?","M","R","B"],"character_chosen":"THE_CURSED","items_purchased":[],"campfire_rested":0,"item_purchase_floors":[],"current_hp_per_floor":[75,68,68,68,68,43,43,37,44,44,30,30,30,18,18,0,0],"gold":381,"neow_bonus":"THREE_ENEMY_KILL","is_daily":false,"chose_seed":false,"campfire_upgraded":1,"win_rate":0.0,"timestamp":1611585932,"path_taken":["M","?","M","?","?","E","R","M","T","R","M","?","?","M","R","BOSS"],"items_purchased_type":[],"build_version":"2020-12-22","purchased_purges":0,"victory":false,"max_hp_per_floor":[75,75,75,75,75,75,75,75,82,82,82,82,82,82,82,82,82],"card_choices":[{"not_picked":["TheCursedMod:CursedAmulet","TheCursedMod:FleshFromBone"],"picked":"TheCursedMod:RavingStaff","floor":1},{"not_picked":["TheCursedMod:CursedShiv","TheCursedMod:PrepareRite","TheCursedMod:SurpriseAttack"],"picked":"SKIP","floor":3},{"not_picked":["TheCursedMod:Wield","TheCursedMod:WearCloak","TheCursedMod:AshesToAshes"],"picked":"SKIP","floor":4},{"not_picked":["TheCursedMod:SurpriseAttack","TheCursedMod:WearCloak"],"picked":"TheCursedMod:ForbiddenAlchemy","floor":6},{"not_picked":["TheCursedMod:CursedMace","TheCursedMod:Wield"],"picked":"TheCursedMod:VitalStrike","floor":8},{"not_picked":["TheCursedMod:CircleOfCorruption","TheCursedMod:Evocation","TheCursedMod:Stigma"],"picked":"SKIP","floor":11},{"not_picked":["TheCursedMod:PrepareRite","TheCursedMod:CursedMace","TheCursedMod:Wield"],"picked":"SKIP","floor":12},{"not_picked":["Blood for Blood","TheCursedMod:CursedMace","TheCursedMod:SpitefulStrike"],"picked":"SKIP","floor":14}],"player_experience":22932,"relics_obtained":[{"floor":6,"key":"PreservedInsect"},{"floor":9,"key":"Strawberry"}],"event_choices":[{"damage_healed":0,"gold_gain":0,"player_choice":"Damaged","damage_taken":7,"max_hp_gain":0,"max_hp_loss":0,"event_name":"Wheel of Change","floor":2,"gold_loss":0},{"damage_healed":0,"gold_gain":0,"player_choice":"Upgraded","damage_taken":0,"max_hp_gain":0,"max_hp_loss":0,"event_name":"Upgrade Shrine","floor":5,"gold_loss":0,"cards_upgraded":["TheCursedMod:CursedWand"]}],"is_beta":false,"boss_relics":[],"items_purged_floors":[],"is_endless":false,"potions_floor_spawned":[3,4,6,8,14],"killed_by":"The Guardian","ascension_level":0}}