{"host":"w01zow3jg16g8jdh","time":1611580250,"event":{"mods":["AchievementEnabler","BaseMod","DeckTracker","Keyboard Shortcuts","Minty Spire (QoL Compilation)","Permanent Neow","StSLib","SuperFastMode"],"gold_per_floor":[117,136,136,136,154,179,179,205,205,130,142,142,142,154,154,154,154],"floor_reached":16,"language":"KOR","playtime":227,"items_purged":["Strike_R"],"score":220,"play_id":"c750c91d-19d9-435b-9790-2809486c705f","local_time":"20210125221050","is_ascension_mode":true,"campfire_choices":[{"data":"Carnage","floor":7.0,"key":"SMITH"},{"data":"Inflame","floor":12.0,"key":"SMITH"},{"data":"Flame Barrier","floor":15.0,"key":"SMITH"}],"circlet_count":0,"master_deck":["AscendersBane","Strike_R","Strike_R","Strike_R","Defend_R","Defend_R","Defend_R","Defend_R","Bash","Carnage+1","Seeing Red","Inflame+1","Shockwave","Flame Barrier+1"],"relics":["Burning Blood","FossilizedHelix","Juzu Bracelet","Centennial Puzzle","Mango","Meat on the Bone"],"acts_visited":["Exordium"],"potions_floor_usage":[16],"damage_taken":[{"damage":3.0,"enemies":"2 Louse","floor":1.0,"turns":3.0},{"damage":7.0,"enemies":"Jaw Worm","floor":2.0,"turns":4.0},{"damage":0.0,"enemies":"Cultist","floor":5.0,"turns":3.0},{"damage":28.0,"enemies":"Gremlin Nob","floor":6.0,"turns":4.0},{"damage":40.0,"enemies":"3 Sentries","floor":8.0,"turns":9.0},{"damage":4.0,"enemies":"3 Louse","floor":11.0,"turns":4.0},{"damage":1.0,"enemies":"Exordium Thugs","floor":14.0,"turns":3.0},{"damage":53,"enemies":"Hexaghost","floor":16,"turns":10}],"seed_played":"1254449685261510876","potions_obtained":[{"floor":8.0,"key":"SkillPotion"},{"floor":11.0,"key":"Swift Potion"}],"is_trial":false,"path_per_floor":["M","M","?","T","M","E","R","E","T","$","M","R","?","M","R","B"],"character_chosen":"IRONCLAD","items_purchased":[],"campfire_rested":0,"item_purchase_floors":[],"current_hp_per_floor":[71,70,75,75,80,58,58,24,38,38,40,40,35,52,52,0,0],"gold":154,"neow_bonus":"REMOVE_CARD","is_daily":false,"chose_seed":false,"campfire_upgraded":3,"win_rate":0.0,"timestamp":1611580250,"path_taken":["M","M","?","?","?","E","R","E","T","$","M","R","?","M","R","BOSS"],"items_purchased_type":[],"build_version":"2020-12-22","purchased_purges":1,"victory":false,"max_hp_per_floor":[75,75,80,80,80,80,80,80,94,94,94,94,94,94,94,94,94],"card_choices":[{"not_picked":["Cleave","Armaments"],"picked":"Carnage","floor":1.0},{"not_picked":["Infernal Blade","Anger"],"picked":"Seeing Red","floor":2.0},{"not_picked":["Rage","Dropkick"],"picked":"Inflame","floor":5.0},{"not_picked":["Flex","Spot Weakness","Heavy Blade"],"picked":"SKIP","floor":6.0},{"not_picked":["Berserk","Dropkick"],"picked":"Shockwave","floor":8.0},{"not_picked":["Bloodletting","Heavy Blade","Hemokinesis"],"picked":"SKIP","floor":11.0},{"not_picked":["Disarm","Iron Wave"],"picked":"Flame Barrier","floor":14.0}],"player_experience":316465,"relics_obtained":[{"floor":4.0,"key":"FossilizedHelix"},{"floor":6.0,"key":"Juzu Bracelet"},{"floor":8.0,"key":"Centennial Puzzle"},{"floor":9.0,"key":"Mango"}],"event_choices":[{"damage_healed":0.0,"max_hp_gain":5.0,"max_hp_loss":0.0,"gold_gain":0.0,"event_name":"Big Fish","player_choice":"Donut","floor":3.0,"gold_loss":0.0,"damage_taken":0.0},{"damage_healed":0.0,"max_hp_gain":0.0,"max_hp_loss":0.0,"gold_gain":0.0,"event_name":"Scrap Ooze","player_choice":"Success","floor":13.0,"gold_loss":0.0,"damage_taken":5.0,"relics_obtained":["Meat on the Bone"]}],"is_beta":false,"boss_relics":[],"items_purged_floors":[10],"is_endless":false,"potions_floor_spawned":[8,11],"killed_by":"Hexaghost","ascension_level":20}}