{"host":"swphzoo6hmc78epl","time":1611542879,"event":{"mods":["BaseMod","Highlight Path","Minty Spire (QoL Compilation)","Quick Restart"],"gold_per_floor":[110,128,143,68,80,80,155,174,253,264,274,333,349,349,349,452,452,463,473,473,83,83,113,113,13,13,13,40,56,71,90,90,193,193,206,206,59,0,13,46,58,70,82,126,183,195,242,272,284,296,308,320,40,69,69,69],"floor_reached":55,"language":"ENG","playtime":2693,"items_purged":["Shame","Strike_G","Strike_G","Strike_G"],"score":999,"play_id":"011023c2-7f65-4e8a-b0f1-8e77e371dc19","local_time":"20210124214759","is_ascension_mode":true,"campfire_choices":[{"data":"Panache","floor":6,"key":"SMITH"},{"data":"Cloak And Dagger","floor":15,"key":"SMITH"},{"data":"After Image","floor":24,"key":"SMITH"},{"data":"Bullet Time","floor":27,"key":"SMITH"},{"floor":32,"key":"REST"},{"floor":41,"key":"RECALL"},{"data":"Blur","floor":46,"key":"SMITH"},{"data":"Backflip","floor":49,"key":"SMITH"},{"data":"Choke","floor":52,"key":"SMITH"}],"circlet_count":0,"master_deck":["Strike_G","Strike_G","Defend_G","Defend_G","Defend_G","Defend_G","Defend_G","Survivor","Neutralize","Panache+1","Slice","Cloak And Dagger+1","Predator","Expertise","Quick Slash","Choke+1","Concentrate+1","Slice","Bullet Time+1","Slice+1","Backflip","Infinite Blades","After Image+1","Accuracy+1","Backflip+1","Accuracy+1","Acrobatics+1","Tactician","Dramatic Entrance+1","Blur+1","Endless Agony+1","Dodge and Roll+1","Tools of the Trade+1"],"relics":["Ring of the Snake","Question Card","Incense Burner","WristBlade","Matryoshka","Torii","Dream Catcher","Molten Egg 2","White Beast Statue","Smiling Mask","Busted Crown","Red Mask","MawBank","Bottled Tornado","Pantograph","Tough Bandages","Frozen Egg 2","Mummified Hand","Mercury Hourglass"],"acts_visited":["Exordium","TheCity","TheBeyond","TheEnding"],"potions_floor_usage":[12,12,16,28,30,31,33,33,40,44,44,45,47,50,55,55],"damage_taken":[{"damage":1,"enemies":"Cultist","floor":1,"turns":5},{"damage":4,"enemies":"2 Louse","floor":2,"turns":2},{"damage":2,"enemies":"Jaw Worm","floor":3,"turns":4},{"damage":0,"enemies":"Exordium Thugs","floor":5,"turns":3},{"damage":0,"enemies":"3 Louse","floor":8,"turns":2},{"damage":4,"enemies":"Blue Slaver","floor":10,"turns":3},{"damage":2,"enemies":"Looter","floor":11,"turns":3},{"damage":0,"enemies":"Gremlin Nob","floor":12,"turns":2},{"damage":1,"enemies":"3 Louse","floor":13,"turns":2},{"damage":10,"enemies":"Hexaghost","floor":16,"turns":9},{"damage":7,"enemies":"3 Byrds","floor":18,"turns":4},{"damage":6,"enemies":"Spheric Guardian","floor":19,"turns":3},{"damage":0,"enemies":"Gremlin Leader","floor":23,"turns":5},{"damage":45,"enemies":"Slavers","floor":28,"turns":5},{"damage":0,"enemies":"3 Cultists","floor":29,"turns":4},{"damage":9,"enemies":"Snake Plant","floor":30,"turns":4},{"damage":2,"enemies":"Chosen and Byrds","floor":31,"turns":4},{"damage":25,"enemies":"Automaton","floor":33,"turns":8},{"damage":1,"enemies":"3 Shapes","floor":35,"turns":6},{"damage":1,"enemies":"Orb Walker","floor":39,"turns":3},{"damage":44,"enemies":"Giant Head","floor":40,"turns":7},{"damage":0,"enemies":"Reptomancer","floor":44,"turns":4},{"damage":0,"enemies":"2 Orb Walkers","floor":45,"turns":2},{"damage":0,"enemies":"Giant Head","floor":47,"turns":7},{"damage":19,"enemies":"Maw","floor":48,"turns":6},{"damage":1,"enemies":"Donu and Deca","floor":50,"turns":8},{"damage":46,"enemies":"Shield and Spear","floor":54,"turns":5},{"damage":53,"enemies":"The Heart","floor":55,"turns":2}],"seed_played":"-3768004517266869283","potions_obtained":[{"floor":2,"key":"AttackPotion"},{"floor":3,"key":"AttackPotion"},{"floor":11,"key":"Strength Potion"},{"floor":16,"key":"Strength Potion"},{"floor":18,"key":"FearPotion"},{"floor":28,"key":"FairyPotion"},{"floor":29,"key":"LiquidBronze"},{"floor":30,"key":"AttackPotion"},{"floor":31,"key":"EntropicBrew"},{"floor":40,"key":"Block Potion"},{"floor":44,"key":"DistilledChaos"},{"floor":45,"key":"Energy Potion"},{"floor":47,"key":"SpeedPotion"},{"floor":48,"key":"Poison Potion"},{"floor":54,"key":"PowerPotion"}],"is_trial":false,"path_per_floor":["M","M","M","$","M","R","?","M","T","M","M","?","M","?","R","B",null,"M","M","T","$","?","E","R","$","T","R","E","M","M","M","R","B",null,"M","?","$","?","M","E","R","?","T","E","?","R","E","M","R","B",null,"R","$","E","B"],"character_chosen":"THE_SILENT","items_purchased":["Infinite Blades","Torii","Dramatic Entrance+1","Mummified Hand"],"campfire_rested":1,"item_purchase_floors":[21,21,37,53],"current_hp_per_floor":[69,65,63,63,63,63,52,52,52,48,46,46,45,45,45,35,70,63,57,57,57,57,57,57,57,57,57,12,12,3,1,22,21,70,69,69,69,69,68,29,29,61,61,61,61,61,61,42,42,60,61,61,61,15,0,0],"gold":69,"neow_bonus":"RANDOM_COLORLESS_2","is_daily":false,"chose_seed":false,"campfire_upgraded":7,"win_rate":0.0,"timestamp":1611542879,"path_taken":["M","M","M","$","M","R","?","M","T","M","M","?","M","?","R","BOSS","M","M","?","$","?","E","R","?","T","R","E","M","?","M","R","BOSS","M","?","$","?","M","E","R","?","T","E","?","R","E","M","R","BOSS","R","$","E","BOSS"],"items_purchased_type":["Card","Relic","Card","Relic"],"build_version":"2020-12-22","purchased_purges":4,"victory":false,"max_hp_per_floor":[70,70,70,70,70,70,70,70,70,70,70,70,70,70,70,70,70,70,70,70,70,70,70,70,70,70,70,70,70,70,70,70,70,70,70,70,70,70,70,70,70,61,61,61,61,61,61,61,61,61,61,61,61,61,61,61],"card_choices":[{"not_picked":["Violence","Thinking Ahead"],"picked":"Panache","floor":0},{"not_picked":["Calculated Gamble","Heel Hook"],"picked":"Slice","floor":1},{"not_picked":["Sucker Punch","Acrobatics"],"picked":"Cloak And Dagger","floor":2},{"not_picked":["Setup","Backflip"],"picked":"Predator","floor":3},{"not_picked":["Sucker Punch","Underhanded Strike"],"picked":"Expertise","floor":5},{"not_picked":["Cloak And Dagger","Flying Knee"],"picked":"Quick Slash","floor":8},{"not_picked":["Deadly Poison","Predator","Bouncing Flask","Bane"],"picked":"SKIP","floor":10},{"not_picked":["Poisoned Stab","Underhanded Strike","Blur"],"picked":"Choke","floor":11},{"not_picked":["Setup","Poisoned Stab","Flying Knee"],"picked":"Concentrate","floor":12},{"not_picked":["Glass Knife","All Out Attack","Dagger Spray"],"picked":"Slice","floor":13},{"not_picked":["Corpse Explosion","Phantasmal Killer","Grand Finale"],"picked":"Bullet Time","floor":16},{"not_picked":["Sucker Punch+1","Underhanded Strike","Prepared"],"picked":"Slice+1","floor":18},{"not_picked":["Slice","Deadly Poison","Skewer+1"],"picked":"Backflip","floor":19},{"not_picked":["Poisoned Stab","Backflip","Deadly Poison"],"picked":"After Image","floor":23},{"not_picked":["Riddle With Holes+1","Blade Dance","Deadly Poison"],"picked":"Accuracy+1","floor":28},{"not_picked":["Well Laid Plans+1","Outmaneuver","Deflect+1"],"picked":"Backflip","floor":29},{"not_picked":["Expertise","Riddle With Holes+1","Wraith Form v2"],"picked":"Accuracy+1","floor":30},{"not_picked":["Deadly Poison","Quick Slash+1","Dodge and Roll+1"],"picked":"Acrobatics+1","floor":31},{"not_picked":["Poisoned Stab+1","Reflex","Quick Slash+1"],"picked":"Tactician","floor":32},{"not_picked":["Tools of the Trade","Die Die Die+1","Venomology"],"picked":"Wraith Form v2","floor":33},{"not_picked":["Dodge and Roll","Crippling Poison+1"],"picked":"SKIP","floor":35},{"not_picked":["Poisoned Stab+1"],"picked":"Blur","floor":39},{"not_picked":["Prepared"],"picked":"Endless Agony+1","floor":40},{"not_picked":["Bouncing Flask+1","Noxious Fumes+1"],"picked":"SKIP","floor":44},{"not_picked":["Dagger Throw+1"],"picked":"Dodge and Roll+1","floor":47},{"not_picked":["PiercingWail+1","Dagger Spray+1"],"picked":"SKIP","floor":48},{"not_picked":["Well Laid Plans+1"],"picked":"Tools of the Trade+1","floor":54}],"player_experience":836430,"relics_obtained":[{"floor":9,"key":"Question Card"},{"floor":20,"key":"Matryoshka"},{"floor":23,"key":"Dream Catcher"},{"floor":26,"key":"Molten Egg 2"},{"floor":26,"key":"White Beast Statue"},{"floor":28,"key":"Smiling Mask"},{"floor":40,"key":"MawBank"},{"floor":43,"key":"Bottled Tornado"},{"floor":44,"key":"Pantograph"},{"floor":45,"key":"Tough Bandages"},{"floor":47,"key":"Frozen Egg 2"},{"floor":54,"key":"Mercury Hourglass"}],"event_choices":[{"damage_healed":0,"gold_gain":75,"player_choice":"Gather Gold","damage_taken":11,"max_hp_gain":0,"max_hp_loss":0,"event_name":"World of Goop","floor":7,"gold_loss":0},{"damage_healed":0,"gold_gain":30,"player_choice":"Searched \u00273\u0027 times","damage_taken":0,"relics_obtained":["Incense Burner"],"max_hp_gain":0,"max_hp_loss":0,"event_name":"Dead Adventurer","floor":12,"gold_loss":0},{"damage_healed":0,"gold_gain":0,"player_choice":"Upgraded","damage_taken":0,"max_hp_gain":0,"max_hp_loss":0,"event_name":"Upgrade Shrine","floor":14,"gold_loss":0,"cards_upgraded":["Concentrate"]},{"damage_healed":0,"gold_gain":0,"player_choice":"Ignored","damage_taken":0,"max_hp_gain":0,"max_hp_loss":0,"event_name":"Vampires","floor":22,"gold_loss":0},{"cards_removed":["Wraith Form v2"],"damage_healed":0,"gold_gain":0,"player_choice":"Removed Power","damage_taken":0,"max_hp_gain":0,"max_hp_loss":0,"event_name":"Falling","floor":36,"gold_loss":0},{"damage_healed":0,"gold_gain":0,"player_choice":"Paid","damage_taken":0,"relics_obtained":["Red Mask"],"max_hp_gain":0,"max_hp_loss":0,"event_name":"Tomb of Lord Red Mask","floor":38,"gold_loss":59},{"damage_healed":61,"gold_gain":0,"player_choice":"Heal","damage_taken":0,"max_hp_gain":0,"max_hp_loss":9,"event_name":"The Moai Head","floor":42,"gold_loss":0},{"damage_healed":0,"gold_gain":0,"player_choice":"Fight","damage_taken":0,"max_hp_gain":0,"max_hp_loss":0,"event_name":"Mysterious Sphere","floor":45,"gold_loss":0}],"is_beta":false,"boss_relics":[{"not_picked":["Empty Cage","Pandora\u0027s Box"],"picked":"WristBlade"},{"not_picked":["Philosopher\u0027s Stone","Coffee Dripper"],"picked":"Busted Crown"}],"items_purged_floors":[4,25,37,53],"is_endless":false,"potions_floor_spawned":[2,3,11,16,18,28,29,30,31,33,35,39,40,44,45,47,48,54],"killed_by":"The Heart","ascension_level":4}}