{"host":"fuszjwm6fqgjjp4d","time":1611545724,"event":{"mods":["BaseMod","Bestiary","Colored Map","DeckTracker","Minty Spire (QoL Compilation)","Permanent Neow","Relic Sorter","Relic Stats","StSLib"],"gold_per_floor":[116,130,191,207,282,308,328,338,363,363,378,378,378],"floor_reached":12,"language":"ENG","playtime":391,"items_purged":[],"score":164,"play_id":"c5227644-bd59-4575-912a-e5ef6510fc37","local_time":"20210124213524","is_ascension_mode":true,"campfire_choices":[],"circlet_count":0,"master_deck":["AscendersBane","Strike_G","Strike_G","Strike_G","Defend_G","Defend_G","Defend_G","Defend_G","Survivor","Neutralize","Bane+1","Deadly Poison+1","Eviscerate+1","Backstab","Terror","Footwork","Cloak And Dagger","Deadly Poison","PiercingWail"],"relics":["Astrolabe","Art of War","Bag of Marbles"],"acts_visited":["Exordium"],"potions_floor_usage":[6,6,12],"damage_taken":[{"damage":2.0,"enemies":"Jaw Worm","floor":1.0,"turns":3.0},{"damage":0.0,"enemies":"Small Slimes","floor":2.0,"turns":2.0},{"damage":0,"enemies":"Cultist","floor":4,"turns":3},{"damage":18,"enemies":"Gremlin Nob","floor":6,"turns":4},{"damage":6,"enemies":"Lots of Slimes","floor":7,"turns":5},{"damage":5,"enemies":"3 Louse","floor":8,"turns":3},{"damage":5,"enemies":"2 Fungi Beasts","floor":11,"turns":3},{"damage":13,"enemies":"3 Sentries","floor":12,"turns":2}],"seed_played":"3261522380879323528","potions_obtained":[{"floor":1.0,"key":"EssenceOfSteel"},{"floor":4,"key":"Weak Potion"},{"floor":8,"key":"SteroidPotion"}],"is_trial":false,"path_per_floor":["M","M","?","M","?","E","M","M","T","?","M","E"],"character_chosen":"THE_SILENT","items_purchased":[],"campfire_rested":0,"item_purchase_floors":[],"current_hp_per_floor":[57,57,57,57,46,28,22,17,17,17,12,0,0],"gold":378,"neow_bonus":"BOSS_RELIC","is_daily":false,"chose_seed":false,"campfire_upgraded":0,"win_rate":0.0,"timestamp":1611545724,"path_taken":["M","M","?","M","?","E","M","M","T","?","?","E"],"items_purchased_type":[],"build_version":"2020-12-22","purchased_purges":0,"victory":false,"max_hp_per_floor":[66,66,66,66,66,66,66,66,66,66,66,66,66],"relic_stats":{"counters":[8,25],"Astrolabe":["Bane","Deadly Poison","Eviscerate"],"Art of War":[1],"obtain_stats":[{"Astrolabe":0,"Art of War":6,"Bag of Marbles":9,"Ring of the Snake":0},{"Astrolabe":0,"Art of War":4,"Bag of Marbles":6,"Ring of the Snake":0},{"Astrolabe":0,"Art of War":12,"Bag of Marbles":20,"Ring of the Snake":0}]},"card_choices":[{"not_picked":["Well Laid Plans","Acrobatics"],"picked":"Backstab","floor":1.0},{"not_picked":["Bane","Underhanded Strike"],"picked":"Terror","floor":2.0},{"not_picked":["Cloak And Dagger","Flying Knee"],"picked":"Footwork","floor":4},{"not_picked":["Bane","Quick Slash"],"picked":"Cloak And Dagger","floor":6},{"not_picked":["Distraction","Prepared"],"picked":"Deadly Poison","floor":7},{"not_picked":["Dagger Spray","Setup"],"picked":"PiercingWail","floor":8},{"not_picked":["Calculated Gamble","Slice","Concentrate"],"picked":"SKIP","floor":11}],"player_experience":1341428,"relics_obtained":[{"floor":6,"key":"Art of War"},{"floor":9,"key":"Bag of Marbles"}],"event_choices":[{"damage_healed":0.0,"max_hp_gain":0.0,"max_hp_loss":0.0,"gold_gain":61.0,"event_name":"Golden Wing","player_choice":"Gained Gold","floor":3.0,"gold_loss":0.0,"damage_taken":0.0},{"damage_healed":0,"gold_gain":75,"player_choice":"Gather Gold","damage_taken":11,"max_hp_gain":0,"max_hp_loss":0,"event_name":"World of Goop","floor":5,"gold_loss":0},{"damage_healed":0,"gold_gain":0,"player_choice":"0 cards matched","damage_taken":0,"max_hp_gain":0,"max_hp_loss":0,"event_name":"Match and Keep!","floor":10,"gold_loss":0,"cards_obtained":[]}],"is_beta":false,"boss_relics":[],"items_purged_floors":[],"is_endless":false,"potions_floor_spawned":[1,4,8],"killed_by":"3 Sentries","ascension_level":20}}