{"host":"ttx8tv95o5vka1nm","time":1611542938,"event":{"mods":["AchievementEnabler","BaseMod","Colored Map","Downfall","Infinite Spire","Minty Spire (QoL Compilation)","Shop Mod","StSLib","The Jungle"],"gold_per_floor":[99,99,113,128,303,316,316,350,369,402,429,329,351,351,371,484,484,484,508,536,611,475,475,475,494,494,504,504,504,504],"floor_reached":28,"language":"ENG","playtime":2583,"items_purged":["hexamod:Strike"],"score":257,"play_id":"e47f9bfd-780c-4d9c-bd10-523de798a7e4","local_time":"20210125124858","is_ascension_mode":false,"campfire_choices":[{"data":"hexamod:Float","floor":1,"key":"SMITH"},{"data":"hexamod:GhostOfSpirePast","floor":12,"key":"SMITH"},{"data":"hexamod:SearingWound","floor":18,"key":"SMITH"},{"floor":26,"key":"REST"}],"circlet_count":0,"master_deck":["hexamod:Strike","hexamod:Strike+1","hexamod:Strike+1","hexamod:Defend+1","hexamod:Defend","hexamod:Defend+1","hexamod:Defend","hexamod:Sear+1","hexamod:Float+1","Dark Shackles+1","hexamod:NightmareGuise","hexamod:ThirdSeal","Doubt","hexamod:FlamesFromBeyond","hexamod:GhostOfSpirePast+1","hexamod:BacktrackSmack+1","hexamod:Firestarter+1","hexamod:FastForward","hexamod:SpectralAdrenaline","hexamod:SecondSeal","hexamod:SearingWound+1","hexamod:PhantomFireball","hexamod:Hexaguard","downfall:Malfunctioning","hexamod:HeatMetal","hexamod:TimeWarp","hexamod:SixthSeal","hexamod:Hexaguard+1","hexamod:ThermalTransfer+1","hexamod:FastForward","hexamod:BacktrackSmack+1","infinitespire:Gouge","hexamod:BurningTouch+1","hexamod:EtherealExpedition+1","hexamod:Firestarter"],"relics":["hexamod:SpiritBrand","Pantograph","Vajra","downfall:HeartBlessingGreen","infinitespire:Cupcake","infinitespire:BottledMercury","MerchantsRug","Whetstone"],"acts_visited":["Exordium","TheCity"],"potions_floor_usage":[8,16,16,16,27],"damage_taken":[{"damage":1,"enemies":"Jaw Worm","floor":3,"turns":4},{"damage":0,"enemies":"2 Louse","floor":4,"turns":2},{"damage":0,"enemies":"Small Slimes","floor":6,"turns":6},{"damage":20,"enemies":"3 Sentries","floor":8,"turns":12},{"damage":7,"enemies":"Exordium Thugs","floor":9,"turns":4},{"damage":23,"enemies":"Lagavulin","floor":10,"turns":9},{"damage":1,"enemies":"2 Fungi Beasts","floor":11,"turns":4},{"damage":6,"enemies":"Exordium Wildlife","floor":13,"turns":4},{"damage":9,"enemies":"2 Fungi Beasts","floor":15,"turns":4},{"damage":19,"enemies":"WA_ARCHETYPE_RETAIN","floor":16,"turns":6},{"damage":5,"enemies":"Chosen","floor":19,"turns":3},{"damage":10,"enemies":"Spheric Guardian","floor":20,"turns":5},{"damage":0,"enemies":"downfall:FleeingMerchant","floor":22,"turns":4},{"damage":6,"enemies":"Snake Plant","floor":25,"turns":3},{"damage":45,"enemies":"3 Cultists","floor":27,"turns":6},{"damage":14,"enemies":"Nightmare","floor":28,"turns":5}],"seed_played":"504856280083260766","potions_obtained":[{"floor":3,"key":"ColorlessPotion"},{"floor":8,"key":"Strength Potion"},{"floor":9,"key":"hexamod:SoulburnPotion"},{"floor":13,"key":"FearPotion"},{"floor":19,"key":"Explosive Potion"},{"floor":21,"key":"downfall:CursedFountainPotion"},{"floor":25,"key":"Slimebound:ThreeZeroPotion"}],"is_trial":false,"path_per_floor":["R","?","M","M","?","M","T","E","M","E","M","R","M","?","M","B",null,"R","M","M","?","$","?","T","M","R","M","NM"],"character_chosen":"THE_SPIRIT","items_purchased":["infinitespire:BottledMercury","MerchantsRug"],"campfire_rested":1,"item_purchase_floors":[22,22],"current_hp_per_floor":[70,75,74,74,74,74,74,54,47,24,23,23,17,17,8,14,75,75,70,60,60,60,42,42,36,58,13,0,0,0],"gold":504,"neow_bonus":"RANDOM_COLORLESS","is_daily":false,"chose_seed":false,"campfire_upgraded":3,"win_rate":0.0,"timestamp":1611542938,"path_taken":["R","?","M","M","?","M","T","E","M","E","M","R","M","?","M","BOSS","R","M","M","?","?","?","T","?","R","M","NM"],"items_purchased_type":["Relic","Relic"],"build_version":"2020-12-22","purchased_purges":1,"victory":false,"max_hp_per_floor":[70,75,75,75,75,75,75,75,75,75,75,75,75,75,75,75,75,75,75,75,75,75,75,75,75,75,75,75,75,75],"card_choices":[{"not_picked":["Enlightenment","Impatience"],"picked":"Dark Shackles","floor":0},{"not_picked":["hexamod:HauntingEcho","hexamod:EtherealExpedition"],"picked":"hexamod:NightmareGuise","floor":3},{"not_picked":["hexamod:GhostShield","hexamod:GhostLash"],"picked":"hexamod:ThirdSeal","floor":4},{"not_picked":["hexamod:BacktrackSmack","hexamod:HeatMetal"],"picked":"hexamod:FlamesFromBeyond","floor":6},{"not_picked":["hexamod:SwordOfDarkness","hexamod:Hexaguard"],"picked":"hexamod:GhostOfSpirePast","floor":6},{"not_picked":["hexamod:ChargedBarrage","hexamod:AdvancingGuard"],"picked":"hexamod:BacktrackSmack","floor":8},{"not_picked":["hexamod:InspiringFlames","hexamod:NecessarySacrifice"],"picked":"hexamod:Firestarter","floor":8},{"not_picked":["hexamod:ExtraCrispy","hexamod:StepThrough"],"picked":"hexamod:FastForward","floor":9},{"not_picked":["hexamod:HexaLevel","hexamod:GhostLash","hexamod:Firestarter"],"picked":"SKIP","floor":9},{"not_picked":["hexamod:FastForward","hexamod:PhantomCloak"],"picked":"hexamod:SpectralAdrenaline","floor":10},{"not_picked":["hexamod:GhostLash","hexamod:HeatMetal"],"picked":"hexamod:SecondSeal","floor":10},{"not_picked":["hexamod:EtherealExpedition","hexamod:RecurringNightmare"],"picked":"hexamod:SearingWound","floor":11},{"not_picked":["hexamod:CatchUp","hexamod:EmpoweredFlame"],"picked":"hexamod:PhantomFireball","floor":11},{"not_picked":["hexamod:Again","hexamod:SwordOfDarkness"],"picked":"hexamod:Hexaguard","floor":13},{"not_picked":["hexamod:FlamesFromBeyond","hexamod:NightmareStrike","hexamod:FastForward"],"picked":"SKIP","floor":13},{"not_picked":["hexamod:FastForward","hexamod:BurningTouch"],"picked":"hexamod:HeatMetal","floor":15},{"not_picked":["hexamod:HauntingEcho","hexamod:SpectralAdrenaline","hexamod:FlamesFromBeyond"],"picked":"SKIP","floor":15},{"not_picked":["hexamod:GhostflameInferno","hexamod:GhostOfSpirePresent"],"picked":"hexamod:TimeWarp","floor":16},{"not_picked":["hexamod:ParanormalForm","hexamod:UnleashSpirits"],"picked":"hexamod:SixthSeal","floor":16},{"not_picked":["hexamod:HeatMetal","hexamod:FlamesFromBeyond+1"],"picked":"hexamod:Hexaguard+1","floor":19},{"not_picked":["hexamod:SecondSeal","hexamod:Again+1","hexamod:GhostOfSpirePast"],"picked":"SKIP","floor":19},{"not_picked":["hexamod:SecondSeal","hexamod:ShieldOfDarkness"],"picked":"hexamod:ThermalTransfer","floor":20},{"not_picked":["hexamod:GhostOfSpirePast","hexamod:HauntingEcho+1"],"picked":"hexamod:FastForward","floor":20},{"not_picked":["hexamod:HeatMetal","hexamod:UnleashSpirits"],"picked":"hexamod:BacktrackSmack","floor":22},{"not_picked":["hexamod:TurnItUp","hexamod:GhostShield","hexamod:ThermalTransfer"],"picked":"SKIP","floor":22},{"not_picked":["infinitespire:UltimateForm","infinitespire:Fortify"],"picked":"infinitespire:Gouge","floor":23},{"not_picked":["hexamod:ThermalTransfer+1","hexamod:HeatCrush"],"picked":"hexamod:BurningTouch+1","floor":25},{"not_picked":["hexamod:GhostShield","hexamod:Incineration"],"picked":"hexamod:EtherealExpedition+1","floor":27},{"not_picked":["hexamod:SwordOfDarkness","hexamod:GhostOfSpireFuture"],"picked":"hexamod:Firestarter","floor":27}],"player_experience":851137,"relics_obtained":[{"floor":7,"key":"Pantograph"},{"floor":8,"key":"Vajra"},{"floor":10,"key":"War Paint"},{"floor":24,"key":"Whetstone"}],"event_choices":[{"damage_healed":0,"gold_gain":0,"player_choice":"Donut","damage_taken":0,"max_hp_gain":5,"max_hp_loss":0,"event_name":"Big Fish","floor":2,"gold_loss":0}],"is_beta":false,"boss_relics":[{"not_picked":["SacredBark","Calling Bell"],"picked":"infinitespire:Cupcake"}],"items_purged_floors":[22],"is_endless":false,"potions_floor_spawned":[3,8,9,13,15,19,25],"killed_by":"Nightmare","ascension_level":0}}