{"host":"uv5ws9rdk87e8i5k","time":1611547730,"event":{"mods":["AchievementEnabler","BaseMod","Colored Map","Minty Spire (QoL Compilation)","StSLib","SuperFastMode","The Necromancer"],"gold_per_floor":[12,32,48,48,73,113,113,113,113,113,154,170,170,170],"floor_reached":13,"language":"ENG","playtime":311,"items_purged":[],"score":114,"play_id":"67b6441e-1500-46d3-8707-6e1e13d50cad","local_time":"20210124220850","is_ascension_mode":true,"campfire_choices":[{"data":"Summon_Lich","floor":8,"key":"SMITH"},{"data":"Shade_Step","floor":10,"key":"SMITH"}],"circlet_count":0,"master_deck":["Strike_W","Strike_W","Strike_W","Strike_W","Defend_W","Defend_W","Defend_W","Defend_W","Negative_Energy_Arrows","Bone_Wall","Blood_Whip","Bone_Armor","Stop_Heart","Summon_Lich+1","Shade_Step+1","Spectral_Walk"],"relics":["Vampire_Amulet","Ice Cream","Golden Idol","MealTicket","Smiling Mask","Pear","Frozen Egg 2"],"acts_visited":["Exordium"],"potions_floor_usage":[5,12],"damage_taken":[{"damage":0,"enemies":"Small Slimes","floor":1,"turns":3},{"damage":8,"enemies":"Jaw Worm","floor":2,"turns":4},{"damage":1,"enemies":"2 Louse","floor":3,"turns":3},{"damage":5,"enemies":"2 Fungi Beasts","floor":5,"turns":5},{"damage":15,"enemies":"Gremlin Nob","floor":6,"turns":4},{"damage":16,"enemies":"3 Sentries","floor":11,"turns":5},{"damage":18,"enemies":"Exordium Wildlife","floor":12,"turns":6},{"damage":55,"enemies":"Gremlin Nob","floor":13,"turns":5}],"seed_played":"-2027017856285915108","potions_obtained":[{"floor":1,"key":"LiquidMemories"},{"floor":2,"key":"Weak Potion"},{"floor":3,"key":"Ancient Potion"},{"floor":12,"key":"Block Potion"}],"is_trial":false,"path_per_floor":["M","M","M","?","M","E","T","R","T","R","E","M","E"],"character_chosen":"NECROMANCER","items_purchased":[],"campfire_rested":0,"item_purchase_floors":[],"current_hp_per_floor":[75,69,72,54,53,40,40,40,50,50,40,26,0,0],"gold":170,"neow_bonus":"ONE_RARE_RELIC","is_daily":false,"chose_seed":false,"campfire_upgraded":2,"win_rate":0.0,"timestamp":1611547730,"path_taken":["M","M","M","?","M","E","?","R","T","R","E","M","E"],"items_purchased_type":[],"build_version":"2020-12-22","purchased_purges":0,"victory":false,"max_hp_per_floor":[75,75,75,75,75,75,75,75,85,85,85,85,85,85],"card_choices":[{"not_picked":["Blood_Is_Power","Chill_Blood"],"picked":"Blood_Whip","floor":1},{"not_picked":["Pandemic","Chill_Blood"],"picked":"Bone_Armor","floor":2},{"not_picked":["Bone_Bullets","Life_Drain"],"picked":"Stop_Heart","floor":3},{"not_picked":["Deaths_Shadow","Vampiric_Strike"],"picked":"Summon_Lich","floor":5},{"not_picked":["Whirlwind_of_Bones","Bones_to_Steel"],"picked":"Shade_Step","floor":6},{"not_picked":["Uncharnel","Toxic_Smoke_Screen"],"picked":"Spectral_Walk","floor":11},{"not_picked":["Toxic_Smoke_Screen","Death_Coil","Shade_Step"],"picked":"SKIP","floor":12}],"player_experience":255779,"relics_obtained":[{"floor":6,"key":"MealTicket"},{"floor":7,"key":"Smiling Mask"},{"floor":9,"key":"Pear"},{"floor":11,"key":"Frozen Egg 2"}],"event_choices":[{"damage_healed":0,"gold_gain":0,"player_choice":"Take Damage","damage_taken":18,"relics_obtained":["Golden Idol"],"max_hp_gain":0,"max_hp_loss":0,"event_name":"Golden Idol","floor":4,"gold_loss":0}],"is_beta":false,"boss_relics":[],"items_purged_floors":[],"is_endless":false,"potions_floor_spawned":[1,2,3,12],"killed_by":"Gremlin Nob","ascension_level":4}}