{"host":"e5rkqgceakcp3dm7","time":1611569141,"event":{"mods":["A Magickal Journey","Act Like it!","Arknights The Spire","BaseMod","Better Vampires","Gensokyo","Hallownest","Lobotomy","LobotomyExtend","Minty Spire (QoL Compilation)","Remilia£®¿Ÿ√◊¿Ú—«£©","StSLib","The Bug Knight","Youmu£®ªÍ∆«—˝√Œ£©"],"gold_per_floor":[110,122,133,308,323,323,336,352,429,429,429,429,444,488,488,612,612,612,612],"floor_reached":18,"language":"ZHS","playtime":2963,"items_purged":[],"score":164,"play_id":"25edfe81-9edf-42b6-972a-741e779322da","local_time":"20210125180541","is_ascension_mode":false,"campfire_choices":[{"data":"ats:Emotion Absorption","floor":11,"key":"SMITH"},{"data":"ats:Beaten Up","floor":15,"key":"SMITH"}],"circlet_count":0,"master_deck":["ats:Strike C","ats:Strike S","ats:Strike V","ats:Defend","ats:Defend","ats:Defend","ats:Emotion Absorption+1","ats:Red Shift","OSAHOGD","ats:Sashimi Platter","DreamingCurrent","BigBadWolf","Doubt","MHz","ats:Apocalypse","QueenOfHatred","ats:Blood Oath","OldLady","Injury","Good Instincts","LittleHelper","ats:Beaten Up+1","CherryBlossoms","ats:Blood Oath","GreedKing","ats:Disruption Kick"],"relics":["ats:Sanity","CogitoBucket","LetterFromLob","Gaze_r","AspirationHeart","AntiCross","Golden Idol","ats:Originium","Mummified Hand","Sozu"],"acts_visited":["Exordium","Exordium"],"potions_floor_usage":[6],"damage_taken":[{"damage":15,"enemies":"Cultist","floor":1,"turns":4},{"damage":7,"enemies":"2 Louse","floor":2,"turns":2},{"damage":8,"enemies":"Small Slimes","floor":3,"turns":3},{"damage":24,"enemies":"3 Louse","floor":5,"turns":4},{"damage":50,"enemies":"3 Sentries","floor":6,"turns":8},{"damage":35,"enemies":"Red Slaver","floor":7,"turns":7},{"damage":105,"enemies":"Blue Slaver","floor":8,"turns":12},{"damage":11,"enemies":"Looter","floor":13,"turns":3},{"damage":44,"enemies":"3 Sentries","floor":14,"turns":7},{"damage":66,"enemies":"Hexaghost","floor":16,"turns":8},{"damage":54,"enemies":"Gensokyo:CosmicMonolith","floor":18,"turns":5}],"seed_played":"-8906066686437347583","potions_obtained":[{"floor":1,"key":"Block Potion"},{"floor":8,"key":"SneckoOil"},{"floor":16,"key":"DistilledChaos"}],"is_trial":false,"path_per_floor":["M","M","M","?","M","E","M","M","T","?","R","?","M","E","R","B",null,"M"],"character_chosen":"DOCTOR_CLASS","items_purchased":[],"campfire_rested":0,"item_purchase_floors":[],"current_hp_per_floor":[57,50,66,66,66,67,66,68,68,68,68,68,82,82,82,72,82,50,50],"gold":612,"neow_bonus":"","is_daily":false,"chose_seed":false,"campfire_upgraded":2,"win_rate":0.0,"timestamp":1611569141,"path_taken":["M","?","M","?","M","E","M","M","T","?","R","?","?","E","R","BOSS","M"],"items_purchased_type":[],"build_version":"2020-12-22","purchased_purges":0,"victory":false,"max_hp_per_floor":[72,72,72,72,72,72,72,82,82,82,82,82,82,82,82,82,82,82,82],"card_choices":[{"not_picked":["ats:Curse Doll","ats:Serious Mode"],"picked":"ats:Red Shift","floor":1},{"not_picked":["FairyFestival","Porccubus"],"picked":"OSAHOGD","floor":1},{"not_picked":["ats:Hammer On","ats:Consecutive Shot Auto"],"picked":"ats:Sashimi Platter","floor":2},{"not_picked":["CherryBlossoms","UniverseFragment"],"picked":"DreamingCurrent","floor":2},{"not_picked":["ats:Revitalization","ats:Cat Scratch"],"picked":"ats:Phantom","floor":3},{"not_picked":["Freischutz","MHz"],"picked":"BigBadWolf","floor":3},{"not_picked":["ats:Guardian Obelisk","ats:Thermite Blade"],"picked":"ats:Calcification","floor":5},{"not_picked":["SpiderBud","BeautyBeast"],"picked":"MHz","floor":5},{"not_picked":["ats:Consecutive Shot Auto","ats:Poison Spread"],"picked":"ats:Apocalypse","floor":7},{"not_picked":["Bloodbath","WallGazer"],"picked":"QueenOfHatred","floor":7},{"not_picked":["ats:Poison Spread","ats:Red Shift"],"picked":"ats:Blood Oath","floor":8},{"not_picked":["CENSORED","Woodsman"],"picked":"OldLady","floor":8},{"not_picked":["BlueStar","HeroicMonk"],"picked":"LittleHelper","floor":13},{"not_picked":["ats:Neurotoxin","ats:Flexible Camouflage"],"picked":"ats:Beaten Up","floor":13},{"not_picked":["Bloodbath","QueenBee"],"picked":"CherryBlossoms","floor":14},{"not_picked":["ats:Flexible Camouflage","ats:Explosion Area Strengthen"],"picked":"ats:Blood Oath","floor":14},{"not_picked":["FieryBird","LittlePrince"],"picked":"GreedKing","floor":16},{"not_picked":["ats:Wolf Pack","ats:Calcification"],"picked":"ats:Disruption Kick","floor":16}],"player_experience":201781,"relics_obtained":[{"floor":1,"key":"LetterFromLob"},{"floor":9,"key":"AntiCross"},{"floor":14,"key":"ats:Originium"},{"floor":14,"key":"Mummified Hand"}],"event_choices":[{"damage_healed":0,"gold_gain":175,"player_choice":"AGREE","damage_taken":0,"max_hp_gain":0,"max_hp_loss":0,"event_name":"Liars Game","floor":4,"gold_loss":0,"cards_obtained":["Doubt"]},{"damage_healed":0,"gold_gain":0,"player_choice":"Take Wound","damage_taken":0,"relics_obtained":["Golden Idol"],"max_hp_gain":0,"max_hp_loss":0,"event_name":"Golden Idol","floor":10,"gold_loss":0,"cards_obtained":["Injury"]},{"damage_healed":0,"gold_gain":0,"player_choice":"1 cards matched","damage_taken":0,"max_hp_gain":0,"max_hp_loss":0,"event_name":"Match and Keep!","floor":12,"gold_loss":0,"cards_obtained":["Good Instincts"]}],"is_beta":false,"boss_relics":[{"not_picked":["Empty Cage","Fusion Hammer"],"picked":"Sozu"}],"items_purged_floors":[],"is_endless":false,"potions_floor_spawned":[1,6,8,16],"killed_by":"Gensokyo:CosmicMonolith","ascension_level":0}}