{"host":"39i3emxub3h8uyq3","time":1611534498,"event":{"mods":["AchievementEnabler","BaseMod","Clockwork Mod","Colored Map","Downfall","Glutton Mod","Gold Saver","Minty Spire (QoL Compilation)","StSLib","TheHeartMod"],"gold_per_floor":[366,83,50,66,77,110,110,110,110,120,85,102,102,54,54,155,155,173,186,186,186,186],"floor_reached":21,"language":"ENG","playtime":1220,"items_purged":[],"score":204,"play_id":"9b4e6321-61d8-4983-8126-0129533d2c33","local_time":"20210124192818","is_ascension_mode":false,"campfire_choices":[{"floor":15,"key":"REST"}],"circlet_count":0,"master_deck":["Strike_G","Strike_G","Strike_G","Strike_G","Strike_G","Defend_G","Defend_G","Defend_G","Defend_G","Defend_G","Survivor","Neutralize","A Thousand Cuts","Noxious Fumes+1","Noxious Fumes","Dagger Spray","Deflect","Terror","Bane","Distraction","Noxious Fumes","Poisoned Stab","Slice","Envenom","Noxious Fumes+1","Outmaneuver"],"relics":["Ring of the Snake","Lee\u0027s Waffle","Bird Faced Urn","Unceasing Top","SlaversCollar","Sundial"],"acts_visited":["Exordium","TheCity"],"potions_floor_usage":[16],"damage_taken":[{"damage":6,"enemies":"2 Louse","floor":1,"turns":2},{"damage":7,"enemies":"Jaw Worm","floor":4,"turns":5},{"damage":4,"enemies":"Cultist","floor":5,"turns":4},{"damage":25,"enemies":"Gremlin Nob","floor":6,"turns":5},{"damage":10,"enemies":"Lots of Slimes","floor":10,"turns":2},{"damage":19,"enemies":"Gremlin Gang","floor":12,"turns":3},{"damage":32,"enemies":"The Guardian","floor":16,"turns":8},{"damage":19,"enemies":"3 Byrds","floor":18,"turns":4},{"damage":33,"enemies":"Spheric Guardian","floor":19,"turns":6},{"damage":49,"enemies":"Cultist and Chosen","floor":21,"turns":5}],"seed_played":"-9007351222882808586","potions_obtained":[{"floor":1,"key":"Weak Potion"},{"floor":4,"key":"Swift Potion"},{"floor":6,"key":"BlessingOfTheForge"},{"floor":16,"key":"Ancient Potion"}],"is_trial":false,"path_per_floor":["M","$","?","M","M","E","?","?","T","M","$","M","?","$","R","B",null,"M","M","T","M"],"character_chosen":"THE_SILENT","items_purchased":["Lee\u0027s Waffle","Noxious Fumes","Dagger Spray","Noxious Fumes","Slice"],"campfire_rested":1,"item_purchase_floors":[2,2,2,11,14],"current_hp_per_floor":[64,77,77,70,66,41,41,41,41,35,35,22,22,22,45,21,77,60,35,35,0,0],"gold":186,"neow_bonus":"ONE_RANDOM_RARE_CARD","is_daily":false,"chose_seed":false,"campfire_upgraded":0,"win_rate":0.0,"timestamp":1611534498,"path_taken":["M","$","?","M","M","E","?","?","T","M","?","M","?","$","R","BOSS","M","M","?","?"],"items_purchased_type":["Relic","Card","Card","Card","Card"],"build_version":"2020-12-22","purchased_purges":0,"victory":false,"max_hp_per_floor":[70,77,77,77,77,77,77,77,77,77,77,77,77,77,77,77,77,77,77,77,77,77],"card_choices":[{"not_picked":["Sucker Punch","Deadly Poison"],"picked":"Noxious Fumes","floor":1},{"not_picked":["Acrobatics","Tactician"],"picked":"Deflect","floor":4},{"not_picked":["Quick Slash","Acrobatics"],"picked":"Terror","floor":5},{"not_picked":["Finisher","Phantasmal Killer"],"picked":"Bane","floor":6},{"not_picked":["Underhanded Strike","Choke"],"picked":"Distraction","floor":10},{"not_picked":["Dagger Spray","Blur"],"picked":"Poisoned Stab","floor":12},{"not_picked":["Malaise","Phantasmal Killer"],"picked":"Envenom","floor":16},{"not_picked":["Dagger Throw+1","Bane"],"picked":"Noxious Fumes+1","floor":18},{"not_picked":["Prepared","After Image"],"picked":"Outmaneuver","floor":19}],"player_experience":46990,"relics_obtained":[{"floor":6,"key":"Bird Faced Urn"},{"floor":9,"key":"Unceasing Top"},{"floor":20,"key":"Sundial"}],"event_choices":[{"damage_healed":0,"gold_gain":0,"player_choice":"Left Gold","damage_taken":0,"max_hp_gain":0,"max_hp_loss":0,"event_name":"World of Goop","floor":3,"gold_loss":33},{"damage_healed":0,"gold_gain":0,"player_choice":"Grow","damage_taken":0,"max_hp_gain":0,"max_hp_loss":0,"event_name":"Living Wall","floor":7,"gold_loss":0,"cards_upgraded":["Noxious Fumes"]},{"damage_healed":0,"gold_gain":0,"player_choice":"Ignored","damage_taken":0,"max_hp_gain":0,"max_hp_loss":0,"event_name":"Golden Wing","floor":8,"gold_loss":0},{"damage_healed":0,"gold_gain":0,"player_choice":"Ignored","damage_taken":0,"max_hp_gain":0,"max_hp_loss":0,"event_name":"Purifier","floor":13,"gold_loss":0}],"is_beta":false,"boss_relics":[{"not_picked":["HoveringKite","Coffee Dripper"],"picked":"SlaversCollar"}],"items_purged_floors":[],"is_endless":false,"potions_floor_spawned":[1,4,6,12,16,19],"killed_by":"Cultist and Chosen","ascension_level":0}}