{"host":"roto7j7840a50pxh","time":1611569112,"event":{"mods":["Act Like it!","BaseMod","Better Altar","Better Note","Better Sensory Stone","Better Skull","Better Third Choice","BetterRewards","Colored Map","Colored Powertips","Downfall","Hermit","Highlight Path","Hubris","Infinite Spire","Minty Spire (QoL Compilation)","Robot Space Explorer","Shade Mod","Spicy Shops","StSLib","The Cursed","The Dragon Tamer","The Hierophant","The Necromancer","The Runesmith","The Servant 0.9.4","TheVacant"],"gold_per_floor":[115,128,128,148,159,190,190,219,243,265,291,391,391,410,410,515,515,534,543,543,91,118,118,141,176,253,281,308,308,328,337,337,448,448,467,485,485,321,348,348,348,348,348,395,404,404,404,433,433,433],"floor_reached":51,"language":"ENG","playtime":8912,"items_purged":[],"score":1168,"play_id":"49f0801f-b979-4519-819b-597b68982a25","local_time":"20210125050512","is_ascension_mode":true,"metric_token":1747,"campfire_choices":[{"floor":7.0,"key":"REST"},{"data":"DTMod:BlazingStrike","floor":13.0,"key":"SMITH"},{"floor":15.0,"key":"REST"},{"floor":23.0,"key":"REST"},{"floor":29.0,"key":"REST"},{"floor":32.0,"key":"REST"},{"floor":40.0,"key":"DIG"},{"floor":42.0,"key":"DIG"},{"floor":47.0,"key":"DIG"},{"floor":49.0,"key":"REST"}],"dtmod_dragon_data":[1,50,1,1,13,9],"circlet_count":0,"master_deck":["DTMod:Strike","DTMod:Strike","DTMod:DoubleHit","DTMod:TargetDefense","DTMod:TargetDefense","DTMod:TargetDefense","DTMod:TargetDefense","DTMod:SwitchingTactic","DTMod:HeatWave","DTMod:BlazingStrike+1","DTMod:Weaken","DTMod:RunningTactic","DTMod:Hide","DTMod:ComboAttack","DTMod:RecklessFlurry","DTMod:TauntingStrike+1","DTMod:MasterPlan","DTMod:QuickFly+1","DTMod:Punisher","DTMod:ShieldDrain","DTMod:ComboAttack","DTMod:BurningEnergy","DTMod:FlameSlash","DTMod:Prediction","DTMod:BreakAttack","DTMod:OpeningTactic","DTMod:InvisibleFlame+1","RobotSpaceExplorer:TrailblazerForm","DTMod:Weaken","DTMod:MagiciansMark","DTMod:Adaptation","DTMod:Observe+1","DTMod:ComboAttack","DTMod:TriAttack","DTMod:ShieldDrain+1","DTMod:BlazingStrike","DTMod:BlazingStrike","DTMod:HeadStart","DTMod:BizarreTactic","infinitespire:Collect","infinitespire:Punishment","DTMod:TagTeam","DTMod:BurningForce","DTMod:Threaten","infinitespire:Fortify","DTMod:RecklessFlurry","Pain","DTMod:BreakAttack"],"relics":["DTMod:PactStone","infinitespire:WardingShard","DTMod:TacticalNote","DTMod:MindBender","Medical Kit","Bronze Scales","Vajra","CeramicFish","hubris:HollowSoul","Nilry\u0027s Codex","Bottled Flame","Shovel","FossilizedHelix","infinitespire:EmpoweringShard","Empty Cage","Bag of Preparation","Ancient Tea Set","Whetstone","Letter Opener","Juzu Bracelet","WarpedTongs","hubris:TinFlute"],"acts_visited":["Exordium","TheCity","TheBeyond"],"potions_floor_usage":[],"damage_taken":[{"damage":0.0,"enemies":"Small Slimes","floor":1.0,"turns":3.0},{"damage":0.0,"enemies":"Cultist","floor":2.0,"turns":3.0},{"damage":0.0,"enemies":"Jaw Worm","floor":4.0,"turns":3.0},{"damage":0.0,"enemies":"Looter","floor":5.0,"turns":2.0},{"damage":0.0,"enemies":"Gremlin Nob","floor":6.0,"turns":3.0},{"damage":8.0,"enemies":"Lagavulin","floor":8.0,"turns":5.0},{"damage":0.0,"enemies":"Blue Slaver","floor":10.0,"turns":2.0},{"damage":0.0,"enemies":"Large Slime","floor":11.0,"turns":3.0},{"damage":0.0,"enemies":"Exordium Thugs","floor":14.0,"turns":4.0},{"damage":19.0,"enemies":"Slime Boss","floor":16.0,"turns":9.0},{"damage":0.0,"enemies":"Shell Parasite","floor":18.0,"turns":3.0},{"damage":0.0,"enemies":"Chosen","floor":22.0,"turns":5.0},{"damage":0.0,"enemies":"Shelled Parasite and Fungi","floor":24.0,"turns":3.0},{"damage":26.0,"enemies":"Gremlin Leader","floor":25.0,"turns":5.0},{"damage":0.0,"enemies":"Snecko","floor":27.0,"turns":4.0},{"damage":0.0,"enemies":"Snake Plant","floor":28.0,"turns":3.0},{"damage":0.0,"enemies":"Centurion and Healer","floor":30.0,"turns":6.0},{"damage":17.0,"enemies":"Collector","floor":33.0,"turns":11.0},{"damage":0.0,"enemies":"3 Darklings","floor":35.0,"turns":4.0},{"damage":0.0,"enemies":"3 Shapes","floor":39.0,"turns":3.0},{"damage":0.0,"enemies":"Nightmare","floor":44.0,"turns":8.0},{"damage":0.0,"enemies":"Spire Growth","floor":48.0,"turns":4.0},{"damage":13,"enemies":"infinitespire:MassOfShapes","floor":50,"turns":10}],"seed_played":"-4590809183583816905","potions_obtained":[{"floor":2.0,"key":"infinitespire:BlackPotion"},{"floor":3.0,"key":"Block Potion"},{"floor":3.0,"key":"Fire Potion"},{"floor":3.0,"key":"LiquidMemories"},{"floor":18.0,"key":"ColorlessPotion"},{"floor":25.0,"key":"Weak Potion"},{"floor":30.0,"key":"Ancient Potion"},{"floor":33.0,"key":"bronze:BurnAndBuffPotion"}],"is_trial":false,"path_per_floor":["M","M","?","M","M","E","R","E","T","M","M","?","R","M","R","B",null,"M","?","?","$","M","R","M","E","T","M","M","R","M","?","R","B",null,"M","AVR","?","$","M","R","?","R","T","NM","?","?","R","M","R","B",null],"character_chosen":"THE_DT","items_purchased":["infinitespire:WardingShard","DTMod:TacticalNote","DTMod:HeatWave","DTMod:BlazingStrike","DTMod:Weaken","DTMod:MindBender","DTMod:RunningTactic","DTMod:Hide","DTMod:ComboAttack","Medical Kit","Bottled Flame","Shovel","DTMod:Weaken","DTMod:MagiciansMark","DTMod:Adaptation","DTMod:TagTeam","DTMod:BurningForce"],"campfire_rested":6,"item_purchase_floors":[0,0,0,0,0,0,0,0,0,0,21,21,21,21,21,38,38],"current_hp_per_floor":[19,19,19,19,19,19,32,24,24,24,24,24,24,24,37,18,45,45,45,29,29,29,42,42,16,16,16,16,29,29,29,42,25,45,45,45,45,45,45,45,45,45,45,45,45,45,45,45,45,32],"gold":433,"neow_bonus":"","is_daily":false,"chose_seed":false,"campfire_upgraded":1,"win_rate":0.0,"timestamp":1611569112,"path_taken":["M","M","?","M","?","E","R","E","T","M","M","?","R","M","R","BOSS","M","?","?","$","M","R","M","E","T","M","M","R","M","?","R","BOSS","M","AVR","?","?","M","R","?","R","T","NM","?","?","R","M","R","BOSS"],"items_purchased_type":["Relic","Relic","Card","Card","Card","Relic","Card","Card","Card","Relic","Relic","Relic","Card","Card","Card","Card","Card"],"build_version":"2020-12-22","purchased_purges":0,"victory":true,"max_hp_per_floor":[45,45,45,45,45,45,45,45,45,45,45,45,45,45,45,45,45,45,45,45,45,45,45,45,45,45,45,45,45,45,45,45,45,45,45,45,45,45,45,45,45,45,45,45,45,45,45,45,45,45],"card_choices":[{"not_picked":["DTMod:Hide","DTMod:BurningEnergy"],"picked":"DTMod:MasterPlan","floor":1.0},{"not_picked":["DTMod:WarmUp","DTMod:Hide"],"picked":"DTMod:QuickFly","floor":2.0},{"not_picked":["DTMod:MasterPlan","DTMod:BuildUp"],"picked":"DTMod:Punisher","floor":4.0},{"not_picked":["DTMod:Haste","DTMod:MagicField"],"picked":"DTMod:ShieldDrain","floor":5.0},{"not_picked":["DTMod:BalancedStrike","DTMod:MasterPlan"],"picked":"DTMod:ComboAttack","floor":6.0},{"not_picked":["DTMod:MagicField","DTMod:Observe"],"picked":"DTMod:BurningEnergy","floor":8.0},{"not_picked":["DTMod:BurningEnergy","DTMod:Threaten"],"picked":"DTMod:FlameSlash","floor":10.0},{"not_picked":["DTMod:ComboAttack","DTMod:BreakAttack"],"picked":"DTMod:Prediction","floor":11.0},{"not_picked":["DTMod:Shift","DTMod:BlazingStrike"],"picked":"DTMod:BreakAttack","floor":14.0},{"not_picked":["DTMod:ShadowImage","DTMod:Multitask"],"picked":"DTMod:OpeningTactic","floor":16.0},{"not_picked":["DTMod:Threaten","DTMod:CrossStep+1"],"picked":"DTMod:InvisibleFlame+1","floor":18.0},{"not_picked":["DTMod:LastStand","DTMod:QuickFly"],"picked":"DTMod:Observe+1","floor":22.0},{"not_picked":["DTMod:Outburst","DTMod:MaximumCharge"],"picked":"DTMod:ComboAttack","floor":24.0},{"not_picked":["DTMod:Threaten","DTMod:Punisher+1"],"picked":"DTMod:TriAttack","floor":25.0},{"not_picked":["DTMod:BuildUp","DTMod:BizarreTactic+1"],"picked":"DTMod:ShieldDrain+1","floor":27.0},{"not_picked":["DTMod:Conduct","DTMod:RecklessFlurry"],"picked":"DTMod:BlazingStrike","floor":28.0},{"not_picked":["DTMod:MagicField","DTMod:Training"],"picked":"DTMod:BlazingStrike","floor":30.0},{"not_picked":["DTMod:TriAttack","DTMod:ShadowImage"],"picked":"DTMod:HeadStart","floor":33.0},{"not_picked":["DTMod:BurningEnergy","DTMod:RunningTactic"],"picked":"DTMod:BizarreTactic","floor":35.0},{"not_picked":["DTMod:HeatWave+1","DTMod:BuildUp+1"],"picked":"DTMod:Threaten","floor":39.0},{"not_picked":["hubris:Rewind","infinitespire:Menacing"],"picked":"infinitespire:Fortify","floor":44.0},{"not_picked":["DTMod:StarRain","DTMod:Weaken"],"picked":"DTMod:RecklessFlurry","floor":44.0},{"not_picked":["DTMod:BuildUp+1","DTMod:OpeningTactic"],"picked":"DTMod:BreakAttack","floor":48.0}],"player_experience":1636574,"relics_obtained":[{"floor":6.0,"key":"Bronze Scales"},{"floor":8.0,"key":"Vajra"},{"floor":9.0,"key":"CeramicFish"},{"floor":20.0,"key":"Nilry\u0027s Codex"},{"floor":25.0,"key":"FossilizedHelix"},{"floor":26.0,"key":"infinitespire:EmpoweringShard"},{"floor":40.0,"key":"Ancient Tea Set"},{"floor":42.0,"key":"Whetstone"},{"floor":43.0,"key":"Letter Opener"},{"floor":44.0,"key":"Juzu Bracelet"},{"floor":47.0,"key":"hubris:TinFlute"}],"event_choices":[{"damage_healed":0.0,"max_hp_gain":0.0,"max_hp_loss":0.0,"gold_gain":0.0,"event_name":"Lab","player_choice":"Got Potions","floor":3.0,"gold_loss":0.0,"damage_taken":0.0},{"damage_healed":0.0,"max_hp_gain":0.0,"max_hp_loss":0.0,"gold_gain":100.0,"event_name":"Wheel of Change","player_choice":"Gold","floor":12.0,"gold_loss":0.0,"damage_taken":0.0},{"cards_removed":["DTMod:ShieldDrain"],"damage_healed":0.0,"max_hp_gain":0.0,"max_hp_loss":0.0,"gold_gain":0.0,"event_name":"betterNote:BetterNote","player_choice":"Take \u0026 Give","floor":19.0,"gold_loss":0.0,"damage_taken":0.0,"cards_obtained":["RobotSpaceExplorer:TrailblazerForm"]},{"damage_healed":0.0,"max_hp_gain":0.0,"max_hp_loss":0.0,"gold_gain":0.0,"event_name":"Cursed Tome","player_choice":"Obtained Book","floor":20.0,"gold_loss":0.0,"damage_taken":16.0},{"damage_healed":0.0,"max_hp_gain":0.0,"max_hp_loss":0.0,"gold_gain":0.0,"event_name":"betterAltar:BetterAltar","player_choice":" Defy","floor":31.0,"gold_loss":0.0,"damage_taken":0.0,"cards_obtained":["Decay"]},{"damage_healed":0.0,"max_hp_gain":0.0,"max_hp_loss":0.0,"gold_gain":0.0,"event_name":"Mysterious Sphere","player_choice":"Ignored","floor":37.0,"gold_loss":0.0,"damage_taken":0.0},{"cards_removed":["DTMod:Strike"],"damage_healed":0.0,"max_hp_gain":0.0,"max_hp_loss":0.0,"gold_gain":0.0,"event_name":"Falling","player_choice":"Removed Attack","floor":41.0,"gold_loss":0.0,"damage_taken":0.0},{"damage_healed":0.0,"max_hp_gain":0.0,"max_hp_loss":0.0,"gold_gain":0.0,"event_name":"Accursed Blacksmith","player_choice":"Rummage","floor":45.0,"gold_loss":0.0,"damage_taken":0.0,"relics_obtained":["WarpedTongs"],"cards_obtained":["Pain"]}],"is_beta":false,"boss_relics":[{"not_picked":["hubris:GrandSneckoEye","Runic Dome"],"picked":"hubris:HollowSoul"},{"not_picked":["hubris:TerracottaHorce","Philosopher\u0027s Stone"],"picked":"Empty Cage"}],"items_purged_floors":[],"is_endless":false,"potions_floor_spawned":[2,4,5,18,25,30,33,39],"ascension_level":4}}