{"host":"edc6wmn2qug8wnvl","time":1611561566,"event":{"mods":["AchievementEnabler","BaseMod","Colored Map","Colored Powertips","Minty Spire (QoL Compilation)","StSLib"],"gold_per_floor":[116,136,149,149,167,167,242,20,20,20,20,38,50,15,15,114,114,130,130,130,130,144,144,164,164,464,464,479,22,39,57,57,57,57],"floor_reached":33,"language":"ENG","playtime":1778,"items_purged":[],"score":239,"play_id":"45495c1a-f521-43af-a589-f23d1d8ad6f7","local_time":"20210124235926","is_ascension_mode":false,"campfire_choices":[{"data":"White Noise","floor":6,"key":"SMITH"},{"data":"Fusion","floor":10,"key":"SMITH"},{"data":"Conserve Battery","floor":15,"key":"SMITH"},{"data":"Sunder","floor":23,"key":"SMITH"},{"floor":25,"key":"REST"},{"floor":27,"key":"REST"},{"floor":32,"key":"REST"}],"circlet_count":0,"master_deck":["Strike_B","Strike_B","Strike_B","Strike_B","Defend_B","Defend_B","Defend_B","Defend_B","Zap","Dualcast","Hologram","White Noise+1","Darkness","Conserve Battery+1","Fusion+1","Undo","Hologram","Echo Form","Sunder+1","Necronomicurse","BootSequence","Buffer","BootSequence","White Noise"],"relics":["Cracked Core","NeowsBlessing","Kunai","Chemical X","InkBottle","Runic Pyramid","Necronomicon","Boot","Old Coin","Frozen Eye","Meat on the Bone"],"acts_visited":["Exordium","TheCity"],"potions_floor_usage":[5,12,16,31,33,33],"damage_taken":[{"damage":0,"enemies":"Small Slimes","floor":1,"turns":1},{"damage":0,"enemies":"2 Louse","floor":2,"turns":1},{"damage":0,"enemies":"Cultist","floor":3,"turns":1},{"damage":1,"enemies":"Large Slime","floor":5,"turns":5},{"damage":0,"enemies":"Looter","floor":12,"turns":4},{"damage":4,"enemies":"Exordium Wildlife","floor":13,"turns":5},{"damage":31,"enemies":"Hexaghost","floor":16,"turns":9},{"damage":17,"enemies":"3 Byrds","floor":18,"turns":4},{"damage":2,"enemies":"Spheric Guardian","floor":22,"turns":3},{"damage":10,"enemies":"Centurion and Healer","floor":24,"turns":5},{"damage":19,"enemies":"Snake Plant","floor":28,"turns":5},{"damage":12,"enemies":"Snecko","floor":30,"turns":6},{"damage":0,"enemies":"Centurion and Healer","floor":31,"turns":6},{"damage":65,"enemies":"Automaton","floor":33,"turns":10}],"seed_played":"-5634033731801248754","potions_obtained":[{"floor":2,"key":"SkillPotion"},{"floor":5,"key":"Energy Potion"},{"floor":13,"key":"EssenceOfDarkness"},{"floor":24,"key":"Ancient Potion"},{"floor":31,"key":"DuplicationPotion"}],"is_trial":false,"path_per_floor":["M","M","M","?","M","R","?","$","T","R","?","M","M","?","R","B",null,"M","?","?","?","M","R","M","R","T","R","M","$","M","M","R","B"],"character_chosen":"DEFECT","items_purchased":["Fusion","Chemical X","Frozen Eye","Meat on the Bone","Energy Potion"],"campfire_rested":3,"item_purchase_floors":[8,8,29,29,29],"current_hp_per_floor":[75,75,75,72,71,71,60,60,60,60,60,60,56,74,74,43,75,58,42,42,42,40,40,30,52,52,74,55,55,43,43,65,0,0],"gold":57,"neow_bonus":"THREE_ENEMY_KILL","is_daily":false,"chose_seed":false,"campfire_upgraded":4,"win_rate":0.0,"timestamp":1611561566,"path_taken":["M","M","M","?","M","R","?","$","T","R","?","M","M","?","R","BOSS","M","?","?","?","M","R","M","R","T","R","?","$","M","M","R","BOSS"],"items_purchased_type":["Card","Relic","Relic","Relic","Potion"],"build_version":"2020-12-22","purchased_purges":0,"victory":false,"max_hp_per_floor":[75,75,75,75,75,75,75,75,75,75,75,75,75,75,75,75,75,75,75,75,75,75,75,75,75,75,75,75,75,75,75,75,75,75],"card_choices":[{"not_picked":["Barrage","Loop"],"picked":"Hologram","floor":1},{"not_picked":["Fusion","Stack"],"picked":"White Noise","floor":2},{"not_picked":["Steam","Leap"],"picked":"Darkness","floor":3},{"not_picked":["Turbo","Go for the Eyes"],"picked":"Conserve Battery","floor":5},{"not_picked":["Rebound","All For One"],"picked":"Undo","floor":12},{"not_picked":["Redo","Beam Cell"],"picked":"Hologram","floor":13},{"not_picked":["Creative AI","Thunder Strike"],"picked":"Echo Form","floor":16},{"not_picked":["Sweeping Beam","Coolheaded"],"picked":"Sunder","floor":18},{"not_picked":["Undo","Compile Driver"],"picked":"BootSequence","floor":22},{"not_picked":["Sweeping Beam","Cold Snap"],"picked":"Buffer","floor":24},{"not_picked":["Gash","Rip and Tear"],"picked":"BootSequence","floor":28},{"not_picked":["Turbo","Steam"],"picked":"White Noise","floor":30},{"not_picked":["Capacitor","Barrage","Turbo"],"picked":"SKIP","floor":31}],"player_experience":29514,"relics_obtained":[{"floor":9,"key":"InkBottle"},{"floor":19,"key":"Necronomicon"},{"floor":21,"key":"Boot"},{"floor":26,"key":"Old Coin"}],"event_choices":[{"damage_healed":0,"gold_gain":0,"player_choice":"Success","damage_taken":3,"relics_obtained":["Kunai"],"max_hp_gain":0,"max_hp_loss":0,"event_name":"Scrap Ooze","floor":4,"gold_loss":0},{"damage_healed":0,"gold_gain":75,"player_choice":"Gather Gold","damage_taken":11,"max_hp_gain":0,"max_hp_loss":0,"event_name":"World of Goop","floor":7,"gold_loss":0},{"damage_healed":0,"gold_gain":0,"player_choice":"Ignored","damage_taken":0,"max_hp_gain":0,"max_hp_loss":0,"event_name":"Golden Wing","floor":11,"gold_loss":0},{"damage_healed":18,"gold_gain":0,"player_choice":"Healed","damage_taken":0,"max_hp_gain":0,"max_hp_loss":0,"event_name":"The Cleric","floor":14,"gold_loss":35},{"damage_healed":0,"gold_gain":0,"player_choice":"Obtained Book","damage_taken":16,"max_hp_gain":0,"max_hp_loss":0,"event_name":"Cursed Tome","floor":19,"gold_loss":0},{"damage_healed":0,"gold_gain":0,"player_choice":"Ignored","damage_taken":0,"max_hp_gain":0,"max_hp_loss":0,"event_name":"Beggar","floor":20,"gold_loss":0},{"damage_healed":0,"gold_gain":0,"player_choice":"Relic","damage_taken":0,"max_hp_gain":0,"max_hp_loss":0,"event_name":"Wheel of Change","floor":21,"gold_loss":0}],"is_beta":false,"boss_relics":[{"not_picked":["Fusion Hammer","Inserter"],"picked":"Runic Pyramid"}],"items_purged_floors":[],"is_endless":false,"potions_floor_spawned":[2,5,13,24,31],"killed_by":"Automaton","ascension_level":0}}