{"host":"j4g6ia6asvpyu2b0","time":1611538553,"event":{"mods":["BaseMod","Colored Map","Minty Spire (QoL Compilation)","Permanent Neow","Quick Restart","Relic Stats","StSLib","Unceasing Turn Reminder"],"gold_per_floor":[118,131,198,209,223,251,251,277,277,277,277,293,313,326,326,401,401,421,421,85,100,100,100,135,155,155,155,155,155,166,184,184,184,184],"floor_reached":33,"language":"ENG","playtime":861,"items_purged":[],"score":544,"play_id":"79030f2f-8958-42db-873e-31f68ef92c63","local_time":"20210124183553","is_ascension_mode":true,"campfire_choices":[{"floor":7.0,"key":"REST"},{"data":"Demon Form","floor":10.0,"key":"SMITH"},{"floor":15.0,"key":"REST"},{"floor":23.0,"key":"REST"},{"data":"Limit Break","floor":27.0,"key":"SMITH"},{"data":"Barricade","floor":29.0,"key":"SMITH"},{"floor":32.0,"key":"REST"}],"circlet_count":0,"master_deck":["AscendersBane","Bash","Heavy Blade","Barricade+1","Ghostly Armor","Barricade","Perfected Strike","Pommel Strike+1","Evolve","Demon Form+1","Anger+1","Hemokinesis","Twin Strike","Feel No Pain","Offering","Clothesline","Limit Break+1"],"relics":["Pandora\u0027s Box","Whetstone","Singing Bowl","Frozen Egg 2","Busted Crown","Ice Cream","Centennial Puzzle"],"acts_visited":["Exordium","TheCity"],"potions_floor_usage":[33,33],"damage_taken":[{"damage":0.0,"enemies":"2 Louse","floor":1.0,"turns":3.0},{"damage":4.0,"enemies":"Cultist","floor":2.0,"turns":3.0},{"damage":11.0,"enemies":"Jaw Worm","floor":4.0,"turns":3.0},{"damage":12.0,"enemies":"Exordium Wildlife","floor":5.0,"turns":4.0},{"damage":8.0,"enemies":"Gremlin Nob","floor":6.0,"turns":3.0},{"damage":14.0,"enemies":"Lagavulin","floor":8.0,"turns":5.0},{"damage":15.0,"enemies":"Large Slime","floor":12.0,"turns":4.0},{"damage":6.0,"enemies":"Blue Slaver","floor":13.0,"turns":1.0},{"damage":3.0,"enemies":"Looter","floor":14.0,"turns":3.0},{"damage":15.0,"enemies":"The Guardian","floor":16.0,"turns":6.0},{"damage":9.0,"enemies":"Chosen","floor":18.0,"turns":3.0},{"damage":36.0,"enemies":"3 Byrds","floor":21.0,"turns":7.0},{"damage":36.0,"enemies":"Gremlin Leader","floor":24.0,"turns":6.0},{"damage":6.0,"enemies":"Cultist and Chosen","floor":25.0,"turns":5.0},{"damage":23.0,"enemies":"Centurion and Healer","floor":30.0,"turns":4.0},{"damage":13.0,"enemies":"Snecko","floor":31.0,"turns":3.0},{"damage":44,"enemies":"Collector","floor":33,"turns":3}],"seed_played":"-4689758255419844018","potions_obtained":[{"floor":2.0,"key":"ColorlessPotion"},{"floor":4.0,"key":"SteroidPotion"},{"floor":8.0,"key":"CultistPotion"},{"floor":11.0,"key":"EntropicBrew"},{"floor":16.0,"key":"Energy Potion"},{"floor":25.0,"key":"PowerPotion"},{"floor":30.0,"key":"BlessingOfTheForge"}],"is_trial":false,"path_per_floor":["M","M","?","M","M","E","R","E","T","R","?","M","M","M","R","B",null,"M","?","$","M","?","R","E","M","T","R","?","R","M","M","R","B"],"character_chosen":"IRONCLAD","items_purchased":["Ice Cream"],"campfire_rested":4,"item_purchase_floors":[20],"current_hp_per_floor":[68,64,64,53,41,33,55,41,41,41,41,26,22,21,44,29,67,60,60,60,26,26,50,16,12,12,12,12,12,28,17,44,0,0],"gold":184,"neow_bonus":"BOSS_RELIC","is_daily":false,"chose_seed":false,"campfire_upgraded":3,"win_rate":0.0,"timestamp":1611538553,"path_taken":["M","M","?","M","M","E","R","E","T","R","?","M","M","?","R","BOSS","M","?","$","M","?","R","E","M","T","R","?","R","M","M","R","BOSS"],"items_purchased_type":["Relic"],"build_version":"2020-12-22","purchased_purges":0,"victory":false,"max_hp_per_floor":[75,75,75,75,75,75,75,75,75,75,75,75,77,79,79,79,79,81,81,81,83,83,83,85,87,87,87,87,87,89,91,91,91,91],"relic_stats":{"Centennial Puzzle":[12],"Busted Crown":12,"Singing Bowl":16,"counters":[17,66],"Pandora\u0027s Box":["Heavy Blade","Barricade","Ghostly Armor","Barricade","Perfected Strike","Pommel Strike","Intimidate","Evolve","Demon Form"],"Whetstone":["Pommel Strike","Anger"],"obtain_stats":[{"Ice Cream":20,"Centennial Puzzle":24,"Busted Crown":17,"Singing Bowl":8,"Pandora\u0027s Box":0,"Whetstone":6,"Frozen Egg 2":9,"Burning Blood":0},{"Ice Cream":11,"Centennial Puzzle":13,"Busted Crown":10,"Singing Bowl":6,"Pandora\u0027s Box":0,"Whetstone":5,"Frozen Egg 2":6,"Burning Blood":0},{"Ice Cream":38,"Centennial Puzzle":51,"Busted Crown":35,"Singing Bowl":21,"Pandora\u0027s Box":0,"Whetstone":16,"Frozen Egg 2":21,"Burning Blood":0}]},"card_choices":[{"not_picked":["Heavy Blade","Searing Blow"],"picked":"Anger","floor":1.0},{"not_picked":["Sever Soul","Rupture"],"picked":"Hemokinesis","floor":2.0},{"not_picked":["Clothesline","Flex"],"picked":"Twin Strike","floor":4.0},{"not_picked":["Reckless Charge","Flex","Dual Wield"],"picked":"SKIP","floor":5.0},{"not_picked":["Pommel Strike","Exhume"],"picked":"Feel No Pain","floor":6.0},{"not_picked":["Pummel","Twin Strike"],"picked":"Offering","floor":8.0},{"not_picked":["Flex","Armaments"],"picked":"Clothesline","floor":12.0},{"not_picked":["Combust+1","Wild Strike","Blood for Blood"],"picked":"Singing Bowl","floor":13.0},{"not_picked":["Twin Strike","Anger","Headbutt"],"picked":"Singing Bowl","floor":14.0},{"not_picked":["Barricade+1","Brutality+1"],"picked":"Limit Break","floor":16.0},{"not_picked":["Dropkick"],"picked":"Singing Bowl","floor":18.0},{"not_picked":["Thunderclap"],"picked":"Singing Bowl","floor":21.0},{"not_picked":["Sword Boomerang"],"picked":"Singing Bowl","floor":24.0},{"not_picked":["Headbutt+1"],"picked":"Singing Bowl","floor":25.0},{"not_picked":["True Grit"],"picked":"Singing Bowl","floor":30.0},{"not_picked":["Iron Wave"],"picked":"Singing Bowl","floor":31.0}],"player_experience":999053,"relics_obtained":[{"floor":6.0,"key":"Whetstone"},{"floor":8.0,"key":"Singing Bowl"},{"floor":9.0,"key":"Frozen Egg 2"},{"floor":24.0,"key":"Centennial Puzzle"}],"event_choices":[{"damage_healed":0.0,"max_hp_gain":0.0,"max_hp_loss":0.0,"gold_gain":67.0,"event_name":"Golden Wing","player_choice":"Gained Gold","floor":3.0,"gold_loss":0.0,"damage_taken":0.0},{"damage_healed":0.0,"max_hp_gain":0.0,"max_hp_loss":0.0,"gold_gain":0.0,"event_name":"Lab","player_choice":"Got Potions","floor":11.0,"gold_loss":0.0,"damage_taken":0.0},{"damage_healed":0.0,"max_hp_gain":0.0,"max_hp_loss":0.0,"gold_gain":0.0,"event_name":"Beggar","player_choice":"Ignored","floor":19.0,"gold_loss":0.0,"damage_taken":0.0},{"damage_healed":0.0,"max_hp_gain":0.0,"max_hp_loss":0.0,"gold_gain":0.0,"event_name":"Ghosts","player_choice":"Ignored","floor":22.0,"gold_loss":0.0,"damage_taken":0.0},{"cards_removed":["Intimidate"],"damage_healed":0.0,"max_hp_gain":0.0,"max_hp_loss":0.0,"gold_gain":0.0,"event_name":"Back to Basics","player_choice":"Elegance","floor":28.0,"gold_loss":0.0,"damage_taken":0.0}],"is_beta":false,"boss_relics":[{"not_picked":["Sozu","Empty Cage"],"picked":"Busted Crown"}],"items_purged_floors":[],"is_endless":false,"potions_floor_spawned":[2,4,8,12,16,24,25,30],"killed_by":"Collector","ascension_level":19}}