{"host":"9l4mw5jqza9qz9hr","time":1611584982,"event":{"mods":["AchievementEnabler","Always Whale","BaseMod","Colored Map","Minty Spire (QoL Compilation)","StSLib","SuperFastMode"],"gold_per_floor":[112,112,33,33,45,75,90,90,115,128,147,167,179,179,179,253,253,270,281,53,53,53],"floor_reached":21,"language":"KOR","playtime":556,"items_purged":["Strike_B"],"score":320,"play_id":"5e8be69b-8c9b-4b21-a1ac-a1555393dd81","local_time":"20210125232942","is_ascension_mode":true,"campfire_choices":[{"data":"White Noise","floor":8,"key":"SMITH"},{"data":"Scrape","floor":15,"key":"SMITH"}],"circlet_count":0,"master_deck":["AscendersBane","Strike_B","Strike_B","Strike_B","Defend_B","Defend_B","Defend_B","Defend_B","Zap","Dualcast","Scrape","Loop","FTL","White Noise+1","Sweeping Beam","Hologram","FTL","Gash","Scrape+1","Streamline","Fission","CurseOfTheBell","Go for the Eyes","Beam Cell+1"],"relics":["Cracked Core","Strawberry","Happy Flower","Vajra","Calling Bell","Regal Pillow","Eternal Feather","Peace Pipe","Lantern"],"acts_visited":["Exordium","TheCity"],"potions_floor_usage":[12,16,16],"damage_taken":[{"damage":1,"enemies":"2 Louse","floor":1,"turns":3},{"damage":0,"enemies":"Small Slimes","floor":5,"turns":2},{"damage":37,"enemies":"Gremlin Nob","floor":6,"turns":4},{"damage":1,"enemies":"Cultist","floor":7,"turns":3},{"damage":6,"enemies":"Looter","floor":10,"turns":2},{"damage":1,"enemies":"2 Fungi Beasts","floor":11,"turns":2},{"damage":7,"enemies":"Exordium Wildlife","floor":12,"turns":3},{"damage":0,"enemies":"Looter","floor":13,"turns":2},{"damage":16,"enemies":"The Guardian","floor":16,"turns":8},{"damage":16,"enemies":"Chosen","floor":18,"turns":4},{"damage":45,"enemies":"Shell Parasite","floor":19,"turns":6},{"damage":7,"enemies":"Centurion and Healer","floor":21,"turns":2}],"seed_played":"6163805418205625530","potions_obtained":[{"floor":1,"key":"SteroidPotion"},{"floor":10,"key":"GamblersBrew"},{"floor":11,"key":"Fire Potion"},{"floor":12,"key":"PowerPotion"}],"is_trial":false,"path_per_floor":["M","?","$","?","M","E","M","R","T","M","M","M","M","?","R","B",null,"M","M","$","M"],"character_chosen":"DEFECT","items_purchased":["FTL","Lantern"],"campfire_rested":0,"item_purchase_floors":[3,20],"current_hp_per_floor":[63,68,68,75,75,38,37,37,37,31,30,23,23,23,23,7,64,48,3,3,0,0],"gold":53,"neow_bonus":"THREE_CARDS","is_daily":false,"chose_seed":false,"campfire_upgraded":2,"win_rate":0.0,"timestamp":1611584982,"path_taken":["M","?","$","?","?","E","M","R","T","M","M","M","M","?","R","BOSS","M","M","$","M"],"items_purchased_type":["Card","Relic"],"build_version":"2020-12-22","purchased_purges":1,"victory":false,"max_hp_per_floor":[71,76,76,83,83,83,83,83,83,83,83,83,83,83,83,83,83,83,83,83,83,83],"card_choices":[{"not_picked":["Streamline","Force Field"],"picked":"Scrape","floor":0},{"not_picked":["Lockon","Cold Snap"],"picked":"Loop","floor":1},{"not_picked":["Leap","Consume"],"picked":"White Noise","floor":5},{"not_picked":["Barrage","Chaos"],"picked":"Sweeping Beam","floor":6},{"not_picked":["Compile Driver","Steam"],"picked":"Hologram","floor":7},{"not_picked":["Compile Driver","Barrage"],"picked":"FTL","floor":10},{"not_picked":["Chaos","Streamline"],"picked":"Gash","floor":11},{"not_picked":["BootSequence","Skim"],"picked":"Scrape","floor":12},{"not_picked":["Compile Driver","Loop"],"picked":"Streamline","floor":13},{"not_picked":["Thunder Strike","Rainbow"],"picked":"Fission","floor":16},{"not_picked":["Steam","Melter"],"picked":"Go for the Eyes","floor":18},{"not_picked":["Hologram","Compile Driver"],"picked":"Beam Cell+1","floor":19}],"player_experience":242848,"relics_obtained":[{"floor":4,"key":"Strawberry"},{"floor":6,"key":"Happy Flower"},{"floor":9,"key":"Vajra"},{"floor":17,"key":"Regal Pillow"},{"floor":17,"key":"Eternal Feather"},{"floor":17,"key":"Peace Pipe"}],"event_choices":[{"damage_healed":0,"gold_gain":0,"player_choice":"Donut","damage_taken":0,"max_hp_gain":5,"max_hp_loss":0,"event_name":"Big Fish","floor":2,"gold_loss":0},{"damage_healed":0,"gold_gain":0,"player_choice":"Relic","damage_taken":0,"max_hp_gain":0,"max_hp_loss":0,"event_name":"Wheel of Change","floor":4,"gold_loss":0},{"damage_healed":0,"gold_gain":0,"player_choice":"Ignored","damage_taken":0,"max_hp_gain":0,"max_hp_loss":0,"event_name":"Liars Game","floor":14,"gold_loss":0}],"is_beta":false,"boss_relics":[{"not_picked":["Snecko Eye","Cursed Key"],"picked":"Calling Bell"}],"items_purged_floors":[20],"is_endless":false,"potions_floor_spawned":[1,10,11,12],"killed_by":"Centurion and Healer","ascension_level":15}}