{"host":"1pwde2j81wdvsae3","time":1611588321,"event":{"mods":["BaseMod","Minty Spire (QoL Compilation)","Replay The Spire","Shop Mod","StSLib"],"gold_per_floor":[113,130,149,160,160,160,195,7,7,7,41,61,61,76,76,150,150,161,8,28,28,38,38,64,79,79,79,98,98,123,123,123,201,201,211,0,0,17,72,72,89,89,140,140,158,171,171,171],"floor_reached":47,"language":"ZHS","playtime":1529,"items_purged":[],"score":860,"play_id":"c888162c-5a41-4452-8ea6-18f60c48655a","local_time":"20210125232521","is_ascension_mode":true,"campfire_choices":[{"floor":6.0,"key":"REST"},{"data":"Bash","floor":10.0,"key":"SMITH"},{"data":"1","floor":23.0,"key":"LIFT"},{"floor":27.0,"key":"REST"},{"data":"2","floor":29.0,"key":"LIFT"},{"floor":32.0,"key":"REST"},{"floor":40,"key":"REST"},{"data":"3","floor":44,"key":"LIFT"}],"circlet_count":0,"master_deck":["AscendersBane","Strike_R","Strike_R","Strike_R","Strike_R","Strike_R","Defend_R+1","Defend_R+1","Defend_R+1","Defend_R+1","Bash+1","Twin Strike","Rage+1","Flex","Ghostly Armor+1","Perfected Strike","Armaments+1","Dropkick","Metallicize","Hemokinesis","Immolate","Sickly","Wild Strike","Thunderclap","Twin Strike","Uppercut","Rampage","Headbutt+1","Pummel","Barricade","Dark Embrace","Bandage Up","Hemokinesis+1","Seeing Red","Body Slam+1","Dropkick+1","Parasite","Dual Wield+1"],"relics":["Burning Blood","Iron Hammer","Replay:Bottled Eggs","ReplayTheSpireMod:TigerMarble","Bottled Flame","Girya","Replay:Ancient Bell","Omamori","Meat on the Bone","Replay:Towering Pillar of Hats","Vajra","Blood Vial","Unceasing Top","Champion Belt","Mark of Pain","Red Mask","Thread and Needle","Oddly Smooth Stone"],"acts_visited":["Exordium","TheCity","TheBeyond"],"potions_floor_usage":[],"damage_taken":[{"damage":1.0,"enemies":"Cultist","floor":1.0,"turns":4.0},{"damage":13.0,"enemies":"Small Slimes","floor":2.0,"turns":4.0},{"damage":0.0,"enemies":"Jaw Worm","floor":3.0,"turns":3.0},{"damage":15.0,"enemies":"Blue Slaver","floor":4.0,"turns":4.0},{"damage":15.0,"enemies":"Gremlin Nob","floor":7.0,"turns":5.0},{"damage":17.0,"enemies":"3 Sentries","floor":11.0,"turns":9.0},{"damage":0.0,"enemies":"2 Fungi Beasts","floor":12.0,"turns":2.0},{"damage":0.0,"enemies":"3 Louse","floor":14.0,"turns":2.0},{"damage":35.0,"enemies":"Hexaghost","floor":16.0,"turns":10.0},{"damage":36.0,"enemies":"3 Byrds","floor":18.0,"turns":8.0},{"damage":20.0,"enemies":"Shell Parasite","floor":20.0,"turns":3.0},{"damage":40.0,"enemies":"Sentry and Sphere","floor":22.0,"turns":8.0},{"damage":30.0,"enemies":"Slavers","floor":24.0,"turns":5.0},{"damage":12.0,"enemies":"Cultist and Chosen","floor":25.0,"turns":5.0},{"damage":22.0,"enemies":"Snake Plant","floor":28.0,"turns":3.0},{"damage":36.0,"enemies":"Gremlin Leader","floor":30.0,"turns":5.0},{"damage":113,"enemies":"Automaton","floor":33,"turns":9},{"damage":15,"enemies":"3 Darklings","floor":35,"turns":3},{"damage":18,"enemies":"Orb Walker","floor":38,"turns":2},{"damage":59,"enemies":"2 Orb Walkers","floor":39,"turns":6},{"damage":22,"enemies":"Transient","floor":41,"turns":5},{"damage":14,"enemies":"Spire Growth","floor":45,"turns":3},{"damage":33,"enemies":"Writhing Mass","floor":46,"turns":5},{"damage":62,"enemies":"Reptomancer","floor":47,"turns":7}],"seed_played":"4433347914664342679","potions_obtained":[{"floor":1.0,"key":"Swift Potion"},{"floor":4.0,"key":"LifebloodPotion"},{"floor":7.0,"key":"LiquidBronze"},{"floor":11.0,"key":"Weak Potion"},{"floor":14.0,"key":"FairyPotion"},{"floor":20.0,"key":"ColorlessPotion"},{"floor":22.0,"key":"DuplicationPotion"},{"floor":25.0,"key":"ElixirPotion"},{"floor":35,"key":"SpeedPotion"}],"is_trial":false,"path_per_floor":["M","M","M","M","?","R","E","$","T","R","E","M","?","M","R","B",null,"M","$","M","?","M","R","E","M","T","R","M","R","E","?","R","B",null,"M","?","?","M","?","R","M","?","T","R","M","M","E"],"character_chosen":"IRONCLAD","items_purchased":["Armaments+1","ReplayTheSpireMod:TigerMarble","Vajra"],"campfire_rested":4,"item_purchase_floors":[8,8,19],"current_hp_per_floor":[69,62,68,59,33,59,50,50,50,50,39,45,45,51,77,48,79,61,61,59,59,42,42,30,38,38,64,62,62,46,46,72,27,74,67,67,67,63,28,54,56,56,56,56,62,55,0,0],"gold":171,"neow_bonus":"TWENTY_PERCENT_HP_BONUS","is_daily":false,"chose_seed":false,"campfire_upgraded":1,"win_rate":0.0,"timestamp":1611588321,"path_taken":["M","M","?","M","?","R","E","$","T","R","E","M","?","M","R","BOSS","M","$","M","?","M","R","E","M","T","R","M","R","E","?","R","BOSS","M","?","?","M","?","R","M","?","T","R","M","M","E"],"items_purchased_type":["Card","Relic","Relic"],"build_version":"2020-12-22","purchased_purges":0,"victory":false,"max_hp_per_floor":[89,89,89,89,89,89,89,89,89,89,89,89,89,89,89,89,89,89,89,89,89,89,89,89,89,89,89,89,89,89,89,89,89,89,89,89,89,89,89,89,89,89,89,89,89,89,89,89],"card_choices":[{"not_picked":["Disarm","Flex"],"picked":"Twin Strike","floor":1.0},{"not_picked":["Replay:Undeath\u0027s Touch","Heavy Blade"],"picked":"Rage","floor":2.0},{"not_picked":["Anger","Iron Wave"],"picked":"Flex","floor":3.0},{"not_picked":["Rage","Headbutt"],"picked":"Ghostly Armor","floor":4.0},{"not_picked":["ReplayTheSpireMod:LeadingStrike","Clothesline"],"picked":"Perfected Strike","floor":7.0},{"not_picked":["Reckless Charge","Iron Wave"],"picked":"Dropkick","floor":11.0},{"not_picked":["Armaments","Second Wind"],"picked":"Metallicize","floor":12.0},{"not_picked":["Warcry","Body Slam"],"picked":"Hemokinesis","floor":14.0},{"not_picked":["Impervious","Limit Break"],"picked":"Immolate","floor":16.0},{"not_picked":["Looming Evil","Spreading Infection"],"picked":"Pain","floor":17.0},{"not_picked":["Injury","Looming Evil"],"picked":"Doubt","floor":17.0},{"not_picked":["ReplayTheSpireMod:Restless Dread","Amnesia"],"picked":"Sickly","floor":17.0},{"not_picked":["Abandon","Anger"],"picked":"Wild Strike","floor":18.0},{"not_picked":["Anger","Double Tap"],"picked":"Thunderclap","floor":20.0},{"not_picked":["Battle Trance","Run Through"],"picked":"Twin Strike","floor":22.0},{"not_picked":["Run Through","Flex"],"picked":"Uppercut","floor":24.0},{"not_picked":["Warcry","Cleave"],"picked":"Rampage","floor":25.0},{"not_picked":["Flex","ReplayTheSpireMod:Strike From Hell"],"picked":"Headbutt+1","floor":28.0},{"not_picked":["Clothesline","Heavy Blade"],"picked":"Pummel","floor":30.0},{"not_picked":["Berserk","Brutality"],"picked":"Barricade","floor":33},{"not_picked":["Run Through","ReplayTheSpireMod:Strike From Hell+1"],"picked":"Dark Embrace","floor":35},{"not_picked":["Secret Technique","Replay:Sssssssssstrike"],"picked":"Bandage Up","floor":37},{"not_picked":["Clash","Twin Strike+1"],"picked":"Hemokinesis+1","floor":38},{"not_picked":["Replay:Undeath\u0027s Touch+1","Iron Wave"],"picked":"Seeing Red","floor":39},{"not_picked":["Burning Pact","ReplayTheSpireMod:LeadingStrike"],"picked":"Body Slam+1","floor":41},{"not_picked":["Blood for Blood","ReplayTheSpireMod:Muscle Training+1"],"picked":"Dropkick+1","floor":45},{"not_picked":["Carnage","Flex"],"picked":"Dual Wield+1","floor":46}],"player_experience":237280,"relics_obtained":[{"floor":7.0,"key":"Replay:Bottled Eggs"},{"floor":9.0,"key":"Bottled Flame"},{"floor":11.0,"key":"Girya"},{"floor":24.0,"key":"Blood Vial"},{"floor":26.0,"key":"Unceasing Top"},{"floor":30.0,"key":"Champion Belt"},{"floor":39,"key":"Thread and Needle"},{"floor":43,"key":"Oddly Smooth Stone"}],"event_choices":[{"damage_healed":0.0,"max_hp_gain":0.0,"max_hp_loss":0.0,"gold_gain":0.0,"event_name":"Scrap Ooze","player_choice":"Success","floor":5.0,"gold_loss":0.0,"damage_taken":26.0,"relics_obtained":["Iron Hammer"]},{"damage_healed":0.0,"max_hp_gain":0.0,"max_hp_loss":0.0,"gold_gain":0.0,"event_name":"Vampires","player_choice":"Ignored","floor":21.0,"gold_loss":0.0,"damage_taken":0.0},{"damage_healed":0.0,"max_hp_gain":0.0,"max_hp_loss":0.0,"gold_gain":0.0,"event_name":"Ghosts","player_choice":"Ignored","floor":31.0,"gold_loss":0.0,"damage_taken":0.0},{"damage_healed":0,"gold_gain":0,"player_choice":"Paid","damage_taken":0,"relics_obtained":["Red Mask"],"max_hp_gain":0,"max_hp_loss":0,"event_name":"Tomb of Lord Red Mask","floor":36,"gold_loss":211},{"damage_healed":0,"gold_gain":0,"player_choice":"Memory 1","damage_taken":0,"max_hp_gain":0,"max_hp_loss":0,"event_name":"SensoryStone","floor":37,"gold_loss":0},{"damage_healed":0,"gold_gain":0,"player_choice":"Fight","damage_taken":0,"max_hp_gain":0,"max_hp_loss":0,"event_name":"Mysterious Sphere","floor":39,"gold_loss":0}],"is_beta":false,"boss_relics":[{"not_picked":["SacredBark","Ooze Armor"],"picked":"Replay:Ancient Bell"},{"not_picked":["War Paint","Replay:Bandana"],"picked":"Omamori"},{"not_picked":["ReplayTheSpireMod:Shallot","Quantum Egg"],"picked":"Meat on the Bone"},{"not_picked":["WingedGreaves","Peace Pipe"],"picked":"Replay:Towering Pillar of Hats"},{"not_picked":["Velvet Choker","Pandora\u0027s Box"],"picked":"Mark of Pain"}],"items_purged_floors":[],"is_endless":false,"potions_floor_spawned":[1,4,7,11,14,20,22,25,30,35,38,41,46],"killed_by":"Reptomancer","ascension_level":15}}