{"host":"rmsq46plbpwfbxcc","time":1611569946,"event":{"mods":["AchievementEnabler","BaseMod","Colored Map","Colored Powertips","DeckTracker","KOR Keyword Fix","Minty Spire (QoL Compilation)","Permanent Neow","Quick Restart","SuperFastMode"],"gold_per_floor":[116,116,134,153,170,170,187,187,187,187,198,228,244,270,270,270,270],"floor_reached":16,"language":"KOR","playtime":493,"items_purged":[],"score":160,"play_id":"75c601dc-53fa-4470-80b5-04cdaad0139d","local_time":"20210125191906","is_ascension_mode":true,"campfire_choices":[{"data":"Neutralize","floor":6.0,"key":"SMITH"},{"data":"Footwork","floor":8.0,"key":"SMITH"},{"data":"Dash","floor":10.0,"key":"SMITH"},{"data":"Blade Dance","floor":15.0,"key":"SMITH"}],"circlet_count":0,"master_deck":["Strike_G","Strike_G","Strike_G","Strike_G","Strike_G","Defend_G","Defend_G","Defend_G","Defend_G","Defend_G","Survivor","Neutralize+1","Footwork+1","Dash+1","Envenom","Blade Dance+1"],"relics":["WristBlade","Sundial","Happy Flower","Ginger"],"acts_visited":["Exordium"],"potions_floor_usage":[16],"damage_taken":[{"damage":0.0,"enemies":"Cultist","floor":1.0,"turns":6.0},{"damage":2.0,"enemies":"Jaw Worm","floor":3.0,"turns":5.0},{"damage":0.0,"enemies":"2 Louse","floor":4.0,"turns":3.0},{"damage":14.0,"enemies":"Large Slime","floor":5.0,"turns":10.0},{"damage":12.0,"enemies":"Lots of Slimes","floor":7.0,"turns":8.0},{"damage":0.0,"enemies":"Exordium Wildlife","floor":11.0,"turns":5.0},{"damage":6.0,"enemies":"Gremlin Nob","floor":12.0,"turns":4.0},{"damage":0.0,"enemies":"Large Slime","floor":13.0,"turns":6.0},{"damage":19.0,"enemies":"3 Sentries","floor":14.0,"turns":12.0},{"damage":15,"enemies":"Slime Boss","floor":16,"turns":4}],"seed_played":"-2263075963714592788","potions_obtained":[{"floor":5.0,"key":"SteroidPotion"},{"floor":7.0,"key":"Energy Potion"},{"floor":12.0,"key":"Dexterity Potion"},{"floor":13.0,"key":"FearPotion"}],"is_trial":false,"path_per_floor":["M","?","M","M","M","R","M","R","T","R","M","E","M","E","R","B"],"character_chosen":"THE_SILENT","items_purchased":[],"campfire_rested":0,"item_purchase_floors":[],"current_hp_per_floor":[63,68,66,66,52,52,40,40,40,40,40,34,34,15,15,0,0],"gold":270,"neow_bonus":"BOSS_RELIC","is_daily":false,"chose_seed":false,"campfire_upgraded":4,"win_rate":0.0,"timestamp":1611569946,"path_taken":["M","?","M","M","M","R","M","R","T","R","M","E","M","E","R","BOSS"],"items_purchased_type":[],"build_version":"2020-12-22","purchased_purges":0,"victory":false,"max_hp_per_floor":[70,75,75,75,75,75,75,75,75,75,75,75,75,75,75,75,75],"card_choices":[{"not_picked":["Deadly Poison","Poisoned Stab"],"picked":"Footwork","floor":1.0},{"not_picked":["Calculated Gamble","Underhanded Strike","Concentrate"],"picked":"SKIP","floor":3.0},{"not_picked":["Outmaneuver","Dagger Spray","Catalyst"],"picked":"SKIP","floor":4.0},{"not_picked":["Flying Knee","Masterful Stab"],"picked":"Dash","floor":5.0},{"not_picked":["Crippling Poison","Predator","Dodge and Roll"],"picked":"SKIP","floor":7.0},{"not_picked":["Underhanded Strike","Noxious Fumes","Dagger Spray"],"picked":"SKIP","floor":11.0},{"not_picked":["Poisoned Stab","Flying Knee"],"picked":"Envenom","floor":12.0},{"not_picked":["Prepared","Poisoned Stab","Doppelganger"],"picked":"SKIP","floor":13.0},{"not_picked":["Calculated Gamble","Noxious Fumes"],"picked":"Blade Dance","floor":14.0}],"player_experience":650002,"relics_obtained":[{"floor":9.0,"key":"Sundial"},{"floor":12.0,"key":"Happy Flower"},{"floor":14.0,"key":"Ginger"}],"event_choices":[{"damage_healed":0.0,"max_hp_gain":5.0,"max_hp_loss":0.0,"gold_gain":0.0,"event_name":"Big Fish","player_choice":"Donut","floor":2.0,"gold_loss":0.0,"damage_taken":0.0}],"is_beta":false,"boss_relics":[],"items_purged_floors":[],"is_endless":false,"potions_floor_spawned":[5,7,12,13],"killed_by":"Slime Boss","ascension_level":8}}