{"host":"j4g6ia6asvpyu2b0","time":1611536247,"event":{"mods":["BaseMod","Colored Map","Minty Spire (QoL Compilation)","Permanent Neow","Quick Restart","Relic Stats","StSLib","Unceasing Turn Reminder"],"gold_per_floor":[118,118,133,148,148,148,176,192,192,202,230,173,173,189,189,266,266,280,291,291,47,47,81,81,113,188,188,188,28,28,46,46,46,46],"floor_reached":33,"language":"ENG","playtime":703,"items_purged":[],"score":669,"play_id":"53efd8fd-3b9b-4635-bdef-50850ef5f294","local_time":"20210124175727","is_ascension_mode":true,"campfire_choices":[{"data":"Bludgeon","floor":6.0,"key":"SMITH"},{"data":"Bash","floor":13.0,"key":"SMITH"},{"data":"Infernal Blade","floor":15.0,"key":"SMITH"},{"floor":24,"key":"REST"},{"data":"Offering","floor":27,"key":"SMITH"},{"data":"Feed","floor":32,"key":"SMITH"}],"circlet_count":0,"master_deck":["AscendersBane","Strike_R","Strike_R","Strike_R","Strike_R","Defend_R","Defend_R","Defend_R","Defend_R","Bash+1","Bludgeon+1","Twin Strike","Twin Strike","Twin Strike","Infernal Blade+1","Flame Barrier","Thunderclap","Pommel Strike","Anger","Headbutt","Feed+1","Pommel Strike","Havoc+1","Fire Breathing","Offering+1","Evolve+1","Shrug It Off","RitualDagger","Pommel Strike+1"],"relics":["Burning Blood","Mummified Hand","Regal Pillow","Paper Frog","SacredBark","Vajra","Nilry\u0027s Codex","Pen Nib","TungstenRod","InkBottle","PreservedInsect"],"acts_visited":["Exordium","TheCity"],"potions_floor_usage":[18,23,23],"damage_taken":[{"damage":0.0,"enemies":"Cultist","floor":1.0,"turns":2.0},{"damage":5.0,"enemies":"Small Slimes","floor":3.0,"turns":4.0},{"damage":12.0,"enemies":"Jaw Worm","floor":4.0,"turns":2.0},{"damage":30.0,"enemies":"Lagavulin","floor":7.0,"turns":4.0},{"damage":6.0,"enemies":"Exordium Wildlife","floor":8.0,"turns":3.0},{"damage":9.0,"enemies":"3 Louse","floor":10.0,"turns":4.0},{"damage":10.0,"enemies":"3 Sentries","floor":11.0,"turns":5.0},{"damage":0.0,"enemies":"Looter","floor":14.0,"turns":2.0},{"damage":0.0,"enemies":"Slime Boss","floor":16.0,"turns":4.0},{"damage":1,"enemies":"3 Byrds","floor":18,"turns":4},{"damage":0,"enemies":"Spheric Guardian","floor":19,"turns":2},{"damage":5,"enemies":"Slavers","floor":23,"turns":3},{"damage":29,"enemies":"Gremlin Leader","floor":25,"turns":6},{"damage":25,"enemies":"Centurion and Healer","floor":31,"turns":5},{"damage":39,"enemies":"Champ","floor":33,"turns":7}],"seed_played":"-1896287120373793866","potions_obtained":[{"floor":10.0,"key":"ElixirPotion"},{"floor":14.0,"key":"AttackPotion"},{"floor":16.0,"key":"Fire Potion"},{"floor":19,"key":"Explosive Potion"},{"floor":31,"key":"BlessingOfTheForge"}],"is_trial":false,"path_per_floor":["M","T","M","M","?","R","E","M","T","M","E","$","R","M","R","B",null,"M","M","?","$","?","E","R","E","T","R","?","$","?","M","R","B"],"character_chosen":"IRONCLAD","items_purchased":["Anger","Fire Breathing","Vajra","PreservedInsect"],"campfire_rested":1,"item_purchase_floors":[12,21,21,29],"current_hp_per_floor":[74,74,75,69,69,69,45,45,45,42,38,38,38,44,44,50,69,77,78,56,56,35,39,79,56,56,56,56,56,51,35,35,0,0],"gold":46,"neow_bonus":"ONE_RANDOM_RARE_CARD","is_daily":false,"chose_seed":false,"campfire_upgraded":5,"win_rate":0.0,"timestamp":1611536247,"path_taken":["M","?","M","M","?","R","E","M","T","?","E","$","R","M","R","BOSS","M","M","?","$","?","E","R","E","T","R","?","$","?","M","R","BOSS"],"items_purchased_type":["Card","Card","Relic","Relic"],"build_version":"2020-12-22","purchased_purges":0,"victory":false,"max_hp_per_floor":[75,75,75,75,75,75,75,75,75,75,75,75,75,75,75,75,75,78,78,83,83,83,86,86,86,86,86,86,86,86,89,89,89,89],"relic_stats":{"Regal Pillow":15,"counters":[15,57],"Mummified Hand":[10],"Pen Nib":[3],"PreservedInsect":0,"obtain_stats":[{"Regal Pillow":7,"Mummified Hand":2,"Nilry\u0027s Codex":22,"SacredBark":17,"Vajra":21,"Pen Nib":23,"PreservedInsect":29,"Burning Blood":0,"TungstenRod":25,"InkBottle":26,"Paper Frog":11},{"Regal Pillow":4,"Mummified Hand":1,"Nilry\u0027s Codex":11,"SacredBark":9,"Vajra":11,"Pen Nib":12,"PreservedInsect":13,"Burning Blood":0,"TungstenRod":13,"InkBottle":13,"Paper Frog":7},{"Regal Pillow":12,"Mummified Hand":2,"Nilry\u0027s Codex":36,"SacredBark":30,"Vajra":36,"Pen Nib":39,"PreservedInsect":45,"Burning Blood":0,"TungstenRod":45,"InkBottle":45,"Paper Frog":24}],"Burning Blood":79,"TungstenRod":9,"InkBottle":[5]},"card_choices":[{"not_picked":["Perfected Strike","Armaments"],"picked":"Twin Strike","floor":1.0},{"not_picked":["Clash","Warcry"],"picked":"Twin Strike","floor":3.0},{"not_picked":["Reckless Charge","Body Slam"],"picked":"Twin Strike","floor":4.0},{"not_picked":["Pummel","Burning Pact"],"picked":"Infernal Blade","floor":7.0},{"not_picked":["Bloodletting","Feel No Pain"],"picked":"Flame Barrier","floor":8.0},{"not_picked":["Burning Pact","Warcry"],"picked":"Thunderclap","floor":10.0},{"not_picked":["Perfected Strike","Double Tap"],"picked":"Pommel Strike","floor":11.0},{"not_picked":["True Grit","Heavy Blade"],"picked":"Headbutt","floor":14.0},{"not_picked":["Offering","Impervious"],"picked":"Feed","floor":16.0},{"not_picked":["Reckless Charge+1","Warcry"],"picked":"Pommel Strike","floor":18},{"not_picked":["Cleave","Combust+1"],"picked":"Havoc+1","floor":19},{"not_picked":["True Grit","Ghostly Armor"],"picked":"Offering","floor":23},{"not_picked":["Infernal Blade","Body Slam"],"picked":"Evolve+1","floor":25},{"not_picked":["Reckless Charge+1","Armaments"],"picked":"Pommel Strike+1","floor":31}],"player_experience":997877,"relics_obtained":[{"floor":2.0,"key":"Mummified Hand"},{"floor":7.0,"key":"Regal Pillow"},{"floor":11.0,"key":"Paper Frog"},{"floor":22,"key":"Nilry\u0027s Codex"},{"floor":23,"key":"Pen Nib"},{"floor":25,"key":"TungstenRod"},{"floor":26,"key":"InkBottle"}],"event_choices":[{"cards_removed":["Strike_R"],"damage_healed":0.0,"max_hp_gain":0.0,"max_hp_loss":0.0,"gold_gain":0.0,"event_name":"Purifier","player_choice":"Purged","floor":5.0,"gold_loss":0.0,"damage_taken":0.0},{"damage_healed":0,"gold_gain":0,"player_choice":"Shed Blood","damage_taken":27,"max_hp_gain":5,"max_hp_loss":0,"event_name":"Forgotten Altar","floor":20,"gold_loss":0},{"damage_healed":0,"gold_gain":0,"player_choice":"Obtained Book","damage_taken":21,"max_hp_gain":0,"max_hp_loss":0,"event_name":"Cursed Tome","floor":22,"gold_loss":0},{"damage_healed":0,"gold_gain":0,"player_choice":"Read","damage_taken":0,"max_hp_gain":0,"max_hp_loss":0,"event_name":"The Library","floor":28,"gold_loss":0,"cards_obtained":["Shrug It Off"]},{"damage_healed":0,"gold_gain":0,"player_choice":"Joined the Cult","damage_taken":6,"max_hp_gain":0,"max_hp_loss":0,"event_name":"Nest","floor":30,"gold_loss":0,"cards_obtained":["RitualDagger"]}],"is_beta":false,"boss_relics":[{"not_picked":["Tiny House","Runic Cube"],"picked":"SacredBark"}],"items_purged_floors":[],"is_endless":false,"potions_floor_spawned":[10,14,16,19,31],"killed_by":"Champ","ascension_level":19}}