{"host":"uv5ws9rdk87e8i5k","time":1611586837,"event":{"mods":["AchievementEnabler","BaseMod","Colored Map","Minty Spire (QoL Compilation)","StSLib","SuperFastMode","The Necromancer"],"gold_per_floor":[113,125,140,140,163,201,201,201,201],"floor_reached":8,"language":"ENG","playtime":3862,"items_purged":[],"score":81,"play_id":"9bfbc55c-6b21-426b-bd65-f8d8bdcbc49d","local_time":"20210125090037","is_ascension_mode":true,"campfire_choices":[],"circlet_count":0,"master_deck":["Strike_W","Strike_W","Strike_W","Strike_W","Defend_W","Defend_W","Defend_W","Defend_W","Negative_Energy_Arrows","Bone_Wall","Bones_to_Steel","Bone_Shift","Death_Coil","Negative_Energy_Javelin","Bone_Bullets"],"relics":["SacredBark","Golden Idol","Toxic Egg 2"],"acts_visited":["Exordium"],"potions_floor_usage":[6,7],"damage_taken":[{"damage":5,"enemies":"2 Louse","floor":1,"turns":3},{"damage":0,"enemies":"Cultist","floor":2,"turns":4},{"damage":9,"enemies":"Small Slimes","floor":3,"turns":6},{"damage":8,"enemies":"Looter","floor":5,"turns":4},{"damage":32,"enemies":"Gremlin Nob","floor":6,"turns":5},{"damage":1,"enemies":"2 Fungi Beasts","floor":7,"turns":2},{"damage":17,"enemies":"3 Sentries","floor":8,"turns":2}],"seed_played":"7401399068954481389","potions_obtained":[{"floor":2,"key":"Fire Potion"},{"floor":6,"key":"SmokeBomb"}],"is_trial":false,"path_per_floor":["M","M","M","?","M","E","M","E"],"character_chosen":"NECROMANCER","items_purchased":[],"campfire_rested":0,"item_purchase_floors":[],"current_hp_per_floor":[63,63,54,54,46,14,13,0,0],"gold":201,"neow_bonus":"BOSS_RELIC","is_daily":false,"chose_seed":false,"campfire_upgraded":0,"win_rate":0.0,"timestamp":1611586837,"path_taken":["M","M","M","?","M","E","M","E"],"items_purchased_type":[],"build_version":"2020-12-22","purchased_purges":0,"victory":false,"max_hp_per_floor":[75,75,75,69,69,69,69,69,69],"card_choices":[{"not_picked":["Toxic_Smoke_Screen","Whirlwind_of_Bones"],"picked":"Bones_to_Steel","floor":1},{"not_picked":["Negative_Energy_Javelin","Scare"],"picked":"Bone_Shift","floor":2},{"not_picked":["Death_March_Dance","Negative_Energy_Shield"],"picked":"Death_Coil","floor":3},{"not_picked":["Shackles_Of_Pain","Death_Coil"],"picked":"Negative_Energy_Javelin","floor":5},{"not_picked":["Summon_Death_Knight","Negative_Energy_Javelin"],"picked":"Bone_Bullets","floor":6}],"player_experience":265650,"relics_obtained":[{"floor":6,"key":"Toxic Egg 2"}],"event_choices":[{"damage_healed":0,"gold_gain":0,"player_choice":"Lose Max HP","damage_taken":0,"relics_obtained":["Golden Idol"],"max_hp_gain":0,"max_hp_loss":6,"event_name":"Golden Idol","floor":4,"gold_loss":0}],"is_beta":false,"boss_relics":[],"items_purged_floors":[],"is_endless":false,"potions_floor_spawned":[2,6],"killed_by":"3 Sentries","ascension_level":7}}