{"host":"2pqii8qptv2rr269","time":1611595567,"event":{"mods":["2.2 Compatiblity","BaseMod","Better Note","HololiveMod","KinomotoSakuraMod(木之本樱)","Minty Spire (QoL Compilation)","Permanent Neow","Prisma Mod","Quick Restart","StSLib","The Cursed","Voiceroid Mod"],"gold_per_floor":[111,111,111,211,66,93,107,132,155,173,173,20,20,30,30,125,175,185,185,185,198,198,227,227,260,260,286,298,60,77,89,89,185,185,197,197,197,207,222,222,222,237,237,237,237,237,256,266,266,266,266],"floor_reached":50,"language":"JPN","playtime":5666,"items_purged":[],"score":540,"play_id":"188c34e5-616b-4af0-9c29-255e5da2755d","local_time":"20210126022607","is_ascension_mode":false,"campfire_choices":[{"data":"PrismaMod:ChloeGreatTracePools","floor":11.0,"key":"SMITH"},{"data":"Metamorphosis","floor":15.0,"key":"SMITH"},{"data":"PrismaMod:ChloeAnySkillTrace","floor":32,"key":"SMITH"},{"data":"Ghostly","floor":40,"key":"SMITH"},{"data":"Ghostly","floor":44,"key":"SMITH"},{"data":"Ghostly","floor":46,"key":"SMITH"},{"data":"PrismaMod:ChloeDemonicTutor","floor":49,"key":"SMITH"}],"circlet_count":0,"master_deck":["PrismaMod:ChloeCommonAttack","PrismaMod:ChloeCommonAttack","PrismaMod:ChloeCommonAttack","PrismaMod:ChloeCommonAttack","PrismaMod:ChloeCommonDefend","PrismaMod:ChloeCommonDefend","PrismaMod:ChloeCommonDefend+1","PrismaMod:ChloeCommonDefend","PrismaMod:ChloeCommonDefend","PrismaMod:ChloeCheapAttack","PrismaMod:ChloeCheapDefend","Metamorphosis+1","PrismaMod:ChloeCheapAttackTwo","PrismaMod:ChloeCarnivalAttack+1","PrismaMod:ChloeGreatTracePools+1","PrismaMod:ChloeDiscardRecovery","PrismaMod:ChloeChristmas","PrismaMod:ChloeCheapAttack+1","PrismaMod:ChloeMaid","PrismaMod:ChloeExhaustThree+1","PrismaMod:ChloeDemonicTutor+1","PrismaMod:ChloeGaeBolg+1","PrismaMod:ChloeCheapDefendTwo","Ghostly+1","Ghostly+1","Ghostly+1","Ghostly","Ghostly","PrismaMod:ChloeCheapDefend","PrismaMod:ChloeAnySkillTrace+1","PrismaMod:ChloeCarnivalAttack","PrismaMod:ChloeExhaustOne","Madness","PrismaMod:ChloeMordred+1","PrismaMod:ChloeDiscardRecovery+1"],"relics":["PrismaMod:PrismaTraceOn","MealTicket","StoneCalendar","Juzu Bracelet","Boot","Tiny House","Pen Nib","FossilizedHelix","Darkstone Periapt","Toy Ornithopter","Matryoshka","Runic Dome","Centennial Puzzle","Bronze Scales"],"acts_visited":["Exordium","TheCity","TheBeyond"],"potions_floor_usage":[33,33,50,50],"damage_taken":[{"damage":0.0,"enemies":"2 Louse","floor":1.0,"turns":3.0},{"damage":15.0,"enemies":"Lagavulin","floor":6.0,"turns":5.0},{"damage":11.0,"enemies":"Jaw Worm","floor":7.0,"turns":4.0},{"damage":3.0,"enemies":"3 Sentries","floor":8.0,"turns":5.0},{"damage":6.0,"enemies":"Cultist","floor":10.0,"turns":3.0},{"damage":8.0,"enemies":"Gremlin Gang","floor":14.0,"turns":5.0},{"damage":15.0,"enemies":"Slime Boss","floor":16.0,"turns":7.0},{"damage":0.0,"enemies":"Chosen","floor":18.0,"turns":4.0},{"damage":21.0,"enemies":"Shell Parasite","floor":21.0,"turns":6.0},{"damage":75.0,"enemies":"Slavers","floor":23.0,"turns":6.0},{"damage":9,"enemies":"Gremlin Leader","floor":25,"turns":7},{"damage":1,"enemies":"Chosen and Byrds","floor":28,"turns":5},{"damage":0,"enemies":"3 Cultists","floor":30,"turns":3},{"damage":6,"enemies":"Centurion and Healer","floor":31,"turns":7},{"damage":1,"enemies":"Champ","floor":33,"turns":7},{"damage":6,"enemies":"3 Darklings","floor":35,"turns":7},{"damage":2,"enemies":"Orb Walker","floor":38,"turns":3},{"damage":4,"enemies":"Transient","floor":39,"turns":5},{"damage":9,"enemies":"4 Shapes","floor":42,"turns":5},{"damage":0,"enemies":"Maw","floor":47,"turns":6},{"damage":0,"enemies":"Transient","floor":48,"turns":5},{"damage":81,"enemies":"Time Eater","floor":50,"turns":11}],"seed_played":"-4410959993697713219","potions_obtained":[{"floor":7.0,"key":"FairyPotion"},{"floor":14.0,"key":"EssenceOfSteel"},{"floor":16.0,"key":"Block Potion"},{"floor":17.0,"key":"EssenceOfSteel"},{"floor":18.0,"key":"BlessingOfTheForge"},{"floor":31,"key":"CultistPotion"},{"floor":33,"key":"Weak Potion"},{"floor":35,"key":"FairyPotion"},{"floor":42,"key":"AttackPotion"}],"is_trial":false,"path_per_floor":["M","?","?","?","$","E","M","E","T","M","R","$","?","M","R","B",null,"M","?","?","M","$","E","?","E","T","T","M","$","M","M","R","B",null,"M","?","?","M","M","R","$","M","T","R","?","R","M","M","R","B"],"character_chosen":"CHLOE","items_purchased":["PrismaMod:ChloeCarnivalAttack","Boot","Matryoshka"],"campfire_rested":0,"item_purchase_floors":[5,12,29],"current_hp_per_floor":[68,73,73,73,73,58,49,46,46,40,40,55,40,32,32,21,78,78,78,78,57,72,23,23,14,14,14,13,28,28,23,23,35,39,33,33,33,31,35,35,39,30,30,30,30,30,30,30,30,0,0],"gold":266,"neow_bonus":"RANDOM_COLORLESS_2","is_daily":false,"chose_seed":false,"campfire_upgraded":7,"win_rate":0.0,"timestamp":1611595567,"path_taken":["M","?","?","?","$","E","?","E","T","M","R","$","?","M","R","BOSS","M","?","?","M","$","E","?","E","T","?","M","$","M","M","R","BOSS","M","?","?","M","M","R","$","M","T","R","?","R","M","M","R","BOSS"],"items_purchased_type":["Card","Relic","Relic"],"build_version":"2020-12-22","purchased_purges":0,"victory":false,"max_hp_per_floor":[68,73,73,73,73,73,73,73,73,73,73,73,73,73,73,73,78,78,78,78,78,78,78,39,39,39,39,39,39,39,39,39,39,39,39,39,39,39,39,39,39,39,39,39,39,39,39,39,39,39,39],"card_choices":[{"not_picked":["HardWork_SK","Secret Technique"],"picked":"Metamorphosis","floor":0.0},{"not_picked":["PrismaMod:ChloeMordred","PrismaMod:ChloeCommonAOEAttack"],"picked":"PrismaMod:ChloeCheapAttackTwo","floor":1.0},{"not_picked":["PrismaMod:ChloeCheapDefend","PrismaMod:ChloeExcalibur"],"picked":"PrismaMod:ChloeGreatTracePools","floor":6.0},{"not_picked":["PrismaMod:ChloeCheapDefend","PrismaMod:ChloeCheapAttack"],"picked":"PrismaMod:ChloeDiscardRecovery","floor":7.0},{"not_picked":["PrismaMod:ChloeUncommonDefend","PrismaMod:ChloeCheapDefendTwo"],"picked":"PrismaMod:ChloeChristmas","floor":8.0},{"not_picked":["PrismaMod:ChloeCommonAOEAttack","PrismaMod:ChloeBetterTracePools"],"picked":"PrismaMod:ChloeCheapAttack","floor":10.0},{"not_picked":["PrismaMod:ChloeExhaustOne","PrismaMod:ChloeCheapDefendTwo"],"picked":"PrismaMod:ChloeMaid","floor":14.0},{"not_picked":["PrismaMod:ChloeCarnivalAttack","PrismaMod:ChloeDoubleRelicSpeed"],"picked":"PrismaMod:ChloeExhaustThree","floor":16.0},{"not_picked":["PrismaMod:ChloeCheapAttackTwo","PrismaMod:ChloeDiscardRecovery"],"picked":"PrismaMod:ChloeExcalibur","floor":17.0},{"not_picked":["PrismaMod:ChloeCheapDefend","PrismaMod:ChloeCheapAttack"],"picked":"PrismaMod:ChloeDemonicTutor","floor":18.0},{"not_picked":["PrismaMod:ChloeCheapAttack+1","PrismaMod:ChloeExcalibur"],"picked":"PrismaMod:ChloeGaeBolg+1","floor":21.0},{"not_picked":["PrismaMod:ChloeDiscardRecovery","PrismaMod:ChloeRhongomyniad"],"picked":"PrismaMod:ChloeCheapDefendTwo","floor":23.0},{"not_picked":["PrismaMod:ChloeUncommonAttack","PrismaMod:ChloeCheapAttackTwo"],"picked":"PrismaMod:ChloeCheapDefend","floor":25},{"not_picked":["PrismaMod:ChloeCheapDefendTwo","PrismaMod:ChloeDiscardRecovery+1"],"picked":"PrismaMod:ChloeAnySkillTrace","floor":28},{"not_picked":["PrismaMod:ChloeUncommonDefend+1","PrismaMod:ChloeCaladbolg","PrismaMod:ChloeRhongomyniad"],"picked":"SKIP","floor":30},{"not_picked":["PrismaMod:ChloeCommonAOEAttack+1","PrismaMod:ChloeExhaustTwo","PrismaMod:ChloeUncommonAttack"],"picked":"SKIP","floor":31},{"not_picked":["PrismaMod:ChloeAnyUncommonTrace","PrismaMod:ChloeDoubleRelicSpeed"],"picked":"PrismaMod:ChloeCarnivalAttack","floor":33},{"not_picked":["PrismaMod:ChloeCheapDefendTwo+1","PrismaMod:ChloeChristmas"],"picked":"PrismaMod:ChloeExhaustOne","floor":35},{"not_picked":["Dramatic Entrance","Enlightenment"],"picked":"Madness","floor":36},{"not_picked":["PrismaMod:ChloeExcalibur","PrismaMod:ChloeDiscardRecovery"],"picked":"PrismaMod:ChloeMordred+1","floor":38},{"not_picked":["PrismaMod:ChloeCheapDefendTwo","PrismaMod:ChloeCheapAttack+1","PrismaMod:ChloeExhaustOne"],"picked":"SKIP","floor":39},{"not_picked":["PrismaMod:ChloeRuleBreaker+1","PrismaMod:ChloeUncommonAttack+1","PrismaMod:ChloeCommonAOEAttack"],"picked":"SKIP","floor":42},{"not_picked":["PrismaMod:ChloeExhaustTwo","PrismaMod:ChloeExhaustOne"],"picked":"PrismaMod:ChloeDiscardRecovery+1","floor":47},{"not_picked":["PrismaMod:ChloeCommonAOEAttack","PrismaMod:ChloeCheapAttack","PrismaMod:ChloeCheapDefendTwo"],"picked":"SKIP","floor":48}],"player_experience":93493,"relics_obtained":[{"floor":6.0,"key":"MealTicket"},{"floor":8.0,"key":"StoneCalendar"},{"floor":9.0,"key":"Juzu Bracelet"},{"floor":23.0,"key":"Pen Nib"},{"floor":25,"key":"FossilizedHelix"},{"floor":26,"key":"Darkstone Periapt"},{"floor":27,"key":"Toy Ornithopter"},{"floor":43,"key":"Centennial Puzzle"},{"floor":43,"key":"Bronze Scales"}],"event_choices":[{"damage_healed":0.0,"max_hp_gain":5.0,"max_hp_loss":0.0,"gold_gain":0.0,"event_name":"Big Fish","player_choice":"Donut","floor":2.0,"gold_loss":0.0,"damage_taken":0.0},{"damage_healed":0.0,"max_hp_gain":0.0,"max_hp_loss":0.0,"gold_gain":0.0,"event_name":"Golden Wing","player_choice":"Ignored","floor":3.0,"gold_loss":0.0,"damage_taken":0.0},{"damage_healed":0.0,"max_hp_gain":0.0,"max_hp_loss":0.0,"gold_gain":100.0,"event_name":"Golden Shrine","player_choice":"Pray","floor":4.0,"gold_loss":0.0,"damage_taken":0.0},{"damage_healed":0.0,"max_hp_gain":0.0,"max_hp_loss":0.0,"gold_gain":0.0,"event_name":"Shining Light","player_choice":"Entered Light","floor":13.0,"gold_loss":0.0,"damage_taken":15.0,"cards_upgraded":["PrismaMod:ChloeCommonAttack","PrismaMod:ChloeCarnivalAttack"]},{"cards_removed":["PrismaMod:ChloeCarnivalAttack"],"damage_healed":0.0,"max_hp_gain":0.0,"max_hp_loss":0.0,"gold_gain":0.0,"event_name":"betterNote:BetterNote","player_choice":"Give","floor":19.0,"gold_loss":0.0,"damage_taken":0.0,"cards_obtained":["None"]},{"cards_removed":["PrismaMod:ChloeExcalibur"],"damage_healed":0.0,"max_hp_gain":0.0,"max_hp_loss":0.0,"gold_gain":0.0,"event_name":"Bonfire Elementals","player_choice":"Offered Uncommon","floor":20.0,"gold_loss":0.0,"damage_taken":0.0},{"damage_healed":0.0,"max_hp_gain":0.0,"max_hp_loss":39.0,"gold_gain":0.0,"event_name":"Ghosts","player_choice":"Became a Ghost","floor":24.0,"gold_loss":0.0,"damage_taken":0.0,"cards_obtained":["Ghostly","Ghostly","Ghostly","Ghostly","Ghostly"]},{"damage_healed":0,"gold_gain":0,"player_choice":"Memory 1","damage_taken":0,"max_hp_gain":0,"max_hp_loss":0,"event_name":"SensoryStone","floor":36,"gold_loss":0},{"damage_healed":0,"gold_gain":0,"player_choice":"Upgraded","damage_taken":0,"max_hp_gain":0,"max_hp_loss":0,"event_name":"Upgrade Shrine","floor":37,"gold_loss":0,"cards_upgraded":["PrismaMod:ChloeExhaustThree"]},{"cards_removed":["PrismaMod:ChloeCommonAttack"],"damage_healed":0,"gold_gain":0,"player_choice":"Removed Attack","damage_taken":0,"max_hp_gain":0,"max_hp_loss":0,"event_name":"Falling","floor":45,"gold_loss":0}],"is_beta":false,"boss_relics":[{"not_picked":["Hololive_Finger","Runic Pyramid"],"picked":"Tiny House"},{"not_picked":["Hololive_TopUpMoneyS","Empty Cage"],"picked":"Runic Dome"}],"items_purged_floors":[],"is_endless":false,"potions_floor_spawned":[7,14,16,18,21,31,33,35,42,47,48],"killed_by":"Time Eater","ascension_level":0}}