{"host":"xmr2g8b7eju0288o","time":1611618514,"event":{"mods":["AchievementEnabler","BaseMod","Colored Map","Colored Powertips","Minty Spire (QoL Compilation)","Quick Restart","StSLib","SuperFastMode"],"gold_per_floor":[113,19,39,57,207,207,47,76,76,76,76,76,102,121,121,200,200,219,234,234,50,79,79,111,151,222,250,250,263,298,329,329,408,408,442,342,353,353,363,393,393,429,429,461,494,519,546,8,8,8,8],"floor_reached":50,"language":"KOR","playtime":2515,"items_purged":["Doubt","Defend_G"],"score":1711,"play_id":"d0914d78-d989-4726-955d-a8ab147f0e89","local_time":"20210126084834","daily_mods":["DeadlyEvents","Elite Swarm"],"is_ascension_mode":true,"campfire_choices":[{"data":"Blade Dance","floor":6.0,"key":"SMITH"},{"data":"Accuracy","floor":10.0,"key":"SMITH"},{"data":"After Image","floor":15.0,"key":"SMITH"},{"floor":23.0,"key":"REST"},{"data":"After Image","floor":28.0,"key":"SMITH"},{"data":"After Image","floor":32.0,"key":"SMITH"},{"data":"Phantasmal Killer","floor":41.0,"key":"SMITH"},{"data":"Cloak And Dagger","floor":49.0,"key":"SMITH"}],"circlet_count":0,"master_deck":["AscendersBane","Strike_G+1","Strike_G","Strike_G","Defend_G","Defend_G","Defend_G","Defend_G","Survivor","Neutralize","Blade Dance+1","Slice+1","Deflect","Accuracy+1","After Image+1","Phantasmal Killer+1","Dodge and Roll","After Image+1","Backstab","HandOfGreed","After Image+1","Backflip","After Image","Slice","Cloak And Dagger+1"],"relics":["Ring of the Snake","Bird Faced Urn","Kunai","Shuriken","Centennial Puzzle","WristBlade","Meat on the Bone","Happy Flower","InkBottle","FossilizedHelix","Snake Skull","Empty Cage","Sundial","Blue Candle","Peace Pipe","Whetstone","Toxic Egg 2","Mummified Hand","Ninja Scroll"],"acts_visited":["Exordium","TheCity","TheBeyond"],"potions_floor_usage":[50,50],"damage_taken":[{"damage":8.0,"enemies":"Small Slimes","floor":1.0,"turns":5.0},{"damage":1.0,"enemies":"Cultist","floor":3.0,"turns":3.0},{"damage":1.0,"enemies":"2 Louse","floor":4.0,"turns":3.0},{"damage":17.0,"enemies":"Lagavulin","floor":8.0,"turns":5.0},{"damage":0.0,"enemies":"Gremlin Nob","floor":13.0,"turns":2.0},{"damage":0.0,"enemies":"2 Fungi Beasts","floor":14.0,"turns":2.0},{"damage":6.0,"enemies":"Slime Boss","floor":16.0,"turns":10.0},{"damage":3.0,"enemies":"Shell Parasite","floor":18.0,"turns":4.0},{"damage":16.0,"enemies":"3 Byrds","floor":19.0,"turns":7.0},{"damage":21.0,"enemies":"Gremlin Leader","floor":22.0,"turns":6.0},{"damage":27.0,"enemies":"Book of Stabbing","floor":24.0,"turns":7.0},{"damage":20.0,"enemies":"Cultist and Chosen","floor":25.0,"turns":7.0},{"damage":13.0,"enemies":"Gremlin Leader","floor":27.0,"turns":3.0},{"damage":0.0,"enemies":"Snecko","floor":29.0,"turns":5.0},{"damage":6.0,"enemies":"Shelled Parasite and Fungi","floor":30.0,"turns":6.0},{"damage":12.0,"enemies":"Book of Stabbing","floor":31.0,"turns":7.0},{"damage":0.0,"enemies":"Champ","floor":33.0,"turns":13.0},{"damage":0.0,"enemies":"Orb Walker","floor":35.0,"turns":4.0},{"damage":20.0,"enemies":"3 Darklings","floor":37.0,"turns":4.0},{"damage":0.0,"enemies":"Maw","floor":39.0,"turns":9.0},{"damage":22.0,"enemies":"Nemesis","floor":40.0,"turns":11.0},{"damage":20.0,"enemies":"Spire Growth","floor":42.0,"turns":10.0},{"damage":2.0,"enemies":"Giant Head","floor":44.0,"turns":8.0},{"damage":11.0,"enemies":"Sphere and 2 Shapes","floor":45.0,"turns":3.0},{"damage":1.0,"enemies":"Nemesis","floor":47.0,"turns":5.0},{"damage":88,"enemies":"Time Eater","floor":50,"turns":17}],"seed_played":"-664348199347880657","potions_obtained":[{"floor":3.0,"key":"Dexterity Potion"},{"floor":4.0,"key":"CunningPotion"},{"floor":8.0,"key":"SpeedPotion"},{"floor":12.0,"key":"DuplicationPotion"},{"floor":12.0,"key":"Strength Potion"},{"floor":18.0,"key":"SteroidPotion"},{"floor":19.0,"key":"Ancient Potion"},{"floor":27.0,"key":"Fruit Juice"},{"floor":29.0,"key":"Swift Potion"},{"floor":30.0,"key":"SteroidPotion"},{"floor":40.0,"key":"SmokeBomb"},{"floor":42.0,"key":"Dexterity Potion"},{"floor":44.0,"key":"Block Potion"}],"is_trial":true,"path_per_floor":["M","?","M","M","?","R","$","E","T","R","$","?","E","M","R","B",null,"M","M","?","$","E","R","E","M","T","E","R","M","M","E","R","B",null,"M","$","M","?","M","E","R","M","T","E","M","T","E","$","R","B"],"character_chosen":"THE_SILENT","items_purchased":["Accuracy","HandOfGreed","Mummified Hand","Ninja Scroll"],"campfire_rested":1,"item_purchase_floors":[7,21,48,48],"current_hp_per_floor":[51,51,50,49,49,49,49,34,34,34,34,34,36,36,36,34,58,61,51,33,33,18,39,32,32,32,35,35,48,50,46,46,54,71,76,76,58,58,66,52,52,42,42,50,45,45,54,54,54,0,0],"gold":8,"neow_bonus":"","is_daily":false,"chose_seed":false,"campfire_upgraded":7,"win_rate":0.0,"timestamp":1611618514,"path_taken":["M","?","M","?","?","R","?","?","T","R","$","?","E","M","R","BOSS","M","?","?","$","?","R","E","M","T","E","R","?","M","E","R","BOSS","M","$","M","?","M","E","R","M","T","E","?","?","E","$","R","BOSS"],"items_purchased_type":["Card","Card","Relic","Relic"],"build_version":"2020-12-22","purchased_purges":2,"victory":false,"max_hp_per_floor":[66,66,66,66,66,66,66,66,66,66,66,66,66,66,66,66,66,66,66,71,71,71,71,71,71,71,71,71,76,76,76,76,76,76,76,76,76,72,72,72,72,72,72,72,72,72,72,72,72,72,72],"card_choices":[{"not_picked":["Acrobatics","Skewer"],"picked":"Blade Dance","floor":1.0},{"not_picked":["Expertise","Predator"],"picked":"Slice","floor":3.0},{"not_picked":["Leg Sweep","Terror"],"picked":"Deflect","floor":4.0},{"not_picked":["Unload","A Thousand Cuts"],"picked":"After Image","floor":8.0},{"not_picked":["Night Terror","A Thousand Cuts"],"picked":"Phantasmal Killer","floor":13.0},{"not_picked":["Deadly Poison","Slice"],"picked":"Dodge and Roll","floor":14.0},{"not_picked":["Wraith Form v2","Burst"],"picked":"After Image","floor":16.0},{"not_picked":["PiercingWail","Dagger Throw","Riddle With Holes"],"picked":"SKIP","floor":18.0},{"not_picked":["Outmaneuver","Well Laid Plans"],"picked":"Backstab","floor":19.0},{"not_picked":["Doppelganger","Glass Knife"],"picked":"After Image","floor":22.0},{"not_picked":["Night Terror","Die Die Die","Tools of the Trade"],"picked":"SKIP","floor":24.0},{"not_picked":["Prepared","Escape Plan"],"picked":"Backflip","floor":25.0},{"not_picked":["Envenom","A Thousand Cuts","Corpse Explosion"],"picked":"SKIP","floor":27.0},{"not_picked":["Backflip","Prepared","Outmaneuver"],"picked":"SKIP","floor":29.0},{"not_picked":["Quick Slash","Concentrate","PiercingWail"],"picked":"SKIP","floor":30.0},{"not_picked":["Venomology","Phantasmal Killer","Malaise"],"picked":"SKIP","floor":31.0},{"not_picked":["Infinite Blades+1","Heel Hook+1","Reflex+1"],"picked":"SKIP","floor":35.0},{"not_picked":["Catalyst","Riddle With Holes","Flying Knee"],"picked":"SKIP","floor":37.0},{"not_picked":["Sucker Punch","Acrobatics+1","Distraction"],"picked":"SKIP","floor":39.0},{"not_picked":["Envenom","Adrenaline"],"picked":"After Image","floor":40.0},{"not_picked":["Skewer","Sucker Punch"],"picked":"Slice","floor":42.0},{"not_picked":["Bullet Time","Unload","A Thousand Cuts"],"picked":"SKIP","floor":44.0},{"not_picked":["Bane","Acrobatics"],"picked":"Cloak And Dagger","floor":45.0},{"not_picked":["Corpse Explosion+1","Burst+1","Doppelganger+1"],"picked":"SKIP","floor":47.0}],"player_experience":109535,"relics_obtained":[{"floor":8.0,"key":"Kunai"},{"floor":9.0,"key":"Shuriken"},{"floor":13.0,"key":"Centennial Puzzle"},{"floor":22.0,"key":"Meat on the Bone"},{"floor":24.0,"key":"Happy Flower"},{"floor":26.0,"key":"InkBottle"},{"floor":27.0,"key":"FossilizedHelix"},{"floor":31.0,"key":"Snake Skull"},{"floor":40.0,"key":"Sundial"},{"floor":43.0,"key":"Blue Candle"},{"floor":44.0,"key":"Peace Pipe"},{"floor":46.0,"key":"Whetstone"},{"floor":47.0,"key":"Toxic Egg 2"}],"event_choices":[{"damage_healed":0.0,"max_hp_gain":0.0,"max_hp_loss":0.0,"gold_gain":0.0,"event_name":"WeMeetAgain","player_choice":"Paid Gold","floor":2.0,"gold_loss":94.0,"damage_taken":0.0,"relics_obtained":["Bird Faced Urn"]},{"damage_healed":0.0,"max_hp_gain":0.0,"max_hp_loss":0.0,"gold_gain":150.0,"event_name":"Liars Game","player_choice":"AGREE","floor":5.0,"gold_loss":0.0,"damage_taken":0.0,"cards_obtained":["Doubt"]},{"damage_healed":0.0,"max_hp_gain":0.0,"max_hp_loss":0.0,"gold_gain":0.0,"event_name":"Lab","player_choice":"Got Potions","floor":12.0,"gold_loss":0.0,"damage_taken":0.0},{"damage_healed":0.0,"max_hp_gain":5.0,"max_hp_loss":0.0,"gold_gain":0.0,"event_name":"Forgotten Altar","player_choice":"Shed Blood","floor":20.0,"gold_loss":0.0,"damage_taken":23.0},{"damage_healed":0.0,"max_hp_gain":0.0,"max_hp_loss":4.0,"gold_gain":0.0,"event_name":"Winding Halls","player_choice":"Max HP","floor":38.0,"gold_loss":0.0,"damage_taken":0.0}],"is_beta":false,"boss_relics":[{"not_picked":["Cursed Key","Tiny House"],"picked":"WristBlade"},{"not_picked":["Astrolabe","HoveringKite"],"picked":"Empty Cage"}],"items_purged_floors":[7,36],"is_endless":true,"potions_floor_spawned":[3,4,8,18,19,27,29,30,40,42,44,45,47],"killed_by":"Time Eater","ascension_level":20}}