{"host":"95ip98gf8c4vrv08","time":1611555233,"event":{"mods":["Arknights The Spire","BaseMod","Hunter ??","Minty Spire (QoL Compilation)","Quick Restart","Relic Stats","StSLib","The Bug Knight","The Gatherer","The Hierophant","The Runesmith","The Senshi","Wide Potions","????"],"gold_per_floor":[117,117,117,130,76,76,117,136,136,54,54,67,29,54,54,180,180,196,196,127,148,148,148,162,185,185,185,185,185,201,222,222,222,222],"floor_reached":33,"language":"ZHS","playtime":1768,"items_purged":[],"score":272,"play_id":"918732ef-b427-4831-a2da-28e27a0d2cb7","local_time":"20210125141353","is_ascension_mode":false,"campfire_choices":[{"floor":6,"key":"REST"},{"floor":15,"key":"REST"},{"floor":23,"key":"REST"},{"floor":27,"key":"REST"},{"floor":29,"key":"REST"},{"floor":32,"key":"REST"}],"circlet_count":0,"master_deck":["theSenshi:SailorKick","theSenshi:SailorKick","theSenshi:SailorKick","theSenshi:SailorKick","theSenshi:SailorBlock+1","theSenshi:SailorBlock","theSenshi:SailorBlock","theSenshi:SailorBlock","theSenshi:RoseThrow","theSenshi:MoonPrismPowerMakeUp","theSenshi:IWillPunishYou+1","theSenshi:SteeledNerves","theSenshi:SailorMercuryAssists","theSenshi:SchoolBag","theSenshi:SailorNeptuneAssists","theSenshi:MoonCosmicPowerMakeUp","theSenshi:KlutzyLuck","theSenshi:LateForSchool","theSenshi:GatheringStrength","theSenshi:MoonCrystalPowerMakeUp","theSenshi:MoonCosmicPowerMakeUp","theSenshi:SilverMoonCrystalPowerKiss","theSenshi:MoonPrincessHalation+1","theSenshi:MoonCrisisMakeUp","theSenshi:EncouragingSpeech","theSenshi:TallSilhouette","theSenshi:ChibiMoonsLove","theSenshi:SailorVenusAssists"],"relics":["theSenshi:TransformationBroochRelic","Golden Idol","Letter Opener","Runesmith:Nanobots","NlothsMask","Runic Pyramid","Ornamental Fan"],"acts_visited":["Exordium","TheCity"],"potions_floor_usage":[7,16,25,25,31],"damage_taken":[{"damage":6,"enemies":"Small Slimes","floor":1,"turns":5},{"damage":11,"enemies":"2 Louse","floor":4,"turns":3},{"damage":0,"enemies":"Gremlin Nob","floor":7,"turns":3},{"damage":4,"enemies":"Jaw Worm","floor":8,"turns":4},{"damage":14,"enemies":"2 Fungi Beasts","floor":12,"turns":5},{"damage":6,"enemies":"Red Slaver","floor":14,"turns":4},{"damage":37,"enemies":"The Guardian","floor":16,"turns":23},{"damage":32,"enemies":"Spheric Guardian","floor":18,"turns":6},{"damage":1,"enemies":"Snecko","floor":21,"turns":5},{"damage":23,"enemies":"Snake Plant","floor":24,"turns":5},{"damage":36,"enemies":"Shelled Parasite and Fungi","floor":25,"turns":9},{"damage":9,"enemies":"Chosen and Byrds","floor":30,"turns":8},{"damage":41,"enemies":"Cultist and Chosen","floor":31,"turns":10},{"damage":40,"enemies":"Collector","floor":33,"turns":5}],"seed_played":"3679836803736380089","potions_obtained":[{"floor":4,"key":"SkillPotion"},{"floor":12,"key":"Weak Potion"},{"floor":16,"key":"Strength Potion"},{"floor":18,"key":"Dexterity Potion"},{"floor":21,"key":"Fire Potion"},{"floor":25,"key":"FearPotion"}],"is_trial":false,"path_per_floor":["M","?","?","M","$","R","E","M","T","$","?","M","$","M","R","B",null,"M","T","$","M","?","R","M","M","T","R","?","R","M","M","R","B"],"character_chosen":"THE_SENSHI","items_purchased":["theSenshi:SchoolBag","theSenshi:KlutzyLuck","theSenshi:LateForSchool","theSenshi:MoonCrystalPowerMakeUp","theSenshi:MoonCrisisMakeUp"],"campfire_rested":6,"item_purchase_floors":[5,10,10,13,20],"current_hp_per_floor":[69,54,36,25,25,47,47,43,43,43,43,29,29,23,45,8,75,43,43,43,42,42,64,41,5,5,27,27,49,40,9,31,0,0],"gold":222,"neow_bonus":"ONE_RANDOM_RARE_CARD","is_daily":false,"chose_seed":false,"campfire_upgraded":0,"win_rate":0.0,"timestamp":1611555233,"path_taken":["M","?","?","M","?","R","E","M","T","$","?","?","?","M","R","BOSS","M","?","$","M","?","R","M","?","T","R","?","R","M","M","R","BOSS"],"items_purchased_type":["Card","Card","Card","Card","Card"],"build_version":"2020-12-22","purchased_purges":0,"victory":false,"max_hp_per_floor":[75,75,75,75,75,75,75,75,75,75,75,75,75,75,75,75,75,75,75,75,75,75,75,75,75,75,75,75,75,75,75,75,75,75],"relic_stats":{"counters":[14,95],"Golden Idol":70,"Ornamental Fan":[0],"Letter Opener":[105],"obtain_stats":[{"Runesmith:Nanobots":9,"theSenshi:TransformationBroochRelic":0,"Golden Idol":3,"Ornamental Fan":26,"Letter Opener":7,"NlothsMask":11,"Runic Pyramid":17},{"Runesmith:Nanobots":4,"theSenshi:TransformationBroochRelic":0,"Golden Idol":1,"Ornamental Fan":11,"Letter Opener":3,"NlothsMask":4,"Runic Pyramid":7},{"Runesmith:Nanobots":15,"theSenshi:TransformationBroochRelic":0,"Golden Idol":5,"Ornamental Fan":72,"Letter Opener":11,"NlothsMask":15,"Runic Pyramid":47}]},"card_choices":[{"not_picked":["theSenshi:MoonKick","theSenshi:MoonPrincessHalation"],"picked":"theSenshi:SteeledNerves","floor":1},{"not_picked":["theSenshi:MoonKick","theSenshi:MoonPrincessHalation"],"picked":"theSenshi:SailorMercuryAssists","floor":4},{"not_picked":["theSenshi:SupersonicWaves","theSenshi:SailorV"],"picked":"theSenshi:SailorNeptuneAssists","floor":7},{"not_picked":["theSenshi:TallSilhouette","theSenshi:YouCanTalk"],"picked":"theSenshi:MoonCosmicPowerMakeUp","floor":8},{"not_picked":["theSenshi:TuxedoSmokingBomber","theSenshi:SailorCosmosAssists"],"picked":"theSenshi:GatheringStrength","floor":12},{"not_picked":["theSenshi:MoonPunch","theSenshi:YouCanTalk"],"picked":"theSenshi:MoonCosmicPowerMakeUp","floor":14},{"not_picked":["theSenshi:LunaSensingAllies","theSenshi:JupitersPower"],"picked":"theSenshi:SilverMoonCrystalPowerKiss","floor":16},{"not_picked":["theSenshi:TuxedoSmokingBomber","theSenshi:SailorMarsAssists"],"picked":"theSenshi:MoonPrincessHalation+1","floor":18},{"not_picked":["theSenshi:LunasBite+1","theSenshi:SchoolBag"],"picked":"theSenshi:EncouragingSpeech","floor":21},{"not_picked":["theSenshi:MoonKick","theSenshi:MercurysCunning","theSenshi:SailorChibiMoonAssists"],"picked":"SKIP","floor":24},{"not_picked":["theSenshi:YouCanTalk","theSenshi:MoonPrincessHalation"],"picked":"theSenshi:TallSilhouette","floor":25},{"not_picked":["theSenshi:SailorNeptuneAssists+1","theSenshi:EncouragingSpeech"],"picked":"theSenshi:ChibiMoonsLove","floor":30},{"not_picked":["theSenshi:SailorMarsAssists","theSenshi:MoonKick"],"picked":"theSenshi:SailorVenusAssists","floor":31}],"player_experience":192365,"relics_obtained":[{"floor":7,"key":"Letter Opener"},{"floor":9,"key":"Runesmith:Nanobots"},{"floor":26,"key":"Ornamental Fan"}],"event_choices":[{"damage_healed":0,"gold_gain":0,"player_choice":"Entered Light","damage_taken":15,"max_hp_gain":0,"max_hp_loss":0,"event_name":"Shining Light","floor":2,"gold_loss":0,"cards_upgraded":["theSenshi:SailorBlock","theSenshi:IWillPunishYou"]},{"damage_healed":0,"gold_gain":0,"player_choice":"Take Damage","damage_taken":18,"relics_obtained":["Golden Idol"],"max_hp_gain":0,"max_hp_loss":0,"event_name":"Golden Idol","floor":3,"gold_loss":0},{"damage_healed":0,"gold_gain":0,"player_choice":"Trade","damage_taken":0,"relics_obtained":["NlothsMask"],"max_hp_gain":0,"max_hp_loss":0,"event_name":"FaceTrader","floor":11,"gold_loss":0},{"damage_healed":0,"gold_gain":0,"player_choice":"Bought 0 Potions","damage_taken":0,"max_hp_gain":0,"max_hp_loss":0,"event_name":"The Woman in Blue","floor":22,"gold_loss":0},{"damage_healed":0,"gold_gain":0,"player_choice":"Ignored","damage_taken":0,"max_hp_gain":0,"max_hp_loss":0,"event_name":"NoteForYourself","floor":28,"gold_loss":0}],"is_beta":false,"boss_relics":[{"not_picked":["Coffee Dripper","Pandora\u0027s Box"],"picked":"Runic Pyramid"}],"items_purged_floors":[],"is_endless":false,"potions_floor_spawned":[4,12,14,16,18,21,25],"killed_by":"Collector","ascension_level":0}}