{"host":"7gewg82ormp6yt4e","time":1611592743,"event":{"mods":["BaseMod","Block Reminder","Colored Map","DeckTracker","Highlight Path","Minty Spire (QoL Compilation)","Relic Stats","StSLib","ojb\u0027s Info Mod"],"gold_per_floor":[113,131,206,225,280,280,0,0,0,11,43,68,86,86,86,158,158,177,197,211,211,211,211,237,250,296,316,20,20,30,0,0,79,79,89,106,106,125,14,14,48,98,98,98,98,42,75,91,91,111,111,111,111,0,31,31],"floor_reached":57,"language":"JPN","playtime":5372,"items_purged":[],"score":3135,"play_id":"f3570600-25b9-457b-b4f6-697bfdd7a8ea","local_time":"20210126013903","is_ascension_mode":true,"campfire_choices":[{"data":"Streamline","floor":6.0,"key":"SMITH"},{"data":"Zap","floor":8.0,"key":"SMITH"},{"data":"Defragment","floor":15.0,"key":"SMITH"},{"floor":23.0,"key":"REST"},{"data":"Defragment","floor":29.0,"key":"SMITH"},{"floor":32.0,"key":"REST"},{"data":"Seek","floor":40.0,"key":"SMITH"},{"floor":44.0,"key":"RECALL"},{"floor":49.0,"key":"REST"},{"data":"Seek","floor":53.0,"key":"SMITH"}],"circlet_count":0,"master_deck":["AscendersBane","Strike_B","Strike_B","Strike_B","Defend_B","Defend_B","Defend_B","Defend_B","Zap+1","Dualcast","Panacea","FTL","Streamline+1","Ball Lightning","Ball Lightning","Sweeping Beam","Glacier","Defragment+1","Coolheaded","Seek+1","Skim","Go for the Eyes+1","Creative AI","Compile Driver+1","Sweeping Beam+1","Glacier","Capacitor","Defragment+1","Capacitor","Turbo","FTL+1","Creative AI","Cold Snap+1","Seek+1","Glacier+1","Hologram","Coolheaded","Decay","Dark Shackles","Jack Of All Trades","Conserve Battery+1","Capacitor","Barrage+1"],"relics":["Cracked Core","DataDisk","Matryoshka","Symbiotic Virus","Odd Mushroom","SacredBark","Bottled Flame","Gambling Chip","Letter Opener","Pen Nib","Orichalcum","Orrery","Cursed Key","Potion Belt","FossilizedHelix","The Courier","White Beast Statue"],"acts_visited":["Exordium","TheCity","TheBeyond","TheEnding"],"potions_floor_usage":[56,56,56],"damage_taken":[{"damage":3.0,"enemies":"2 Louse","floor":1.0,"turns":3.0},{"damage":10.0,"enemies":"Small Slimes","floor":2.0,"turns":3.0},{"damage":7.0,"enemies":"Jaw Worm","floor":4.0,"turns":3.0},{"damage":0.0,"enemies":"Large Slime","floor":10.0,"turns":3.0},{"damage":8.0,"enemies":"Gremlin Nob","floor":11.0,"turns":3.0},{"damage":2.0,"enemies":"The Mushroom Lair","floor":12.0,"turns":3.0},{"damage":0.0,"enemies":"3 Louse","floor":13.0,"turns":4.0},{"damage":0.0,"enemies":"Hexaghost","floor":16.0,"turns":7.0},{"damage":17.0,"enemies":"Shell Parasite","floor":18.0,"turns":7.0},{"damage":4.0,"enemies":"Chosen","floor":19.0,"turns":4.0},{"damage":15.0,"enemies":"Snake Plant","floor":20.0,"turns":6.0},{"damage":0.0,"enemies":"Book of Stabbing","floor":24.0,"turns":6.0},{"damage":2.0,"enemies":"Shelled Parasite and Fungi","floor":25.0,"turns":6.0},{"damage":10.0,"enemies":"3 Cultists","floor":27.0,"turns":4.0},{"damage":0.0,"enemies":"Sentry and Sphere","floor":30.0,"turns":4.0},{"damage":43.0,"enemies":"Collector","floor":33.0,"turns":10.0},{"damage":1.0,"enemies":"3 Shapes","floor":35.0,"turns":6.0},{"damage":1.0,"enemies":"Orb Walker","floor":36.0,"turns":3.0},{"damage":4.0,"enemies":"Spire Growth","floor":38.0,"turns":5.0},{"damage":0.0,"enemies":"Giant Head","floor":41.0,"turns":11.0},{"damage":6.0,"enemies":"2 Orb Walkers","floor":42.0,"turns":7.0},{"damage":17.0,"enemies":"Nemesis","floor":47.0,"turns":13.0},{"damage":16.0,"enemies":"Transient","floor":48.0,"turns":6.0},{"damage":0.0,"enemies":"Awakened One","floor":50.0,"turns":21.0},{"damage":0.0,"enemies":"Time Eater","floor":51.0,"turns":25.0},{"damage":17,"enemies":"Shield and Spear","floor":55,"turns":17},{"damage":78,"enemies":"The Heart","floor":56,"turns":14}],"seed_played":"-6515965991659716593","potions_obtained":[{"floor":1.0,"key":"ColorlessPotion"},{"floor":13.0,"key":"SpeedPotion"},{"floor":20.0,"key":"SkillPotion"},{"floor":24.0,"key":"FearPotion"},{"floor":30.0,"key":"Dexterity Potion"},{"floor":33.0,"key":"SkillPotion"},{"floor":36.0,"key":"FearPotion"},{"floor":41.0,"key":"Block Potion"},{"floor":47.0,"key":"Explosive Potion"},{"floor":55,"key":"Regen Potion"}],"is_trial":false,"path_per_floor":["M","M","?","M","?","R","$","R","T","M","E","?","M","?","R","B",null,"M","M","M","?","T","R","E","M","T","M","$","R","M","?","R","B",null,"M","M","$","M","$","R","E","?","T","R","?","$","E","M","R","B","B",null,"R","$","E","B",null],"character_chosen":"DEFECT","items_purchased":["DataDisk","Ball Lightning","ColorlessPotion","Capacitor","Dexterity Potion","Orrery","Fruit Juice","ColorlessPotion","Regen Potion","FocusPotion"],"campfire_rested":3,"item_purchase_floors":[7,7,7,28,28,28,39,46,54,54],"current_hp_per_floor":[61,51,40,33,33,33,33,33,33,33,25,23,23,23,23,23,59,42,38,23,23,23,44,44,42,42,32,32,32,32,32,53,10,56,55,54,54,50,60,60,60,54,54,54,44,44,27,11,35,35,35,70,70,70,53,72],"gold":31,"neow_bonus":"RANDOM_COLORLESS","is_daily":false,"chose_seed":false,"campfire_upgraded":6,"win_rate":0.0,"timestamp":1611592743,"path_taken":["M","M","?","M","?","R","$","R","T","?","E","?","M","?","R","BOSS","M","M","?","?","?","R","E","M","T","?","$","R","M","?","R","BOSS","M","M","$","M","$","R","E","?","T","R","?","$","E","M","R","BOSS","BOSS","R","$","E","BOSS"],"items_purchased_type":["Relic","Card","Potion","Card","Potion","Relic","Potion","Potion","Potion","Potion"],"build_version":"2020-12-22","purchased_purges":0,"victory":true,"max_hp_per_floor":[71,71,71,71,71,71,71,71,71,71,71,71,71,71,71,71,71,71,71,71,71,71,71,71,71,71,71,71,71,71,71,71,71,71,71,71,71,71,81,81,81,81,81,81,81,81,81,81,81,81,81,81,81,81,81,81],"relic_stats":{"counters":[27,204],"Gambling Chip":[51],"Pen Nib":[17],"Letter Opener":[223],"Orichalcum":[408],"Cursed Key":1,"obtain_stats":[{"Potion Belt":41,"SacredBark":17,"Pen Nib":26,"The Courier":47,"Letter Opener":24,"Odd Mushroom":12,"Orichalcum":26,"Cursed Key":34,"White Beast Statue":55,"DataDisk":7,"Bottled Flame":22,"Matryoshka":9,"Gambling Chip":22,"Orrery":28,"Cracked Core":0,"Symbiotic Virus":11,"FossilizedHelix":42},{"Potion Belt":20,"SacredBark":8,"Pen Nib":13,"The Courier":22,"Letter Opener":12,"Odd Mushroom":6,"Orichalcum":13,"Cursed Key":16,"White Beast Statue":26,"DataDisk":3,"Bottled Flame":11,"Matryoshka":3,"Gambling Chip":11,"Orrery":14,"Cracked Core":0,"Symbiotic Virus":5,"FossilizedHelix":21},{"Potion Belt":101,"SacredBark":29,"Pen Nib":58,"The Courier":121,"Letter Opener":52,"Odd Mushroom":18,"Orichalcum":58,"Cursed Key":76,"White Beast Statue":190,"DataDisk":9,"Bottled Flame":46,"Matryoshka":9,"Gambling Chip":46,"Orrery":62,"Cracked Core":0,"Symbiotic Virus":15,"FossilizedHelix":108}]},"card_choices":[{"not_picked":["Dramatic Entrance","Dark Shackles"],"picked":"Panacea","floor":0.0},{"not_picked":["Leap","Streamline"],"picked":"FTL","floor":1.0},{"not_picked":["Redo","Steam"],"picked":"Streamline","floor":2.0},{"not_picked":["FTL","Hologram"],"picked":"Ball Lightning","floor":4.0},{"not_picked":["Gash","Streamline"],"picked":"Sweeping Beam","floor":10.0},{"not_picked":["Reprogram","Reinforced Body"],"picked":"Glacier","floor":11.0},{"not_picked":["Streamline","Beam Cell"],"picked":"Defragment","floor":12.0},{"not_picked":["Aggregate","Blizzard"],"picked":"Coolheaded","floor":13.0},{"not_picked":["All For One","Multi-Cast"],"picked":"Seek","floor":16.0},{"not_picked":["Redo","Ball Lightning"],"picked":"Skim","floor":18.0},{"not_picked":["Undo","Cold Snap"],"picked":"Go for the Eyes+1","floor":19.0},{"not_picked":["Turbo","Darkness"],"picked":"Creative AI","floor":20.0},{"not_picked":["Streamline","Aggregate"],"picked":"Compile Driver+1","floor":24.0},{"not_picked":["Go for the Eyes","Double Energy"],"picked":"Sweeping Beam+1","floor":25.0},{"not_picked":["Ball Lightning","Redo"],"picked":"Glacier","floor":27.0},{"not_picked":["Skim","Streamline"],"picked":"Defragment","floor":28.0},{"not_picked":["Rainbow","Auto Shields+1"],"picked":"Capacitor","floor":28.0},{"not_picked":["Conserve Battery","Gash"],"picked":"Turbo","floor":28.0},{"not_picked":["Sunder","Steam"],"picked":"FTL+1","floor":28.0},{"not_picked":["Streamline","Ball Lightning"],"picked":"Creative AI","floor":28.0},{"not_picked":["Static Discharge","Darkness"],"picked":"Cold Snap+1","floor":30.0},{"not_picked":["Hyperbeam","Machine Learning"],"picked":"Seek","floor":33.0},{"not_picked":["Fusion","Beam Cell+1"],"picked":"Glacier+1","floor":35.0},{"not_picked":["Beam Cell","Leap","Ball Lightning"],"picked":"SKIP","floor":36.0},{"not_picked":["Lockon","Steam+1","FTL"],"picked":"SKIP","floor":38.0},{"not_picked":["Auto Shields","Conserve Battery"],"picked":"Hologram","floor":41.0},{"not_picked":["Turbo","Storm+1"],"picked":"Coolheaded","floor":42.0},{"not_picked":["Trip","Secret Weapon"],"picked":"Dark Shackles","floor":45.0},{"not_picked":["PanicButton","Forethought"],"picked":"Jack Of All Trades","floor":45.0},{"not_picked":["Tempest","Redo"],"picked":"Conserve Battery+1","floor":47.0},{"not_picked":["Barrage","Streamline"],"picked":"Capacitor","floor":48.0},{"not_picked":["Ball Lightning","Multi-Cast"],"picked":"Barrage+1","floor":55}],"player_experience":2687325,"relics_obtained":[{"floor":9.0,"key":"Matryoshka"},{"floor":11.0,"key":"Symbiotic Virus"},{"floor":12.0,"key":"Odd Mushroom"},{"floor":22.0,"key":"Bottled Flame"},{"floor":22.0,"key":"Gambling Chip"},{"floor":24.0,"key":"Letter Opener"},{"floor":26.0,"key":"Pen Nib"},{"floor":26.0,"key":"Orichalcum"},{"floor":41.0,"key":"Potion Belt"},{"floor":42.0,"key":"FossilizedHelix"},{"floor":47.0,"key":"The Courier"},{"floor":55,"key":"White Beast Statue"}],"event_choices":[{"damage_healed":0.0,"max_hp_gain":0.0,"max_hp_loss":0.0,"gold_gain":75.0,"event_name":"World of Goop","player_choice":"Gather Gold","floor":3.0,"gold_loss":0.0,"damage_taken":11.0},{"damage_healed":0.0,"max_hp_gain":0.0,"max_hp_loss":0.0,"gold_gain":55.0,"event_name":"Golden Wing","player_choice":"Gained Gold","floor":5.0,"gold_loss":0.0,"damage_taken":0.0},{"damage_healed":0.0,"max_hp_gain":0.0,"max_hp_loss":0.0,"gold_gain":0.0,"event_name":"Mushrooms","player_choice":"Fought Mushrooms","floor":12.0,"gold_loss":0.0,"damage_taken":0.0},{"cards_removed":["Strike_B"],"damage_healed":0.0,"max_hp_gain":0.0,"max_hp_loss":0.0,"gold_gain":0.0,"event_name":"Purifier","player_choice":"Purged","floor":14.0,"gold_loss":0.0,"damage_taken":0.0},{"damage_healed":0.0,"max_hp_gain":0.0,"max_hp_loss":0.0,"gold_gain":0.0,"event_name":"Cursed Tome","player_choice":"Ignored","floor":21.0,"gold_loss":0.0,"damage_taken":0.0},{"damage_healed":0.0,"max_hp_gain":0.0,"max_hp_loss":0.0,"gold_gain":0.0,"event_name":"Masked Bandits","player_choice":"Paid Fearfully","floor":31.0,"gold_loss":30.0,"damage_taken":0.0},{"damage_healed":0.0,"max_hp_gain":0.0,"max_hp_loss":0.0,"gold_gain":0.0,"event_name":"Mysterious Sphere","player_choice":"Fight","floor":42.0,"gold_loss":0.0,"damage_taken":0.0},{"damage_healed":0.0,"max_hp_gain":0.0,"max_hp_loss":0.0,"gold_gain":0.0,"event_name":"SensoryStone","player_choice":"Memory 3","floor":45.0,"gold_loss":0.0,"damage_taken":10.0}],"is_beta":false,"boss_relics":[{"not_picked":["Black Star","Busted Crown"],"picked":"SacredBark"},{"not_picked":["Empty Cage","Philosopher\u0027s Stone"],"picked":"Cursed Key"}],"items_purged_floors":[],"is_endless":false,"potions_floor_spawned":[1,10,13,20,24,30,33,36,41,47,55],"ascension_level":20}}