{"host":"e3e44o7b7hlfocim","time":1611584361,"event":{"mods":["2.2 Compatiblity","Act Like it!","BaseMod","Conspire","Elementarium","GifTheSpireLib","Hubris","Infinite Spire","Lobotomy","LobotomyExtend","Minty Spire (QoL Compilation)","Reliquary","Remilia??????","Replay The Spire","StSLib","The Animator","The Death Knight","The Servant 0.9.4"],"gold_per_floor":[114,114,114,114,128,128,146,146,196,196,19,35,53,92,92,216,216,230,251,251,284,304,304,342,365,365,365,365,390,390,415,415,543,543,566,591,591,591,591,591,629,629,654,654,954,977,990,1010,1010,1010],"floor_reached":51,"language":"ENG","playtime":4557,"items_purged":["hubris:Disease"],"score":672,"play_id":"2c8452b7-129b-43cd-ab70-7dea74033228","local_time":"20210125091921","is_ascension_mode":false,"campfire_choices":[{"data":"Crippling Poison","floor":6,"key":"SMITH"},{"data":"Footwork","floor":8,"key":"SMITH"},{"data":"Neutralize","floor":10,"key":"SMITH"},{"data":"infinitespire:Neurotoxin","floor":15,"key":"SMITH"},{"data":"Noxious Fumes","floor":23,"key":"SMITH"},{"data":"Footwork","floor":28,"key":"SMITH"},{"data":"Adrenaline","floor":30,"key":"SMITH"},{"floor":32,"key":"REST"},{"data":"Poisoned Stab","floor":40,"key":"SMITH"},{"data":"Deadly Poison","floor":42,"key":"SMITH"},{"data":"m_Survivalism","floor":44,"key":"SMITH"},{"data":"Prepared","floor":49,"key":"SMITH"}],"circlet_count":0,"master_deck":["Strike_G","Strike_G+1","Strike_G","Strike_G","Defend_G","Defend_G","Defend_G+1","Defend_G","Defend_G","Neutralize+1","Crippling Poison+1","m_Survivalism+1","Quick Slash","Deflect","Footwork+1","PiercingWail","Prepared+1","Noxious Fumes+1","infinitespire:Neurotoxin+1","Adrenaline+1","Footwork+1","Deadly Poison+1","Crippling Poison+1","Venomology","Poisoned Stab+1","PiercingWail+1","conspire:DoublingDagger"],"relics":["Ring of the Snake","Replay:PocketPolymizer","LetterFromLob","Golden Idol","infinitespire:Satchel","reliquary:RadioactivePellet","reliquary:SharkskinSheath","Painkiller Herb","Simple Rune","conspire:SpecialSausage","hubris:64BitClover","ScarletDevilRocket","reliquary:IridiumChain","Mercury Hourglass","Elementarium:ElementariumTrophy","ReplayFunnel","hubris:Icosahedron","reliquary:OuijaBoard","SlaversCollar","The Courier","reliquary:PorcupineQuills","Akabeko"],"acts_visited":["Exordium","Exordium","TheBeyond"],"potions_floor_usage":[16,16,50,50,50,50,50,50],"damage_taken":[{"damage":1,"enemies":"conspire:RoseBush","floor":1,"turns":3},{"damage":0,"enemies":"Small Slimes","floor":5,"turns":3},{"damage":3,"enemies":"Jaw Worm","floor":7,"turns":3},{"damage":0,"enemies":"Blue Slaver","floor":12,"turns":4},{"damage":0,"enemies":"Exordium Wildlife","floor":13,"turns":4},{"damage":9,"enemies":"Replay:BlueRogue","floor":14,"turns":7},{"damage":25,"enemies":"Slime Boss","floor":16,"turns":14},{"damage":10,"enemies":"Elementarium:MUD_AND_TAR_GOLEMS","floor":18,"turns":4},{"damage":15,"enemies":"Elementarium:2_ELEMENTALS","floor":19,"turns":4},{"damage":0,"enemies":"Gremlin Leader","floor":21,"turns":6},{"damage":0,"enemies":"Elementarium:RubyGolem","floor":22,"turns":4},{"damage":9,"enemies":"Elementarium:FIRE_NOBILITY","floor":24,"turns":7},{"damage":11,"enemies":"Elementarium:VoidBeast","floor":25,"turns":5},{"damage":2,"enemies":"Elementarium:CYCLONE_AND_LIVING_STORMCLOUD","floor":29,"turns":5},{"damage":0,"enemies":"Elementarium:STONE_GOLEMS","floor":31,"turns":4},{"damage":10,"enemies":"Elementarium:GolemEmperor","floor":33,"turns":6},{"damage":0,"enemies":"Orb Walker","floor":35,"turns":2},{"damage":2,"enemies":"3 Darklings","floor":36,"turns":3},{"damage":2,"enemies":"Giant Head","floor":41,"turns":7},{"damage":9,"enemies":"Maw","floor":46,"turns":5},{"damage":0,"enemies":"Sphere and 2 Shapes","floor":47,"turns":3},{"damage":0,"enemies":"4 Shapes","floor":48,"turns":4},{"damage":11,"enemies":"Awakened One","floor":50,"turns":11}],"seed_played":"-5335975682276508773","potions_obtained":[{"floor":5,"key":"Strength Potion"},{"floor":7,"key":"CunningPotion"},{"floor":13,"key":"Swift Potion"},{"floor":14,"key":"Block Potion"},{"floor":19,"key":"EntropicBrew"},{"floor":22,"key":"Elixir"},{"floor":24,"key":"Weak Potion"}],"is_trial":false,"path_per_floor":["M","?","?","?","M","R","M","R","T","R","$","M","M","E","R","B",null,"?","?","AVR","?","?","T","E","?","T","T","T","?","T","?","T","B",null,"?","?","?","AVR","T","T","E","T","T","T","?","?","?","?","T","B",null],"character_chosen":"THE_SILENT","items_purchased":["reliquary:RadioactivePellet","PiercingWail"],"campfire_rested":1,"item_purchase_floors":[11,11],"current_hp_per_floor":[69,69,52,52,52,52,49,49,49,49,49,49,49,40,40,15,70,60,45,45,45,45,45,36,25,25,25,25,23,23,23,44,34,70,70,68,68,68,68,68,66,66,66,66,66,57,57,57,57,46],"gold":1010,"neow_bonus":"ONE_RARE_RELIC","is_daily":false,"chose_seed":false,"campfire_upgraded":11,"win_rate":0.0,"timestamp":1611584361,"path_taken":["M","?","?","?","M","R","M","R","T","R","$","M","M","E","R","BOSS","?","?","AVR","?","?","T","E","?","T","?","T","?","T","?","T","BOSS","?","?","?","AVR","?","T","E","T","T","T","?","?","?","?","T","BOSS"],"items_purchased_type":["Relic","Card"],"build_version":"2020-12-22","purchased_purges":1,"victory":true,"max_hp_per_floor":[70,70,70,70,70,70,70,70,70,70,70,70,70,70,70,70,70,70,70,70,70,70,70,70,70,70,70,70,70,70,70,70,70,70,70,70,70,70,70,70,70,70,70,70,70,70,70,70,70,70],"card_choices":[{"not_picked":["Underhanded Strike","Flying Knee"],"picked":"Crippling Poison","floor":1},{"not_picked":["Endless Agony","Dagger Spray"],"picked":"Quick Slash","floor":5},{"not_picked":["Hidden Blade","hubris:SlightOfHand"],"picked":"Deflect","floor":7},{"not_picked":["Cloak And Dagger","Expertise"],"picked":"Dodge and Roll","floor":12},{"not_picked":["Slice","Underhanded Strike"],"picked":"Prepared","floor":13},{"not_picked":["ReplayTheSpireMod:Tripwire","Backflip"],"picked":"Noxious Fumes","floor":14},{"not_picked":["Unload","Night Terror"],"picked":"Adrenaline","floor":16},{"not_picked":["hubris:SlightOfHand+1","hubris:Sniper","Hidden Blade"],"picked":"SKIP","floor":18},{"not_picked":["Blur+1","Deflect"],"picked":"Sucker Punch","floor":19},{"not_picked":["Well Laid Plans+1","hubris:TrickCloak+1","Blur"],"picked":"SKIP","floor":22},{"not_picked":["Blade Dance","Prepared"],"picked":"Footwork","floor":24},{"not_picked":["Well Laid Plans","Accuracy","Leg Sweep"],"picked":"SKIP","floor":25},{"not_picked":["Backflip","Infinite Blades"],"picked":"Deadly Poison","floor":29},{"not_picked":["Replay:Bag of Tricks","Backflip"],"picked":"Crippling Poison+1","floor":31},{"not_picked":["Doppelganger","Envenom"],"picked":"Venomology","floor":33},{"not_picked":["Skewer","Infinite Blades+1","Backstab+1"],"picked":"SKIP","floor":35},{"not_picked":["Crippling Poison","Sucker Punch+1"],"picked":"Poisoned Stab","floor":36},{"not_picked":["Bane","Dagger Spray+1"],"picked":"PiercingWail+1","floor":41},{"not_picked":["Backflip","Dagger Spray","Leg Sweep+1"],"picked":"SKIP","floor":46},{"not_picked":["Flying Knee","Backflip","Sucker Punch"],"picked":"SKIP","floor":47},{"not_picked":["Blade Dance+1","Storm of Steel","Dagger Throw"],"picked":"SKIP","floor":48}],"player_experience":454220,"relics_obtained":[{"floor":1,"key":"LetterFromLob"},{"floor":9,"key":"infinitespire:Satchel"},{"floor":14,"key":"reliquary:SharkskinSheath"},{"floor":21,"key":"hubris:64BitClover"},{"floor":24,"key":"ScarletDevilRocket"},{"floor":26,"key":"reliquary:IridiumChain"},{"floor":27,"key":"Mercury Hourglass"},{"floor":36,"key":"ReplayFunnel"},{"floor":39,"key":"The Courier"},{"floor":41,"key":"reliquary:PorcupineQuills"},{"floor":43,"key":"Akabeko"}],"event_choices":[{"damage_healed":0,"gold_gain":0,"player_choice":"Take Damage","damage_taken":17,"relics_obtained":["Golden Idol"],"max_hp_gain":0,"max_hp_loss":0,"event_name":"Golden Idol","floor":3,"gold_loss":0},{"damage_healed":0,"gold_gain":0,"player_choice":"Enter","damage_taken":0,"max_hp_gain":0,"max_hp_loss":0,"event_name":"Elementarium:OtherworldlyPassage","floor":21,"gold_loss":0},{"damage_healed":0,"gold_gain":300,"player_choice":"Gold","damage_taken":0,"max_hp_gain":0,"max_hp_loss":0,"event_name":"Wheel of Change","floor":45,"gold_loss":0}],"is_beta":false,"boss_relics":[{"not_picked":["reliquary:RedPaperclip","Snecko Eye"],"picked":"Painkiller Herb"},{"not_picked":["reliquary:Ember","Snecko Scales","Runic Pyramid"]}],"items_purged_floors":[20],"is_endless":false,"potions_floor_spawned":[5,7,13,14,19,22,24,35,46,48],"ascension_level":0}}