{"host":"xmrw7jl1ir2912vf","time":1611585024,"event":{"mods":["BaseMod","Minty Spire (QoL Compilation)","Relic Stats"],"gold_per_floor":[109,34,34,46,65,65,93,93,93,18,38,71,89,108,108,180,180,197,197,197,25,25,52,52,87,87,122,141,159,159,170,170,170,170],"floor_reached":33,"language":"ENG","playtime":24095,"items_purged":["Strike_R"],"score":654,"play_id":"5cfe67e6-f605-4867-83c7-567d5895411c","local_time":"20210125093024","is_ascension_mode":true,"campfire_choices":[{"data":"Whirlwind","floor":6,"key":"SMITH"},{"data":"Whirlwind","floor":8,"key":"SMITH"},{"data":"Hemokinesis","floor":15,"key":"SMITH"},{"data":"Rupture","floor":24,"key":"SMITH"},{"data":"Defend_R","floor":32,"key":"PURGE"}],"circlet_count":0,"master_deck":["AscendersBane","Defend_R","Defend_R","Bash","Offering","Whirlwind+1","Headbutt","Whirlwind+1","Reaper","Sentinel","Hemokinesis+1","Warcry","Exhume","Rupture+1","Bite","Bite","Bite","Bite","True Grit+1","Pommel Strike","Feed","Armaments+1"],"relics":["Burning Blood","Dream Catcher","HornCleat","Red Skull","Coffee Dripper","ClockworkSouvenir","Peace Pipe","WingedGreaves","Strawberry"],"acts_visited":["Exordium","TheCity"],"potions_floor_usage":[11,14,16,27,27],"damage_taken":[{"damage":7,"enemies":"Small Slimes","floor":1,"turns":5},{"damage":6,"enemies":"2 Louse","floor":4,"turns":2},{"damage":6,"enemies":"Cultist","floor":5,"turns":2},{"damage":16,"enemies":"3 Sentries","floor":7,"turns":2},{"damage":6,"enemies":"Blue Slaver","floor":11,"turns":1},{"damage":6,"enemies":"Gremlin Nob","floor":12,"turns":3},{"damage":14,"enemies":"Large Slime","floor":13,"turns":3},{"damage":3,"enemies":"2 Fungi Beasts","floor":14,"turns":2},{"damage":42,"enemies":"Hexaghost","floor":16,"turns":7},{"damage":24,"enemies":"Shell Parasite","floor":18,"turns":3},{"damage":34,"enemies":"Slavers","floor":23,"turns":3},{"damage":20,"enemies":"Gremlin Leader","floor":25,"turns":5},{"damage":66,"enemies":"Book of Stabbing","floor":27,"turns":5},{"damage":17,"enemies":"2 Thieves","floor":28,"turns":3},{"damage":29,"enemies":"Snake Plant","floor":29,"turns":4},{"damage":15,"enemies":"Sentry and Sphere","floor":31,"turns":4},{"damage":44,"enemies":"Champ","floor":33,"turns":5}],"seed_played":"-4032455785608015868","potions_obtained":[{"floor":1,"key":"Strength Potion"},{"floor":5,"key":"ElixirPotion"},{"floor":12,"key":"SpeedPotion"},{"floor":13,"key":"FearPotion"},{"floor":14,"key":"Fruit Juice"},{"floor":23,"key":"Fire Potion"},{"floor":25,"key":"SkillPotion"},{"floor":29,"key":"ElixirPotion"},{"floor":31,"key":"DuplicationPotion"}],"is_trial":false,"path_per_floor":["M","?","?","M","M","R","E","R","T","$","M","E","M","M","R","B",null,"M","?","?","$","?","E","R","E","T","E","M","M","?","M","R","B"],"character_chosen":"IRONCLAD","items_purchased":["ClockworkSouvenir"],"campfire_rested":0,"item_purchase_floors":[21],"current_hp_per_floor":[67,67,67,67,67,67,57,57,57,57,57,57,49,57,57,27,67,55,55,55,55,55,35,35,56,56,19,33,16,16,24,24,0,0],"gold":170,"neow_bonus":"ONE_RANDOM_RARE_CARD","is_daily":false,"chose_seed":false,"campfire_upgraded":4,"win_rate":0.0,"timestamp":1611585024,"path_taken":["M","?","?","M","M","R","E","R","T","$","?","E","M","M","R","BOSS","M","?","?","?","?","E","R","E","T","E","?","?","?","M","R","BOSS"],"items_purchased_type":["Relic"],"build_version":"2020-12-22","purchased_purges":1,"victory":false,"max_hp_per_floor":[75,75,75,75,75,75,75,75,75,75,75,75,75,80,80,80,80,80,80,56,56,56,56,56,56,56,63,63,63,63,63,63,63,63],"relic_stats":{"Peace Pipe":1,"Dream Catcher":0,"counters":[17,59],"obtain_stats":[{"Peace Pipe":23,"Dream Catcher":7,"HornCleat":9,"Strawberry":27,"WingedGreaves":25,"Coffee Dripper":17,"Burning Blood":0,"Red Skull":12,"ClockworkSouvenir":21},{"Peace Pipe":11,"Dream Catcher":4,"HornCleat":4,"Strawberry":13,"WingedGreaves":12,"Coffee Dripper":9,"Burning Blood":0,"Red Skull":6,"ClockworkSouvenir":10},{"Peace Pipe":33,"Dream Catcher":11,"HornCleat":11,"Strawberry":43,"WingedGreaves":38,"Coffee Dripper":27,"Burning Blood":0,"Red Skull":15,"ClockworkSouvenir":30}],"Burning Blood":90},"card_choices":[{"not_picked":["Reckless Charge","Thunderclap"],"picked":"Whirlwind","floor":1},{"not_picked":["Searing Blow","Fire Breathing"],"picked":"Headbutt","floor":4},{"not_picked":["Twin Strike","Flame Barrier"],"picked":"Whirlwind","floor":5},{"not_picked":["Fire Breathing","Body Slam"],"picked":"Reaper","floor":7},{"not_picked":["Iron Wave","Body Slam"],"picked":"Sentinel","floor":11},{"not_picked":["Thunderclap","Flame Barrier"],"picked":"Hemokinesis","floor":12},{"not_picked":["Rampage","Pommel Strike"],"picked":"Warcry","floor":13},{"not_picked":["Headbutt","Iron Wave","Whirlwind"],"picked":"SKIP","floor":14},{"not_picked":["Bludgeon","Offering"],"picked":"Exhume","floor":16},{"not_picked":["Iron Wave","Clothesline","Sword Boomerang"],"picked":"SKIP","floor":18},{"not_picked":["Twin Strike","Iron Wave","Wild Strike"],"picked":"SKIP","floor":23},{"not_picked":["Clash","Seeing Red"],"picked":"True Grit+1","floor":25},{"not_picked":["Wild Strike","Entrench"],"picked":"Pommel Strike","floor":27},{"not_picked":["Anger","Heavy Blade"],"picked":"Feed","floor":28},{"not_picked":["Fire Breathing","Shrug It Off"],"picked":"Armaments+1","floor":29},{"not_picked":["Whirlwind","Warcry","Clothesline"],"picked":"SKIP","floor":31}],"player_experience":421942,"relics_obtained":[{"floor":7,"key":"Dream Catcher"},{"floor":9,"key":"HornCleat"},{"floor":12,"key":"Red Skull"},{"floor":23,"key":"Peace Pipe"},{"floor":25,"key":"WingedGreaves"},{"floor":27,"key":"Strawberry"}],"event_choices":[{"cards_removed":["Strike_R"],"damage_healed":0,"gold_gain":0,"player_choice":"Card Removal","damage_taken":0,"max_hp_gain":0,"max_hp_loss":0,"event_name":"The Cleric","floor":2,"gold_loss":75},{"cards_removed":["Defend_R"],"damage_healed":0,"gold_gain":0,"player_choice":"Purged","damage_taken":0,"max_hp_gain":0,"max_hp_loss":0,"event_name":"Purifier","floor":3,"gold_loss":0},{"damage_healed":0,"gold_gain":0,"player_choice":"Read","damage_taken":0,"max_hp_gain":0,"max_hp_loss":0,"event_name":"The Library","floor":19,"gold_loss":0,"cards_obtained":["Rupture"]},{"damage_healed":0,"gold_gain":0,"player_choice":"Became a vampire","damage_taken":0,"max_hp_gain":0,"max_hp_loss":24,"event_name":"Vampires","floor":20,"gold_loss":0,"cards_obtained":["Bite","Bite","Bite","Bite","Bite"]},{"damage_healed":0,"gold_gain":0,"player_choice":"Ignored","damage_taken":0,"max_hp_gain":0,"max_hp_loss":0,"event_name":"The Mausoleum","floor":22,"gold_loss":0},{"cards_removed":["Bite"],"damage_healed":0,"gold_gain":0,"player_choice":"Elegance","damage_taken":0,"max_hp_gain":0,"max_hp_loss":0,"event_name":"Back to Basics","floor":30,"gold_loss":0}],"is_beta":false,"boss_relics":[{"not_picked":["Runic Cube","Astrolabe"],"picked":"Coffee Dripper"}],"items_purged_floors":[10],"is_endless":false,"potions_floor_spawned":[1,5,7,12,13,14,23,25,29,31],"killed_by":"Champ","ascension_level":17}}