{"host":"uonldg9uriwfhjjx","time":1611541344,"event":{"mods":["AchievementEnabler","BaseMod","Colored Map","Colored Powertips","Curses Come First","Highlight Path","Minty Spire (QoL Compilation)","Rare Cards Sparkle","Relic Stats","StSLib","The Cursed","The Marked"],"gold_per_floor":[112,136,136,151,164,194,194,204,259,259,334,354,388,182,182,278,278,289,214,313,7,7,7,7,7,32,32,58,76,93,103,103,207,207,219,93,108,35,47,47,62,72,72,72,72,83,83,83,83,83],"floor_reached":51,"language":"ENG","playtime":2236,"items_purged":["theMarked:Strike","theMarked:Strike"],"score":700,"play_id":"2caafc37-6737-49e3-80cb-4f24a56a567f","local_time":"20210124212224","is_ascension_mode":false,"campfire_choices":[{"data":"theMarked:ComboAttacks","floor":7.0,"key":"SMITH"},{"floor":15.0,"key":"REST"},{"data":"theMarked:AttractMetal","floor":23.0,"key":"SMITH"},{"data":"theMarked:Polarize","floor":25.0,"key":"SMITH"},{"data":"theMarked:Levitate","floor":27.0,"key":"SMITH"},{"floor":32.0,"key":"REST"},{"data":"theMarked:Polarize","floor":40.0,"key":"SMITH"},{"data":"theMarked:Static","floor":49.0,"key":"SMITH"}],"circlet_count":0,"master_deck":["theMarked:Defend+1","theMarked:Defend+1","theMarked:Defend","theMarked:SoldierOfQuellstein+1","theMarked:ComboAttacks+1","theMarked:Static+1","theMarked:Polarize+1","theMarked:AttractMetal+1","theMarked:OneWithTheBlade","theMarked:SoldierOfQuellstein+1","theMarked:EternalStudent","theMarked:Overthink","theMarked:Levitate+1","theMarked:EmpowerWeapon+1","theMarked:EternalStudent","theMarked:Polarize+1","theMarked:GodGivenPower"],"relics":["theMarked:ArtifactOfAir","Regal Pillow","War Paint","theMarked:SecretDocuments","Smiling Mask","Juzu Bracelet","Bronze Scales","DollysMirror","Busted Crown","PreservedInsect","MealTicket","NlothsMask","Tiny Chest","theMarked:Eyepatch","Letter Opener","Singing Bowl"],"acts_visited":["Exordium","TheCity","TheBeyond"],"potions_floor_usage":[50,50,50],"damage_taken":[{"damage":1.0,"enemies":"Cultist","floor":1.0,"turns":3.0},{"damage":0.0,"enemies":"2 Louse","floor":4.0,"turns":2.0},{"damage":3.0,"enemies":"Jaw Worm","floor":5.0,"turns":3.0},{"damage":21.0,"enemies":"3 Sentries","floor":6.0,"turns":9.0},{"damage":0.0,"enemies":"Blue Slaver","floor":8.0,"turns":3.0},{"damage":6.0,"enemies":"Exordium Wildlife","floor":12.0,"turns":3.0},{"damage":16.0,"enemies":"Gremlin Nob","floor":13.0,"turns":3.0},{"damage":12.0,"enemies":"Hexaghost","floor":16.0,"turns":7.0},{"damage":16.0,"enemies":"Spheric Guardian","floor":18.0,"turns":4.0},{"damage":16.0,"enemies":"Slavers","floor":28.0,"turns":4.0},{"damage":0.0,"enemies":"Chosen","floor":29.0,"turns":3.0},{"damage":2.0,"enemies":"Snake Plant","floor":30.0,"turns":4.0},{"damage":21.0,"enemies":"Centurion and Healer","floor":31.0,"turns":4.0},{"damage":22.0,"enemies":"Collector","floor":33.0,"turns":6.0},{"damage":0.0,"enemies":"3 Shapes","floor":35.0,"turns":3.0},{"damage":35.0,"enemies":"3 Darklings","floor":37.0,"turns":6.0},{"damage":0.0,"enemies":"Sphere and 2 Shapes","floor":39.0,"turns":3.0},{"damage":33.0,"enemies":"Jaw Worm Horde","floor":41.0,"turns":4.0},{"damage":13.0,"enemies":"Maw","floor":42.0,"turns":4.0},{"damage":4.0,"enemies":"Sphere and 2 Shapes","floor":46.0,"turns":5.0},{"damage":31,"enemies":"Awakened One","floor":50,"turns":4}],"seed_played":"5703180592262168226","potions_obtained":[{"floor":4.0,"key":"SteroidPotion"},{"floor":5.0,"key":"SpeedPotion"},{"floor":6.0,"key":"SneckoOil"},{"floor":12.0,"key":"BlessingOfTheForge"},{"floor":13.0,"key":"Ancient Potion"},{"floor":29.0,"key":"Regen Potion"},{"floor":33.0,"key":"AttackPotion"},{"floor":39.0,"key":"GamblersBrew"},{"floor":41.0,"key":"PowerPotion"},{"floor":46.0,"key":"FearPotion"}],"is_trial":false,"path_per_floor":["M","T","?","M","M","E","R","M","T","T","?","M","E","$","R","B",null,"M","?","?","$","?","R","?","R","T","R","E","M","M","M","R","B",null,"M","$","M","$","M","R","M","M","T","?","?","M","?","T","R","B",null],"character_chosen":"THE_DEFAULT","items_purchased":["DollysMirror","PreservedInsect","MealTicket","theMarked:Polarize","theMarked:GodGivenPower"],"campfire_rested":2,"item_purchase_floors":[14,21,21,36,38],"current_hp_per_floor":[69,69,69,69,66,45,45,45,45,45,34,28,12,12,48,36,70,54,54,54,54,54,54,54,54,54,54,38,38,36,15,51,29,70,70,70,35,50,50,50,17,16,16,16,16,12,61,61,61,30],"gold":83,"neow_bonus":"RANDOM_COMMON_RELIC","is_daily":false,"chose_seed":false,"campfire_upgraded":6,"win_rate":0.0,"timestamp":1611541344,"path_taken":["M","?","?","?","M","E","R","M","T","?","?","M","E","?","R","BOSS","M","?","?","$","?","R","?","R","T","R","E","M","M","M","R","BOSS","M","$","M","$","M","R","M","M","T","?","?","M","?","?","R","BOSS"],"items_purchased_type":["Relic","Relic","Relic","Card","Card"],"build_version":"2020-12-22","purchased_purges":2,"victory":true,"max_hp_per_floor":[70,70,70,70,70,70,70,70,70,70,70,70,70,70,70,70,70,70,70,70,70,70,70,70,70,70,70,70,70,70,70,70,70,70,70,70,70,70,70,70,70,70,70,70,70,70,61,61,61,61],"relic_stats":{"Regal Pillow":30,"Singing Bowl":0,"counters":[21,87],"PreservedInsect":38,"Juzu Bracelet":1,"Letter Opener":[87],"War Paint":["theMarked:Defend","theMarked:Defend"],"Smiling Mask":75,"Busted Crown":24,"Bronze Scales":[156],"MealTicket":15,"Tiny Chest":1,"obtain_stats":[{"Regal Pillow":0,"Singing Bowl":48,"PreservedInsect":21,"Juzu Bracelet":10,"Letter Opener":43,"War Paint":2,"Smiling Mask":9,"theMarked:ArtifactOfAir":0,"Busted Crown":17,"theMarked:SecretDocuments":6,"DollysMirror":14,"Bronze Scales":13,"MealTicket":21,"Tiny Chest":28,"NlothsMask":22,"theMarked:Eyepatch":34},{"Regal Pillow":0,"Singing Bowl":20,"PreservedInsect":9,"Juzu Bracelet":5,"Letter Opener":19,"War Paint":1,"Smiling Mask":5,"theMarked:ArtifactOfAir":0,"Busted Crown":8,"theMarked:SecretDocuments":4,"DollysMirror":7,"Bronze Scales":7,"MealTicket":9,"Tiny Chest":10,"NlothsMask":9,"theMarked:Eyepatch":14},{"Regal Pillow":0,"Singing Bowl":83,"PreservedInsect":37,"Juzu Bracelet":20,"Letter Opener":78,"War Paint":3,"Smiling Mask":20,"theMarked:ArtifactOfAir":0,"Busted Crown":33,"theMarked:SecretDocuments":17,"DollysMirror":26,"Bronze Scales":26,"MealTicket":37,"Tiny Chest":41,"NlothsMask":37,"theMarked:Eyepatch":58}]},"card_choices":[{"not_picked":["theMarked:ElectricStrings","theMarked:ContemptForTheProud","theMarked:SelfDefenseTraining"],"picked":"SKIP","floor":1.0},{"not_picked":["theMarked:CreepingChasm","theMarked:Improvise"],"picked":"theMarked:ComboAttacks","floor":4.0},{"not_picked":["theMarked:SwordAndMagic","theMarked:Snap"],"picked":"theMarked:Static","floor":5.0},{"not_picked":["theMarked:LightningStrikesTwice","theMarked:TakeCover"],"picked":"theMarked:Polarize","floor":6.0},{"not_picked":["theMarked:RepellingDischarge","theMarked:TheMission"],"picked":"theMarked:AttractMetal","floor":8.0},{"not_picked":["theMarked:Maelstrom","theMarked:EnhanceMovement","theMarked:RepellingDischarge"],"picked":"SKIP","floor":12.0},{"not_picked":["theMarked:WastefulAttack","theMarked:ElectricStrings"],"picked":"theMarked:OneWithTheBlade","floor":13.0},{"not_picked":["theMarked:Challenge","theMarked:Vacuum"],"picked":"theMarked:EternalStudent","floor":16.0},{"not_picked":["theMarked:ElectricStrings"],"picked":"SKIP","floor":18.0},{"not_picked":["theMarked:WardOff+1"],"picked":"SKIP","floor":28.0},{"not_picked":["theMarked:MuscleMemory"],"picked":"SKIP","floor":29.0},{"not_picked":[],"picked":"theMarked:EmpowerWeapon+1","floor":30.0},{"not_picked":["theMarked:Parkour+1"],"picked":"SKIP","floor":31.0},{"not_picked":[],"picked":"theMarked:EternalStudent","floor":33.0},{"not_picked":["theMarked:Seal+1"],"picked":"SKIP","floor":35.0},{"not_picked":["theMarked:BanishingWave+1"],"picked":"SKIP","floor":37.0},{"not_picked":["theMarked:Opportunist"],"picked":"SKIP","floor":39.0},{"not_picked":["theMarked:Static+1"],"picked":"SKIP","floor":41.0},{"not_picked":["theMarked:RogueSparks"],"picked":"SKIP","floor":42.0},{"not_picked":["theMarked:Electrify"],"picked":"SKIP","floor":46.0}],"player_experience":815342,"relics_obtained":[{"floor":2.0,"key":"War Paint"},{"floor":6.0,"key":"theMarked:SecretDocuments"},{"floor":9.0,"key":"Smiling Mask"},{"floor":10.0,"key":"Juzu Bracelet"},{"floor":13.0,"key":"Bronze Scales"},{"floor":28.0,"key":"Tiny Chest"},{"floor":43.0,"key":"Letter Opener"},{"floor":48.0,"key":"Singing Bowl"}],"event_choices":[{"damage_healed":0.0,"max_hp_gain":0.0,"max_hp_loss":0.0,"gold_gain":0.0,"event_name":"Upgrade Shrine","player_choice":"Upgraded","floor":3.0,"gold_loss":0.0,"damage_taken":0.0,"cards_upgraded":["theMarked:SoldierOfQuellstein"]},{"damage_healed":0.0,"max_hp_gain":0.0,"max_hp_loss":0.0,"gold_gain":75.0,"event_name":"World of Goop","player_choice":"Gather Gold","floor":11.0,"gold_loss":0.0,"damage_taken":11.0},{"cards_removed":["theMarked:Strike"],"damage_healed":0.0,"max_hp_gain":0.0,"max_hp_loss":0.0,"gold_gain":0.0,"event_name":"Beggar","player_choice":"Gave Gold","floor":19.0,"gold_loss":75.0,"damage_taken":0.0},{"damage_healed":0.0,"max_hp_gain":0.0,"max_hp_loss":0.0,"gold_gain":99.0,"event_name":"Nest","player_choice":"Stole From Cult","floor":20.0,"gold_loss":0.0,"damage_taken":0.0},{"damage_healed":0.0,"max_hp_gain":0.0,"max_hp_loss":0.0,"gold_gain":0.0,"event_name":"FaceTrader","player_choice":"Trade","floor":22.0,"gold_loss":0.0,"damage_taken":0.0,"relics_obtained":["NlothsMask"]},{"damage_healed":0.0,"max_hp_gain":0.0,"max_hp_loss":0.0,"gold_gain":0.0,"cards_transformed":["theMarked:Defend","theMarked:Strike"],"event_name":"Drug Dealer","player_choice":"Became Test Subject","floor":24.0,"gold_loss":0.0,"damage_taken":0.0,"cards_obtained":["theMarked:Overthink","theMarked:Levitate"]},{"cards_removed":["theMarked:Strike"],"damage_healed":0.0,"max_hp_gain":0.0,"max_hp_loss":0.0,"gold_gain":0.0,"event_name":"Falling","player_choice":"Removed Attack","floor":44.0,"gold_loss":0.0,"damage_taken":0.0},{"damage_healed":0.0,"max_hp_gain":0.0,"max_hp_loss":0.0,"gold_gain":0.0,"event_name":"Mysterious Sphere","player_choice":"Ignored","floor":45.0,"gold_loss":0.0,"damage_taken":0.0},{"damage_healed":61.0,"max_hp_gain":0.0,"max_hp_loss":9.0,"gold_gain":0.0,"event_name":"The Moai Head","player_choice":"Heal","floor":47.0,"gold_loss":0.0,"damage_taken":0.0}],"is_beta":false,"boss_relics":[{"not_picked":["Snecko Eye","Philosopher\u0027s Stone"],"picked":"Busted Crown"},{"not_picked":["theMarked:BronzeBlade","Runic Pyramid"],"picked":"theMarked:Eyepatch"}],"items_purged_floors":[14,36],"is_endless":false,"potions_floor_spawned":[4,5,6,12,13,29,33,39,41,46],"ascension_level":0}}