{"host":"qxt9611uhnemh1bn","time":1611539954,"event":{"mods":["BaseMod","Minty Spire (QoL Compilation)","StSLib"],"gold_per_floor":[114,114,39,39,53,53,69,69,69,69,39,39,74,87,87,87,87],"floor_reached":16,"language":"ENG","playtime":789,"items_purged":["Regret"],"score":98,"play_id":"0e16feaf-f747-48dc-9fba-e16e0d97d741","local_time":"20210124195914","is_ascension_mode":false,"campfire_choices":[{"data":"Burst","floor":6,"key":"SMITH"},{"data":"Neutralize","floor":8,"key":"SMITH"},{"data":"Footwork","floor":10,"key":"SMITH"},{"data":"Acrobatics","floor":12,"key":"SMITH"},{"floor":15,"key":"REST"}],"circlet_count":0,"master_deck":["Strike_G","Strike_G","Strike_G","Strike_G","Strike_G","Defend_G","Defend_G","Defend_G","Defend_G","Defend_G","Survivor","Neutralize+1","Burst+1","Acrobatics+1","Leg Sweep","Footwork+1","Heel Hook","Slice"],"relics":["Ring of the Snake","Happy Flower","Golden Idol","Bottled Lightning","Paper Crane"],"acts_visited":["Exordium"],"potions_floor_usage":[13],"damage_taken":[{"damage":0,"enemies":"Small Slimes","floor":1,"turns":3},{"damage":0,"enemies":"2 Louse","floor":5,"turns":5},{"damage":4,"enemies":"Jaw Worm","floor":7,"turns":11},{"damage":53,"enemies":"Gremlin Nob","floor":13,"turns":8},{"damage":0,"enemies":"Large Slime","floor":14,"turns":12},{"damage":13,"enemies":"Slime Boss","floor":16,"turns":13}],"seed_played":"6551924482488668655","potions_obtained":[{"floor":5,"key":"Swift Potion"}],"is_trial":false,"path_per_floor":["M","?","$","?","M","R","M","R","T","R","?","R","E","M","R","B"],"character_chosen":"THE_SILENT","items_purchased":[],"campfire_rested":1,"item_purchase_floors":[],"current_hp_per_floor":[70,70,70,65,65,65,61,61,61,61,61,61,8,8,27,14,14],"gold":87,"neow_bonus":"ONE_RANDOM_RARE_CARD","is_daily":false,"chose_seed":false,"campfire_upgraded":4,"win_rate":0.0,"timestamp":1611539954,"path_taken":["M","?","$","?","M","R","M","R","T","R","?","R","E","M","R","BOSS"],"items_purchased_type":[],"build_version":"2020-12-22","purchased_purges":1,"victory":false,"max_hp_per_floor":[70,70,70,65,65,65,65,65,65,65,65,65,65,65,65,65,65],"card_choices":[{"not_picked":["Underhanded Strike","Quick Slash"],"picked":"Acrobatics","floor":1},{"not_picked":["Cloak And Dagger","Acrobatics"],"picked":"Leg Sweep","floor":5},{"not_picked":["Sucker Punch","Escape Plan"],"picked":"Footwork","floor":7},{"not_picked":["Reflex","Distraction"],"picked":"Heel Hook","floor":13},{"not_picked":["Dash","Dagger Spray"],"picked":"Slice","floor":14}],"player_experience":213161,"relics_obtained":[{"floor":9,"key":"Bottled Lightning"},{"floor":13,"key":"Paper Crane"}],"event_choices":[{"damage_healed":0,"gold_gain":0,"player_choice":"Box","damage_taken":0,"relics_obtained":["Happy Flower"],"max_hp_gain":0,"max_hp_loss":0,"event_name":"Big Fish","floor":2,"gold_loss":0,"cards_obtained":["Regret"]},{"damage_healed":0,"gold_gain":0,"player_choice":"Lose Max HP","damage_taken":0,"relics_obtained":["Golden Idol"],"max_hp_gain":0,"max_hp_loss":5,"event_name":"Golden Idol","floor":4,"gold_loss":0},{"damage_healed":0,"gold_gain":0,"player_choice":"Left Gold","damage_taken":0,"max_hp_gain":0,"max_hp_loss":0,"event_name":"World of Goop","floor":11,"gold_loss":30}],"is_beta":false,"boss_relics":[],"items_purged_floors":[3],"is_endless":false,"potions_floor_spawned":[5],"killed_by":"Slime Boss","ascension_level":0}}