{"host":"36umirwmj0u9xjg7","time":1611608505,"event":{"mods":["Aspiration","BaseMod","CCEM","Downfall","Minty Spire (QoL Compilation)","Reliquary","Replay The Spire","StS++","StSLib","The Construct","The Gatherer","The Necromancer","The Runesmith"],"gold_per_floor":[113,123,198,198,198,198,217,237,237,237,237,237],"floor_reached":11,"language":"ENG","playtime":206,"items_purged":[],"score":63,"play_id":"66aa7dde-440d-4788-b059-fe23f9224cc2","local_time":"20210125220145","is_ascension_mode":false,"campfire_choices":[{"data":"construct:Reinforce","floor":6,"key":"SMITH"}],"circlet_count":0,"master_deck":["construct:Strike_Gold","construct:Strike_Gold","construct:Strike_Gold","construct:Strike_Gold","construct:Strike_Gold","construct:Defend_Gold","construct:Defend_Gold","construct:Defend_Gold","construct:Defend_Gold","construct:Defend_Gold","construct:AttackMode","construct:DefenseMode","construct:Reinforce+1","CommonCold","construct:LaserCore"],"relics":["construct:ClockworkPhoenix","NeowsBlessing","ReplayTheSpireMod:Ring of Collecting","Golden Idol","Mummified Hand","reliquary:SharkskinSheath"],"acts_visited":["Exordium"],"potions_floor_usage":[8,11],"damage_taken":[{"damage":0,"enemies":"2 Louse","floor":1,"turns":2},{"damage":0,"enemies":"Small Slimes","floor":2,"turns":1},{"damage":0,"enemies":"Cultist","floor":7,"turns":1},{"damage":1,"enemies":"Gremlin Gang","floor":8,"turns":7},{"damage":12,"enemies":"Lagavulin","floor":11,"turns":5}],"seed_played":"-2579753532089539044","potions_obtained":[{"floor":1,"key":"FearPotion"},{"floor":2,"key":"Energy Potion"}],"is_trial":false,"path_per_floor":["M","M","?","?","?","R","M","M","T","?","E"],"character_chosen":"THE_CONSTRUCT_MOD","items_purchased":[],"campfire_rested":0,"item_purchase_floors":[],"current_hp_per_floor":[85,85,74,74,74,74,74,73,73,70,58,58],"gold":237,"neow_bonus":"THREE_ENEMY_KILL","is_daily":false,"chose_seed":false,"campfire_upgraded":1,"win_rate":0.0,"timestamp":1611608505,"path_taken":["M","M","?","?","?","R","M","M","T","?","E"],"items_purchased_type":[],"build_version":"2020-12-22","purchased_purges":0,"victory":false,"max_hp_per_floor":[85,85,85,85,79,79,79,79,79,79,79,79],"card_choices":[{"not_picked":["construct:HardReboot","construct:SaveState","construct:Backfire"],"picked":"SKIP","floor":1},{"not_picked":["construct:Autoturret","construct:Accumulate"],"picked":"construct:Reinforce","floor":2},{"not_picked":["construct:CriticalHit","construct:Impenetrable","construct:SaveState"],"picked":"SKIP","floor":7},{"not_picked":["construct:SyphonStrike","construct:Hazardproof"],"picked":"construct:LaserCore","floor":8}],"player_experience":151636,"relics_obtained":[{"floor":4,"key":"ReplayTheSpireMod:Ring of Collecting"},{"floor":9,"key":"Mummified Hand"}],"event_choices":[{"damage_healed":0,"gold_gain":75,"player_choice":"Gather Gold","damage_taken":11,"max_hp_gain":0,"max_hp_loss":0,"event_name":"World of Goop","floor":3,"gold_loss":0},{"damage_healed":0,"gold_gain":0,"player_choice":"Lose Max HP","damage_taken":0,"relics_obtained":["Golden Idol"],"max_hp_gain":0,"max_hp_loss":6,"event_name":"Golden Idol","floor":5,"gold_loss":0},{"damage_healed":0,"gold_gain":0,"player_choice":"Success","damage_taken":3,"relics_obtained":["reliquary:SharkskinSheath"],"max_hp_gain":0,"max_hp_loss":0,"event_name":"Scrap Ooze","floor":10,"gold_loss":0}],"is_beta":false,"boss_relics":[],"items_purged_floors":[],"is_endless":false,"potions_floor_spawned":[1,2],"killed_by":"Lagavulin","ascension_level":0}}