{"host":"kh6fvhxn285ncg0o","time":1611616725,"event":{"mods":["Act Like it!","BaseMod","Colored Map","Friendly Minions","Keyboard Shortcuts","Minty Spire (QoL Compilation)","Quick Restart","Relic Stats","StSLib","SuperFastMode","UnlockEverythingMod"],"gold_per_floor":[110,110,124,140,159,159,184,201,275,306,306,306,338,350,350,429,429,445,457,470,144,158,158,188,188,188,214,295,325,352,377,389,401,401],"floor_reached":33,"language":"KOR","playtime":1134,"items_purged":["Strike_R"],"score":758,"play_id":"681ebffd-c604-4544-bfc4-330c63d4d762","local_time":"20210126081845","is_ascension_mode":true,"campfire_choices":[{"data":"Pommel Strike","floor":6.0,"key":"SMITH"},{"data":"Disarm","floor":11.0,"key":"SMITH"},{"data":"Bash","floor":15.0,"key":"SMITH"},{"data":"Immolate","floor":23,"key":"SMITH"},{"data":"Rage","floor":25,"key":"SMITH"},{"floor":32,"key":"REST"}],"circlet_count":0,"master_deck":["AscendersBane","Strike_R","Strike_R","Strike_R","Strike_R","Defend_R","Defend_R","Defend_R","Defend_R","Bash+1","CurseOfTheBell","Power Through","Shockwave","Pommel Strike+1","Disarm+1","Shrug It Off","Exhume","Metallicize","Immolate+1","Rage+1","Demon Form"],"relics":["Calling Bell","Vajra","StrikeDummy","Gambling Chip","Magic Flower","The Courier","Torii","Oddly Smooth Stone","Sozu","Akabeko","Frozen Eye","Dream Catcher","Regal Pillow","Pen Nib","Kunai","MawBank"],"acts_visited":["TheCity"],"potions_floor_usage":[],"damage_taken":[{"damage":2.0,"enemies":"2 Louse","floor":1.0,"turns":4.0},{"damage":0.0,"enemies":"Jaw Worm","floor":3.0,"turns":2.0},{"damage":0.0,"enemies":"Cultist","floor":4.0,"turns":2.0},{"damage":0.0,"enemies":"Red Slaver","floor":5.0,"turns":2.0},{"damage":0.0,"enemies":"Lagavulin","floor":7.0,"turns":3.0},{"damage":0.0,"enemies":"Looter","floor":8.0,"turns":3.0},{"damage":0.0,"enemies":"Gremlin Nob","floor":10.0,"turns":3.0},{"damage":2.0,"enemies":"3 Sentries","floor":13.0,"turns":4.0},{"damage":2.0,"enemies":"Exordium Wildlife","floor":14.0,"turns":4.0},{"damage":5.0,"enemies":"The Guardian","floor":16.0,"turns":14.0},{"damage":1.0,"enemies":"Spheric Guardian","floor":18.0,"turns":3.0},{"damage":1.0,"enemies":"Chosen","floor":19.0,"turns":4.0},{"damage":1.0,"enemies":"Snake Plant","floor":20.0,"turns":5.0},{"damage":1,"enemies":"3 Cultists","floor":22,"turns":3},{"damage":15,"enemies":"Gremlin Leader","floor":24,"turns":6},{"damage":1,"enemies":"Slavers","floor":27,"turns":3},{"damage":21,"enemies":"Gremlin Leader","floor":29,"turns":6},{"damage":0,"enemies":"Centurion and Healer","floor":30,"turns":4},{"damage":0,"enemies":"Chosen and Byrds","floor":31,"turns":3},{"damage":87,"enemies":"Collector","floor":33,"turns":9}],"seed_played":"7604306037751436722","potions_obtained":[{"floor":3.0,"key":"HeartOfIron"},{"floor":4.0,"key":"Fire Potion"},{"floor":5.0,"key":"DistilledChaos"},{"floor":7.0,"key":"EssenceOfSteel"},{"floor":10.0,"key":"DistilledChaos"}],"is_trial":false,"path_per_floor":["M","?","M","M","M","R","E","M","T","E","R","?","E","M","R","B",null,"M","M","M","$","M","R","E","R","T","E","T","E","M","M","R","B"],"character_chosen":"IRONCLAD","items_purchased":["Akabeko","Frozen Eye"],"campfire_rested":1,"item_purchase_floors":[21,21],"current_hp_per_floor":[66,71,71,71,71,71,71,71,71,71,71,71,69,67,67,62,76,75,74,73,73,72,72,57,57,57,56,56,35,35,35,74,0,0],"gold":401,"neow_bonus":"BOSS_RELIC","is_daily":false,"chose_seed":false,"campfire_upgraded":5,"win_rate":0.0,"timestamp":1611616725,"path_taken":["M","?","M","M","M","R","E","M","T","E","R","?","E","?","R","BOSS","M","M","M","$","M","R","E","R","T","E","?","E","M","M","R","BOSS"],"items_purchased_type":["Relic","Relic"],"build_version":"2020-12-22","purchased_purges":1,"victory":false,"max_hp_per_floor":[75,80,80,80,80,80,80,80,80,80,80,80,80,80,80,80,80,80,80,80,80,80,80,80,80,80,80,80,80,80,80,80,80,80],"relic_stats":{"Sozu":5,"Dream Catcher":1,"Regal Pillow":15,"Torii":45,"counters":[20,87],"Gambling Chip":[53],"Magic Flower":[0],"Pen Nib":[3],"Kunai":[2],"MawBank":48,"obtain_stats":[{"Regal Pillow":26,"Torii":10,"Vajra":0,"Magic Flower":7,"Oddly Smooth Stone":13,"The Courier":9,"Pen Nib":27,"MawBank":29,"Burning Blood":0,"Akabeko":21,"Calling Bell":0,"Sozu":17,"Frozen Eye":21,"Dream Catcher":24,"Gambling Chip":0,"Kunai":28,"StrikeDummy":0},{"Regal Pillow":15,"Torii":7,"Vajra":0,"Magic Flower":5,"Oddly Smooth Stone":8,"The Courier":6,"Pen Nib":16,"MawBank":17,"Burning Blood":0,"Akabeko":13,"Calling Bell":0,"Sozu":10,"Frozen Eye":13,"Dream Catcher":15,"Gambling Chip":0,"Kunai":16,"StrikeDummy":0},{"Regal Pillow":62,"Torii":19,"Vajra":0,"Magic Flower":13,"Oddly Smooth Stone":23,"The Courier":16,"Pen Nib":65,"MawBank":71,"Burning Blood":0,"Akabeko":53,"Calling Bell":0,"Sozu":41,"Frozen Eye":53,"Dream Catcher":62,"Gambling Chip":0,"Kunai":65,"StrikeDummy":0}]},"card_choices":[{"not_picked":["Rupture","Pummel"],"picked":"Power Through","floor":1.0},{"not_picked":["Heavy Blade","Shrug It Off"],"picked":"Shockwave","floor":4.0},{"not_picked":["Intimidate","Reaper"],"picked":"Pommel Strike","floor":5.0},{"not_picked":["Flex","Entrench","True Grit"],"picked":"SKIP","floor":7.0},{"not_picked":["Anger","Cleave"],"picked":"Disarm","floor":8.0},{"not_picked":["Headbutt","Pummel"],"picked":"Shrug It Off","floor":10.0},{"not_picked":["Perfected Strike","Thunderclap"],"picked":"Exhume","floor":13.0},{"not_picked":["Heavy Blade","Headbutt"],"picked":"Metallicize","floor":14.0},{"not_picked":["Barricade","Limit Break"],"picked":"Immolate","floor":16.0},{"not_picked":["Heavy Blade","Thunderclap+1","Armaments"],"picked":"SKIP","floor":18.0},{"not_picked":["Sentinel","Thunderclap","Body Slam"],"picked":"SKIP","floor":19.0},{"not_picked":["Cleave","Hemokinesis"],"picked":"Rage","floor":20.0},{"not_picked":["Iron Wave","Hemokinesis","Anger"],"picked":"SKIP","floor":22},{"not_picked":["Warcry","Wild Strike","Cleave"],"picked":"SKIP","floor":24},{"not_picked":["Immolate","Flex+1","Cleave"],"picked":"SKIP","floor":27},{"not_picked":["Flame Barrier","Armaments","Rampage"],"picked":"SKIP","floor":29},{"not_picked":["Uppercut","Sword Boomerang","Headbutt"],"picked":"SKIP","floor":30},{"not_picked":["Searing Blow+1","Inflame"],"picked":"Demon Form","floor":31}],"player_experience":1271247,"relics_obtained":[{"floor":0.0,"key":"Vajra"},{"floor":0.0,"key":"StrikeDummy"},{"floor":0.0,"key":"Gambling Chip"},{"floor":7.0,"key":"Magic Flower"},{"floor":9.0,"key":"The Courier"},{"floor":10.0,"key":"Torii"},{"floor":13.0,"key":"Oddly Smooth Stone"},{"floor":24,"key":"Dream Catcher"},{"floor":26,"key":"Regal Pillow"},{"floor":27,"key":"Pen Nib"},{"floor":28,"key":"Kunai"},{"floor":29,"key":"MawBank"}],"event_choices":[{"damage_healed":0.0,"max_hp_gain":5.0,"max_hp_loss":0.0,"gold_gain":0.0,"event_name":"Big Fish","player_choice":"Donut","floor":2.0,"gold_loss":0.0,"damage_taken":0.0},{"damage_healed":0.0,"max_hp_gain":0.0,"max_hp_loss":0.0,"gold_gain":0.0,"event_name":"Match and Keep!","player_choice":"0 cards matched","floor":12.0,"gold_loss":0.0,"damage_taken":0.0,"cards_obtained":[]}],"is_beta":false,"boss_relics":[{"not_picked":["Velvet Choker","Empty Cage"],"picked":"Sozu"}],"items_purged_floors":[21],"is_endless":false,"potions_floor_spawned":[3,4,5,7,10,19,22,24,29,31],"killed_by":"Collector","ascension_level":20}}