{"host":"yn8qackkbxgt4nh1","time":1611576631,"event":{"mods":["BaseMod","Colored Map","Colored Powertips","DeckTracker","Minty Spire (QoL Compilation)","SuperFastMode"],"gold_per_floor":[113,132,145,162,162,162,188,188,188,203,216,216,216,245,245,322,322,332,199,199,211,111,139,139,166,166,166,178,178,278,311,311,311,311],"floor_reached":33,"language":"KOR","playtime":1622,"items_purged":["Defend_R","Strike_R"],"score":625,"play_id":"1846f530-8847-4f99-9c83-022e4bc838f9","local_time":"20210125211031","is_ascension_mode":true,"campfire_choices":[{"data":"Blood for Blood","floor":6.0,"key":"SMITH"},{"floor":8.0,"key":"REST"},{"data":"Bludgeon","floor":12.0,"key":"SMITH"},{"data":"Flame Barrier","floor":15.0,"key":"SMITH"},{"data":"Pommel Strike","floor":24.0,"key":"SMITH"},{"data":"Offering","floor":27.0,"key":"SMITH"},{"data":"Offering","floor":32.0,"key":"SMITH"}],"circlet_count":0,"master_deck":["AscendersBane","Strike_R","Strike_R","Strike_R","Defend_R","Defend_R","Defend_R","Bash","Offering+1","Blood for Blood+1","Shrug It Off","Headbutt","Flame Barrier+1","Bludgeon+1","Impervious","Shrug It Off","Offering+1","Pommel Strike+1","Pummel","Metallicize","Shrug It Off"],"relics":["Burning Blood","Ornamental Fan","Eternal Feather","White Beast Statue","Toy Ornithopter","Mark of Pain","Akabeko","Charon\u0027s Ashes","Pear","WingedGreaves","Mummified Hand","Matryoshka"],"acts_visited":["Exordium","TheCity"],"potions_floor_usage":[33],"damage_taken":[{"damage":18.0,"enemies":"Jaw Worm","floor":1.0,"turns":3.0},{"damage":8.0,"enemies":"Small Slimes","floor":2.0,"turns":3.0},{"damage":7.0,"enemies":"Cultist","floor":3.0,"turns":3.0},{"damage":14.0,"enemies":"3 Louse","floor":4.0,"turns":4.0},{"damage":28.0,"enemies":"3 Sentries","floor":7.0,"turns":7.0},{"damage":32.0,"enemies":"Exordium Thugs","floor":10.0,"turns":7.0},{"damage":7.0,"enemies":"Blue Slaver","floor":11.0,"turns":4.0},{"damage":7.0,"enemies":"Gremlin Nob","floor":14.0,"turns":3.0},{"damage":22.0,"enemies":"The Guardian","floor":16.0,"turns":9.0},{"damage":7.0,"enemies":"3 Byrds","floor":18.0,"turns":3.0},{"damage":6.0,"enemies":"Chosen","floor":21.0,"turns":3.0},{"damage":27.0,"enemies":"Slavers","floor":23.0,"turns":6.0},{"damage":27.0,"enemies":"Gremlin Leader","floor":25.0,"turns":7.0},{"damage":12.0,"enemies":"3 Cultists","floor":28.0,"turns":3.0},{"damage":12.0,"enemies":"Colosseum Slavers","floor":30.0,"turns":1.0},{"damage":12.0,"enemies":"Colosseum Nobs","floor":30.0,"turns":3.0},{"damage":14.0,"enemies":"Slavers","floor":31.0,"turns":3.0},{"damage":66,"enemies":"Collector","floor":33,"turns":6}],"seed_played":"-3069092640810919307","potions_obtained":[{"floor":1.0,"key":"Block Potion"},{"floor":3.0,"key":"LiquidBronze"},{"floor":11.0,"key":"BloodPotion"},{"floor":14.0,"key":"Strength Potion"},{"floor":16.0,"key":"FearPotion"},{"floor":18.0,"key":"SpeedPotion"},{"floor":21.0,"key":"BlessingOfTheForge"},{"floor":23.0,"key":"PowerPotion"},{"floor":25.0,"key":"FearPotion"},{"floor":31.0,"key":"Strength Potion"}],"is_trial":false,"path_per_floor":["M","M","M","M","?","R","E","R","T","M","M","R","?","E","R","B",null,"M","$","?","M","$","E","R","E","T","R","M","?","?","E","R","B"],"character_chosen":"IRONCLAD","items_purchased":["Shrug It Off"],"campfire_rested":1,"item_purchase_floors":[19],"current_hp_per_floor":[56,54,53,45,38,38,16,38,38,12,11,20,20,19,28,12,59,63,63,63,68,68,47,56,40,50,59,53,53,41,38,50,0,0],"gold":311,"neow_bonus":"ONE_RANDOM_RARE_CARD","is_daily":false,"chose_seed":false,"campfire_upgraded":6,"win_rate":0.0,"timestamp":1611576631,"path_taken":["M","M","M","M","?","R","E","R","T","M","M","R","?","E","R","BOSS","M","?","?","?","$","E","R","E","T","R","M","?","?","E","R","BOSS"],"items_purchased_type":["Card"],"build_version":"2020-12-22","purchased_purges":2,"victory":false,"max_hp_per_floor":[75,75,75,75,75,75,75,75,75,75,75,75,75,75,75,75,75,75,75,75,75,75,75,75,75,85,85,85,85,85,85,85,85,85],"card_choices":[{"not_picked":["Havoc","Flame Barrier"],"picked":"Blood for Blood","floor":1.0},{"not_picked":["Clothesline","Wild Strike"],"picked":"Shrug It Off","floor":2.0},{"not_picked":["Anger","Cleave"],"picked":"Headbutt","floor":3.0},{"not_picked":["Dropkick","Wild Strike","Iron Wave"],"picked":"SKIP","floor":4.0},{"not_picked":["Second Wind","Spot Weakness"],"picked":"Flame Barrier","floor":7.0},{"not_picked":["Perfected Strike","Body Slam"],"picked":"Bludgeon","floor":10.0},{"not_picked":["Perfected Strike","Headbutt","Clothesline"],"picked":"SKIP","floor":11.0},{"not_picked":["Thunderclap","Headbutt","Wild Strike"],"picked":"SKIP","floor":14.0},{"not_picked":["Demon Form","Limit Break"],"picked":"Impervious","floor":16.0},{"not_picked":["Perfected Strike","Sword Boomerang","Iron Wave"],"picked":"SKIP","floor":18.0},{"not_picked":["Warcry","Wild Strike","Combust"],"picked":"SKIP","floor":21.0},{"not_picked":["Clothesline","Demon Form"],"picked":"Pommel Strike","floor":23.0},{"not_picked":["Sword Boomerang","Burning Pact"],"picked":"Pummel","floor":25.0},{"not_picked":["Battle Trance","Armaments","Uppercut"],"picked":"SKIP","floor":28.0},{"not_picked":["Combust","Havoc"],"picked":"Metallicize","floor":30.0},{"not_picked":["Power Through","Armaments"],"picked":"Shrug It Off","floor":31.0}],"player_experience":701625,"relics_obtained":[{"floor":7.0,"key":"Ornamental Fan"},{"floor":9.0,"key":"Eternal Feather"},{"floor":14.0,"key":"Toy Ornithopter"},{"floor":23.0,"key":"Akabeko"},{"floor":25.0,"key":"Charon\u0027s Ashes"},{"floor":26.0,"key":"Pear"},{"floor":30.0,"key":"WingedGreaves"},{"floor":30.0,"key":"Mummified Hand"},{"floor":31.0,"key":"Matryoshka"}],"event_choices":[{"cards_removed":["Strike_R"],"damage_healed":0.0,"max_hp_gain":0.0,"max_hp_loss":0.0,"gold_gain":0.0,"event_name":"Golden Wing","player_choice":"Card Removal","floor":5.0,"gold_loss":0.0,"damage_taken":7.0},{"damage_healed":0.0,"max_hp_gain":0.0,"max_hp_loss":0.0,"gold_gain":0.0,"event_name":"WeMeetAgain","player_choice":"Gave Potion","floor":13.0,"gold_loss":0.0,"damage_taken":0.0,"relics_obtained":["White Beast Statue"]},{"damage_healed":0.0,"max_hp_gain":0.0,"max_hp_loss":0.0,"gold_gain":0.0,"event_name":"The Library","player_choice":"Read","floor":20.0,"gold_loss":0.0,"damage_taken":0.0,"cards_obtained":["Offering"]},{"damage_healed":0.0,"max_hp_gain":0.0,"max_hp_loss":0.0,"gold_gain":0.0,"event_name":"Ghosts","player_choice":"Ignored","floor":29.0,"gold_loss":0.0,"damage_taken":0.0},{"damage_healed":0.0,"max_hp_gain":0.0,"max_hp_loss":0.0,"gold_gain":0.0,"event_name":"Colosseum","player_choice":"Fight","floor":30.0,"gold_loss":0.0,"damage_taken":0.0},{"damage_healed":0.0,"max_hp_gain":0.0,"max_hp_loss":0.0,"gold_gain":0.0,"event_name":"Colosseum","player_choice":"Fought Nobs","floor":30.0,"gold_loss":0.0,"damage_taken":0.0}],"is_beta":false,"boss_relics":[{"not_picked":["Fusion Hammer","Runic Dome"],"picked":"Mark of Pain"}],"items_purged_floors":[19,22],"is_endless":false,"potions_floor_spawned":[1,3,4,11,14,16,18,21,23,25,28,30,30,31],"killed_by":"Collector","ascension_level":17}}