{"host":"uv5ws9rdk87e8i5k","time":1611554504,"event":{"mods":["AchievementEnabler","BaseMod","Colored Map","Minty Spire (QoL Compilation)","StSLib","SuperFastMode","The Necromancer"],"gold_per_floor":[118,137,150,167,184,218,218,246,246,262,276,296,328,348,348,446,446,461,461,473,7,19,19,47,47,47,74,86,86,113,125,125,125,125],"floor_reached":33,"language":"ENG","playtime":1099,"items_purged":["Strike_W"],"score":444,"play_id":"3cd8f58f-c24f-4eab-9a5f-b30b3c54976a","local_time":"20210125000144","is_ascension_mode":true,"campfire_choices":[{"data":"Summon_Death_Knight","floor":7.0,"key":"SMITH"},{"data":"Summon_Vampire_Lady","floor":15.0,"key":"SMITH"},{"data":"Summon_Death_Knight","floor":23.0,"key":"SMITH"},{"floor":25.0,"key":"REST"},{"data":"Summon_Undead","floor":32,"key":"SMITH"}],"circlet_count":0,"master_deck":["Strike_W","Strike_W","Strike_W","Defend_W","Defend_W","Defend_W","Defend_W","Negative_Energy_Arrows","Bone_Wall","Summon_Death_Knight+1","Vampiric_Strike","Stop_Heart","Negative_Energy_Sphere","Vampiric_Strike","Summon_Undead+1","Summon_Vampire_Lady+1","Summon_Death_Knight+1","CurseOfTheBell","Summon_Undead_Army+1"],"relics":["Vampire_Amulet","Kunai","Strawberry","Sundial","Singing Bowl","Calling Bell","Dream Catcher","Letter Opener","Du-Vu Doll","Membership Card","Frozen Egg 2","Mercury Hourglass","Regal Pillow","Potion Belt","Art of War","MutagenicStrength","Bottled Flame"],"acts_visited":["Exordium","TheCity"],"potions_floor_usage":[30,31],"damage_taken":[{"damage":8.0,"enemies":"Small Slimes","floor":1.0,"turns":4.0},{"damage":7.0,"enemies":"Jaw Worm","floor":2.0,"turns":3.0},{"damage":0.0,"enemies":"Cultist","floor":3.0,"turns":4.0},{"damage":5.0,"enemies":"3 Louse","floor":4.0,"turns":5.0},{"damage":9.0,"enemies":"Red Slaver","floor":5.0,"turns":4.0},{"damage":27.0,"enemies":"3 Sentries","floor":6.0,"turns":10.0},{"damage":26.0,"enemies":"Lagavulin","floor":8.0,"turns":8.0},{"damage":0.0,"enemies":"Exordium Thugs","floor":10.0,"turns":5.0},{"damage":5.0,"enemies":"Large Slime","floor":11.0,"turns":4.0},{"damage":17.0,"enemies":"Lots of Slimes","floor":12.0,"turns":4.0},{"damage":25.0,"enemies":"3 Sentries","floor":13.0,"turns":6.0},{"damage":0.0,"enemies":"Exordium Wildlife","floor":14.0,"turns":5.0},{"damage":29.0,"enemies":"Hexaghost","floor":16.0,"turns":10.0},{"damage":17.0,"enemies":"Shell Parasite","floor":18.0,"turns":6.0},{"damage":0.0,"enemies":"3 Byrds","floor":19.0,"turns":1.0},{"damage":32.0,"enemies":"Snake Plant","floor":20.0,"turns":4.0},{"damage":14.0,"enemies":"Centurion and Healer","floor":22.0,"turns":8.0},{"damage":95.0,"enemies":"Slavers","floor":24.0,"turns":6.0},{"damage":20.0,"enemies":"Gremlin Leader","floor":27.0,"turns":7.0},{"damage":37,"enemies":"3 Cultists","floor":28,"turns":6},{"damage":11,"enemies":"Slavers","floor":30,"turns":3},{"damage":1,"enemies":"Shelled Parasite and Fungi","floor":31,"turns":5},{"damage":72,"enemies":"Collector","floor":33,"turns":6}],"seed_played":"8057344638160504979","potions_obtained":[{"floor":1.0,"key":"SmokeBomb"},{"floor":2.0,"key":"EssenceOfSteel"},{"floor":5.0,"key":"Fruit Juice"},{"floor":8.0,"key":"SkillPotion"},{"floor":13.0,"key":"Block Potion"},{"floor":14.0,"key":"EssenceOfSteel"},{"floor":24.0,"key":"DuplicationPotion"},{"floor":27.0,"key":"DistilledChaos"},{"floor":28,"key":"PowerPotion"}],"is_trial":false,"path_per_floor":["M","M","M","M","M","E","R","E","T","M","M","M","E","M","R","B",null,"M","M","M","$","M","R","E","R","T","E","M","?","E","M","R","B"],"character_chosen":"NECROMANCER","items_purchased":["Membership Card","Frozen Egg 2","Mercury Hourglass","Block Potion"],"campfire_rested":1,"item_purchase_floors":[21,21,21,21],"current_hp_per_floor":[62,59,63,65,58,41,41,26,26,39,44,39,20,36,36,39,71,67,67,51,51,77,77,14,58,58,60,36,36,33,42,42,0,0],"gold":125,"neow_bonus":"THREE_RARE_CARDS","is_daily":false,"chose_seed":false,"campfire_upgraded":4,"win_rate":0.0,"timestamp":1611554504,"path_taken":["M","M","M","M","M","E","R","E","T","M","M","M","E","M","R","BOSS","M","M","M","$","M","R","E","R","T","E","M","?","E","M","R","BOSS"],"items_purchased_type":["Relic","Relic","Relic","Potion"],"build_version":"2020-12-22","purchased_purges":1,"victory":false,"max_hp_per_floor":[68,68,68,68,68,68,68,75,75,80,80,80,80,82,82,82,82,84,84,86,86,88,88,90,92,92,94,96,96,98,98,98,98,98],"card_choices":[{"not_picked":["Negative_Energy_Bomb","Cloudkill"],"picked":"Summon_Death_Knight","floor":0.0},{"not_picked":["Blood_for_Blood","Bone_Bullets"],"picked":"Vampiric_Strike","floor":1.0},{"not_picked":["Flesh_Made_Foul","Siphon_Strength","Negative_Energy_Javelin"],"picked":"SKIP","floor":2.0},{"not_picked":["Death_Coil","Death_March_Dance"],"picked":"Stop_Heart","floor":3.0},{"not_picked":["Whirlwind_of_Bones","Consume_Illness","Plague_Bolt"],"picked":"SKIP","floor":4.0},{"not_picked":["Negative_Energy_Shield","Death_Coil","Necromantic_Selection"],"picked":"SKIP","floor":5.0},{"not_picked":["Blood_Wake","Bone_Armor"],"picked":"Negative_Energy_Sphere","floor":6.0},{"not_picked":["Bones_to_Steel","Bone_Bullets","Scare"],"picked":"SKIP","floor":8.0},{"not_picked":["Death_Knell","Blood_Shield"],"picked":"Vampiric_Strike","floor":10.0},{"not_picked":["Negative_Energy_Mist","Siphon_Strength"],"picked":"Summon_Undead","floor":11.0},{"not_picked":["Strike_from_Beyond","Bones_to_Steel","Bone_Bullets"],"picked":"SKIP","floor":12.0},{"not_picked":["Toxic_Smoke_Screen","Stop_Heart"],"picked":"Summon_Vampire_Lady","floor":13.0},{"not_picked":["Blood_Shield","Epidemic","Vampiric_Strike"],"picked":"Singing Bowl","floor":14.0},{"not_picked":["Skeleton_Dragon","Negative_Energy_Bomb"],"picked":"Summon_Death_Knight","floor":16.0},{"not_picked":["Death_Coil","Death_March_Dance","Death_Knell"],"picked":"Singing Bowl","floor":18.0},{"not_picked":["Negative_Energy_Mist","Vampiric_Strike","Strike_from_Beyond+1"],"picked":"Singing Bowl","floor":20.0},{"not_picked":["Bone_Armor+1","Corrupt","Death_Coil+1"],"picked":"Singing Bowl","floor":22.0},{"not_picked":["Chill_Blood","Plague_Bolt","Blood_for_Blood+1"],"picked":"Singing Bowl","floor":24.0},{"not_picked":["Life_Tap","Vampiric_Strike","Bone_Armor"],"picked":"Singing Bowl","floor":25.0},{"not_picked":["Exploit","Necrotic_Claws+1","Flesh_Made_Foul"],"picked":"Singing Bowl","floor":27.0},{"not_picked":["Epidemic+1","Whirlwind_of_Bones","Siphon_Strength"],"picked":"Singing Bowl","floor":28},{"not_picked":["Scare+1","Shade_Step","Corrupt+1"],"picked":"Singing Bowl","floor":30},{"not_picked":["Bone_Spikes","Slay_Living+1"],"picked":"Summon_Undead_Army+1","floor":31}],"player_experience":258620,"relics_obtained":[{"floor":6.0,"key":"Kunai"},{"floor":8.0,"key":"Strawberry"},{"floor":9.0,"key":"Sundial"},{"floor":13.0,"key":"Singing Bowl"},{"floor":17.0,"key":"Dream Catcher"},{"floor":17.0,"key":"Letter Opener"},{"floor":17.0,"key":"Du-Vu Doll"},{"floor":24.0,"key":"Regal Pillow"},{"floor":26.0,"key":"Potion Belt"},{"floor":27.0,"key":"Art of War"},{"floor":30,"key":"Bottled Flame"}],"event_choices":[{"damage_healed":0,"gold_gain":0,"player_choice":"Inject Mutagens","damage_taken":0,"relics_obtained":["MutagenicStrength"],"max_hp_gain":0,"max_hp_loss":0,"event_name":"Drug Dealer","floor":29,"gold_loss":0}],"is_beta":false,"boss_relics":[{"not_picked":["Empty Cage","Tiny House"],"picked":"Calling Bell"}],"items_purged_floors":[21],"is_endless":false,"potions_floor_spawned":[1,2,5,8,13,14,19,24,27,28],"killed_by":"Collector","ascension_level":5}}