{"host":"p62uqwu04pp7leh9","time":1611566154,"event":{"mods":["BaseMod","Block Reminder","Colored Map","Colored Powertips","Minty Spire (QoL Compilation)","Relic Stats"],"gold_per_floor":[109,129,52,52,68,102,102,131,131,148,148,166,183,243,243,243,243],"floor_reached":16,"language":"ENG","playtime":834,"items_purged":[],"score":112,"play_id":"e28a1835-4cde-4046-9be3-b0debac50ef6","local_time":"20210125031554","is_ascension_mode":true,"campfire_choices":[{"data":"Sentinel","floor":11,"key":"SMITH"},{"data":"Havoc","floor":15,"key":"SMITH"}],"circlet_count":0,"master_deck":["Strike_R","Strike_R","Strike_R","Strike_R","Defend_R","Defend_R","Defend_R","Defend_R","Bash","Iron Wave","Sentinel+1","Dropkick","Iron Wave","Thunderclap","Havoc+1","Sentinel"],"relics":["Burning Blood","Torii","Singing Bowl","Tiny Chest","Odd Mushroom","Letter Opener","Ornamental Fan"],"acts_visited":["Exordium"],"potions_floor_usage":[16,16],"damage_taken":[{"damage":8,"enemies":"2 Louse","floor":1,"turns":4},{"damage":0,"enemies":"Small Slimes","floor":2,"turns":3},{"damage":6,"enemies":"Cultist","floor":5,"turns":3},{"damage":28,"enemies":"3 Sentries","floor":6,"turns":15},{"damage":28,"enemies":"The Mushroom Lair","floor":8,"turns":5},{"damage":7,"enemies":"Looter","floor":10,"turns":3},{"damage":1,"enemies":"2 Fungi Beasts","floor":12,"turns":4},{"damage":9,"enemies":"Blue Slaver","floor":13,"turns":4},{"damage":13,"enemies":"Gremlin Nob","floor":14,"turns":4},{"damage":21,"enemies":"Hexaghost","floor":16,"turns":11}],"seed_played":"262672332285043837","potions_obtained":[{"floor":2,"key":"SmokeBomb"},{"floor":5,"key":"Energy Potion"},{"floor":6,"key":"SneckoOil"}],"is_trial":false,"path_per_floor":["M","M","$","?","M","E","?","?","T","M","R","M","M","?","R","B"],"character_chosen":"IRONCLAD","items_purchased":["Dropkick"],"campfire_rested":0,"item_purchase_floors":[3],"current_hp_per_floor":[70,72,72,65,65,45,42,20,20,21,21,28,25,18,18,0,0],"gold":243,"neow_bonus":"ONE_RARE_RELIC","is_daily":false,"chose_seed":false,"campfire_upgraded":2,"win_rate":0.0,"timestamp":1611566154,"path_taken":["M","M","$","?","M","E","?","?","T","M","R","M","M","?","R","BOSS"],"items_purchased_type":["Card"],"build_version":"2020-12-22","purchased_purges":0,"victory":false,"max_hp_per_floor":[72,72,72,72,72,74,74,74,74,76,76,78,78,78,78,78,78],"relic_stats":{"Torii":21,"Singing Bowl":6,"counters":[10,56],"Ornamental Fan":[16],"Tiny Chest":0,"Letter Opener":[10],"obtain_stats":[{"Torii":0,"Singing Bowl":6,"Ornamental Fan":14,"Tiny Chest":7,"Letter Opener":9,"Odd Mushroom":8,"Burning Blood":0},{"Torii":0,"Singing Bowl":4,"Ornamental Fan":9,"Tiny Chest":4,"Letter Opener":5,"Odd Mushroom":5,"Burning Blood":0},{"Torii":0,"Singing Bowl":25,"Ornamental Fan":45,"Tiny Chest":25,"Letter Opener":30,"Odd Mushroom":30,"Burning Blood":0}],"Burning Blood":50},"card_choices":[{"not_picked":["Clash","Pommel Strike"],"picked":"Iron Wave","floor":1},{"not_picked":["Anger","Havoc"],"picked":"Sentinel","floor":2},{"not_picked":["Searing Blow","Armaments"],"picked":"Iron Wave","floor":5},{"not_picked":["Wild Strike","Havoc","Clash"],"picked":"Singing Bowl","floor":6},{"not_picked":["Flex","Intimidate"],"picked":"Thunderclap","floor":8},{"not_picked":["Flex","Shrug It Off","Immolate"],"picked":"Singing Bowl","floor":10},{"not_picked":["Perfected Strike","Clash","Twin Strike"],"picked":"Singing Bowl","floor":12},{"not_picked":["Infernal Blade","Brutality"],"picked":"Havoc","floor":13},{"not_picked":["Flex","Rampage"],"picked":"Sentinel","floor":14}],"player_experience":325019,"relics_obtained":[{"floor":6,"key":"Singing Bowl"},{"floor":8,"key":"Odd Mushroom"},{"floor":9,"key":"Letter Opener"},{"floor":14,"key":"Ornamental Fan"}],"event_choices":[{"cards_removed":["Strike_R"],"damage_healed":0,"gold_gain":0,"player_choice":"Card Removal","damage_taken":7,"max_hp_gain":0,"max_hp_loss":0,"event_name":"Golden Wing","floor":4,"gold_loss":0},{"damage_healed":0,"gold_gain":0,"player_choice":"Success","damage_taken":3,"relics_obtained":["Tiny Chest"],"max_hp_gain":0,"max_hp_loss":0,"event_name":"Scrap Ooze","floor":7,"gold_loss":0},{"damage_healed":0,"gold_gain":0,"player_choice":"Fought Mushrooms","damage_taken":0,"max_hp_gain":0,"max_hp_loss":0,"event_name":"Mushrooms","floor":8,"gold_loss":0},{"damage_healed":0,"gold_gain":30,"player_choice":"Searched \u00272\u0027 times","damage_taken":0,"max_hp_gain":0,"max_hp_loss":0,"event_name":"Dead Adventurer","floor":14,"gold_loss":0}],"is_beta":false,"boss_relics":[],"items_purged_floors":[],"is_endless":false,"potions_floor_spawned":[2,5,6,13],"killed_by":"Hexaghost","ascension_level":2}}