{"host":"dpbezu80jg8zk7un","time":1611576857,"event":{"mods":["BaseMod","Colored Map","Colored Powertips","Custom Start","DeckTracker","Minty Spire (QoL Compilation)","Quick Restart","StSLib","SuperFastMode"],"gold_per_floor":[169,184,184,194,31,31,47,77,101,101,129,129,154,188,188,281,281,296,296,296,296,315,315,315,315],"floor_reached":24,"language":"KOR","playtime":768,"items_purged":[],"score":478,"play_id":"6c6329cd-8ae9-4560-9703-f9cee0ba8774","local_time":"20210125211417","is_ascension_mode":true,"campfire_choices":[{"data":"Eruption","floor":6.0,"key":"SMITH"},{"floor":15.0,"key":"REST"},{"data":"Scrawl","floor":23.0,"key":"SMITH"}],"circlet_count":0,"master_deck":["AscendersBane","Strike_P","Strike_P+1","Strike_P","Strike_P","Defend_P","Defend_P","Defend_P","Defend_P","Eruption+1","Vigilance","Meditate","CrushJoints+1","Halt","Vault","FollowUp+1","Establishment","Conclude","Tantrum","WheelKick","Scrawl+1","Adaptation"],"relics":["Tiny House","Membership Card","Juzu Bracelet","Blood Vial","Whetstone","Bloody Idol","Damaru","Runic Pyramid"],"acts_visited":["Exordium","TheCity"],"potions_floor_usage":[],"damage_taken":[{"damage":1.0,"enemies":"Cultist","floor":1.0,"turns":3.0},{"damage":7.0,"enemies":"Jaw Worm","floor":2.0,"turns":4.0},{"damage":0.0,"enemies":"Small Slimes","floor":4.0,"turns":3.0},{"damage":0.0,"enemies":"2 Fungi Beasts","floor":7.0,"turns":2.0},{"damage":17.0,"enemies":"Gremlin Nob","floor":8.0,"turns":4.0},{"damage":52.0,"enemies":"Lagavulin","floor":11.0,"turns":10.0},{"damage":4.0,"enemies":"Exordium Wildlife","floor":13.0,"turns":3.0},{"damage":0.0,"enemies":"Gremlin Nob","floor":14.0,"turns":1.0},{"damage":24.0,"enemies":"The Guardian","floor":16.0,"turns":10.0},{"damage":17.0,"enemies":"2 Thieves","floor":18.0,"turns":2.0},{"damage":21.0,"enemies":"3 Byrds","floor":22.0,"turns":4.0},{"damage":30,"enemies":"Gremlin Leader","floor":24,"turns":4}],"seed_played":"-549827683761695081","potions_obtained":[{"floor":0.0,"key":"BottledMiracle"},{"floor":2.0,"key":"SpeedPotion"},{"floor":7.0,"key":"Regen Potion"},{"floor":13.0,"key":"Ancient Potion"},{"floor":16.0,"key":"Dexterity Potion"}],"is_trial":false,"path_per_floor":["M","M","?","M","$","R","M","E","T","?","E","?","M","E","R","B",null,"M","?","?","?","M","R","E"],"character_chosen":"WATCHER","items_purchased":["Membership Card"],"campfire_rested":1,"item_purchase_floors":[5],"current_hp_per_floor":[65,58,58,58,58,58,58,41,41,41,6,6,4,6,25,3,50,35,35,35,35,21,21,0,0],"gold":315,"neow_bonus":"BOSS_RELIC","is_daily":false,"chose_seed":false,"campfire_upgraded":2,"win_rate":0.0,"timestamp":1611576857,"path_taken":["M","M","?","M","$","R","M","E","T","?","E","?","M","E","R","BOSS","M","?","?","?","M","R","E"],"items_purchased_type":["Relic"],"build_version":"2020-12-22","purchased_purges":0,"victory":false,"max_hp_per_floor":[73,73,73,73,73,73,73,73,73,73,73,66,66,66,66,66,66,66,66,66,66,66,66,66,66],"card_choices":[{"not_picked":["JustLucky","Evaluate"],"picked":"Meditate","floor":0.0},{"not_picked":["CutThroughFate","ClearTheMind"],"picked":"CrushJoints","floor":1.0},{"not_picked":["Crescendo","FlyingSleeves"],"picked":"Halt","floor":2.0},{"not_picked":["ForeignInfluence","Study"],"picked":"FollowUp","floor":4.0},{"not_picked":["ThirdEye","SashWhip","Indignation"],"picked":"SKIP","floor":7.0},{"not_picked":["Blasphemy","CrushJoints"],"picked":"Establishment","floor":8.0},{"not_picked":["Consecrate","Evaluate"],"picked":"Conclude","floor":11.0},{"not_picked":["CrushJoints","WindmillStrike"],"picked":"Tantrum","floor":13.0},{"not_picked":["ThirdEye","Ragnarok"],"picked":"WheelKick","floor":14.0},{"not_picked":["Vault","DevaForm"],"picked":"Scrawl","floor":16.0},{"not_picked":["Crescendo","Nirvana"],"picked":"Adaptation","floor":18.0},{"not_picked":["Worship","Indignation","SignatureMove"],"picked":"SKIP","floor":22.0}],"player_experience":2924896,"relics_obtained":[{"floor":8.0,"key":"Juzu Bracelet"},{"floor":9.0,"key":"Blood Vial"},{"floor":11.0,"key":"Whetstone"},{"floor":14.0,"key":"Damaru"}],"event_choices":[{"damage_healed":0.0,"max_hp_gain":0.0,"max_hp_loss":0.0,"gold_gain":0.0,"event_name":"Match and Keep!","player_choice":"1 cards matched","floor":3.0,"gold_loss":0.0,"damage_taken":0.0,"cards_obtained":["Vault"]},{"damage_healed":0.0,"max_hp_gain":0.0,"max_hp_loss":0.0,"gold_gain":0.0,"event_name":"Liars Game","player_choice":"Ignored","floor":10.0,"gold_loss":0.0,"damage_taken":0.0},{"damage_healed":0.0,"max_hp_gain":0.0,"max_hp_loss":7.0,"gold_gain":0.0,"event_name":"Golden Idol","player_choice":"Lose Max HP","floor":12.0,"gold_loss":0.0,"damage_taken":0.0,"relics_obtained":["Golden Idol"]},{"damage_healed":0.0,"max_hp_gain":0.0,"max_hp_loss":0.0,"gold_gain":0.0,"event_name":"Forgotten Altar","player_choice":"Gave Idol","floor":19.0,"relics_lost":["Golden Idol"],"gold_loss":0.0,"damage_taken":0.0,"relics_obtained":["Bloody Idol"]},{"damage_healed":0.0,"max_hp_gain":0.0,"max_hp_loss":0.0,"gold_gain":0.0,"event_name":"The Mausoleum","player_choice":"Ignored","floor":20.0,"gold_loss":0.0,"damage_taken":0.0},{"damage_healed":0.0,"max_hp_gain":0.0,"max_hp_loss":0.0,"gold_gain":0.0,"event_name":"Ghosts","player_choice":"Ignored","floor":21.0,"gold_loss":0.0,"damage_taken":0.0}],"is_beta":false,"boss_relics":[{"not_picked":["SlaversCollar","Ectoplasm"],"picked":"Runic Pyramid"}],"items_purged_floors":[],"is_endless":false,"potions_floor_spawned":[2,7,8,13,14,16],"killed_by":"Gremlin Leader","ascension_level":20}}