{"host":"fvux6yoihym3ucic","time":1611590022,"event":{"mods":["BaseMod","Curses Come First","Downfall","Energized Spire","Hermit","Infinite Spire","Mimic Mod","Minty Spire (QoL Compilation)","Rare Cards Sparkle","Replay The Spire","Spire Arcade","StSLib","The Cursed"],"gold_per_floor":[117,117,117,42,60,60,76,95,122,138,148,148,148,48,48,144,144,164,182,57,57,57,57,57,57,83,94,94,110,110,124,124,229,229,245,18,35,47,47,47,67,67,67],"floor_reached":42,"language":"ENG","playtime":1312,"items_purged":["Strike_R","Defend_R","Strike_R","Defend_R+1"],"score":390,"play_id":"dbe1d2c4-15ca-4b10-94eb-44ff9efc44d8","local_time":"20210125105342","is_ascension_mode":false,"campfire_choices":[{"data":"Strike_R","floor":6,"key":"SMITH"},{"data":"Demon Form","floor":13,"key":"SMITH"},{"floor":15,"key":"REST"},{"floor":23,"key":"REST"},{"floor":28,"key":"REST"},{"floor":32,"key":"REST"},{"floor":40,"key":"REST"}],"circlet_count":0,"master_deck":["Strike_R+1","Strike_R+1","Strike_R+1","Defend_R+1","Defend_R+1","Bash","Demon Form+1","Limit Break","Searing Blow+1","Pummel","Seeing Red","Demon Form"],"relics":["Burning Blood","NeowsBlessing","ReplayTheSpireMod:Ring of Challenge","Runic Pyramid","Nilry\u0027s Codex","MutagenicStrength","Red Skull","infinitespire:Burning Sword","Membership Card"],"acts_visited":["Exordium","TheCity","TheBeyond"],"potions_floor_usage":[10,11,16,16,16,27,29,33,38,38],"damage_taken":[{"damage":0,"enemies":"Small Slimes","floor":1,"turns":1},{"damage":0,"enemies":"2 Louse","floor":5,"turns":1},{"damage":0,"enemies":"Cultist","floor":7,"turns":1},{"damage":14,"enemies":"2 Fungi Beasts","floor":8,"turns":4},{"damage":29,"enemies":"Lots of Slimes","floor":10,"turns":5},{"damage":20,"enemies":"Exordium Wildlife","floor":11,"turns":7},{"damage":63,"enemies":"Slime Boss","floor":16,"turns":9},{"damage":42,"enemies":"2 Thieves","floor":18,"turns":5},{"damage":24,"enemies":"Spheric Guardian","floor":19,"turns":5},{"damage":12,"enemies":"Snake Plant","floor":27,"turns":1},{"damage":10,"enemies":"Snecko","floor":29,"turns":3},{"damage":31,"enemies":"Shelled Parasite and Fungi","floor":31,"turns":3},{"damage":14,"enemies":"Collector","floor":33,"turns":4},{"damage":29,"enemies":"3 Shapes","floor":35,"turns":5},{"damage":16,"enemies":"Orb Walker","floor":37,"turns":3},{"damage":12,"enemies":"Writhing Mass","floor":38,"turns":3},{"damage":50,"enemies":"4 Shapes","floor":41,"turns":7},{"damage":14,"enemies":"3 Darklings","floor":42,"turns":3}],"seed_played":"-8370262681525340036","potions_obtained":[{"floor":8,"key":"SkillPotion"},{"floor":10,"key":"BloodPotion"},{"floor":11,"key":"Regen Potion"},{"floor":12,"key":"Adrenaline Potion"},{"floor":12,"key":"Toxic Potion"},{"floor":19,"key":"Death Potion"},{"floor":27,"key":"Slimebound:ThreeZeroPotion"},{"floor":29,"key":"DistilledChaos"},{"floor":35,"key":"hexamod:SoulburnPotion"},{"floor":37,"key":"PowerPotion"}],"is_trial":false,"path_per_floor":["M","?","?","$","M","R","M","M","T","M","M","?","R","$","R","B",null,"M","M","$","?","?","R","$","?","T","M","R","M","?","M","R","B",null,"M","$","M","M","?","R","M","M"],"character_chosen":"IRONCLAD","items_purchased":["Membership Card"],"campfire_rested":5,"item_purchase_floors":[36],"current_hp_per_floor":[80,80,80,80,80,80,80,72,72,49,51,51,51,51,75,33,80,44,26,26,10,10,34,34,34,34,28,52,48,48,23,47,39,80,57,57,47,41,41,64,20,6,6],"gold":67,"neow_bonus":"THREE_ENEMY_KILL","is_daily":false,"chose_seed":false,"campfire_upgraded":2,"win_rate":0.0,"timestamp":1611590022,"path_taken":["M","?","?","$","?","R","M","M","T","M","M","?","R","$","R","BOSS","M","M","?","?","?","R","$","?","T","?","R","M","?","M","R","BOSS","M","$","M","M","?","R","M","?"],"items_purchased_type":["Relic"],"build_version":"2020-12-22","purchased_purges":4,"victory":false,"max_hp_per_floor":[80,80,80,80,80,80,80,80,80,80,80,80,80,80,80,80,80,80,80,80,80,80,80,80,80,80,80,80,80,80,80,80,80,80,80,80,80,80,77,77,77,77,77],"card_choices":[{"not_picked":["Headbutt","ReplayTheSpireMod:Corrosion Curse","Clothesline"],"picked":"SKIP","floor":1},{"not_picked":["Heavy Blade","Run Through","Infernal Blade"],"picked":"SKIP","floor":5},{"not_picked":["Perfected Strike","Cleave"],"picked":"Demon Form","floor":7},{"not_picked":["Warcry","Abandon","Pommel Strike"],"picked":"SKIP","floor":8},{"not_picked":["Headbutt","True Grit","Thunderclap"],"picked":"SKIP","floor":10},{"not_picked":["Evolve","Disarm","Sword Boomerang"],"picked":"SKIP","floor":11},{"not_picked":["Eclipse","Impervious"],"picked":"Limit Break","floor":16},{"not_picked":["True Grit+1","Iron Wave"],"picked":"Searing Blow+1","floor":18},{"not_picked":["Havoc","Dark Embrace+1"],"picked":"Pummel","floor":19},{"not_picked":["Entrench","Metallicize+1","Flex"],"picked":"SKIP","floor":27},{"not_picked":["Clash+1","ReplayReversal"],"picked":"Seeing Red","floor":29},{"not_picked":["ReplayTheSpireMod:Corrosion Curse+1","Pommel Strike","Thunderclap+1"],"picked":"SKIP","floor":31},{"not_picked":["Juggernaut","Immolate"],"picked":"Demon Form","floor":33},{"not_picked":["Run Through+1","Thunderclap","Iron Wave"],"picked":"SKIP","floor":35},{"not_picked":["Run Through","Flame Barrier+1","Havoc+1"],"picked":"SKIP","floor":37},{"not_picked":["Burning Pact+1","Clash","Bludgeon"],"picked":"SKIP","floor":38},{"not_picked":["Twin Strike+1","ReplayTheSpireMod:Strike From Hell+1","Thunderclap+1"],"picked":"SKIP","floor":41}],"player_experience":26093,"relics_obtained":[{"floor":2,"key":"ReplayTheSpireMod:Ring of Challenge"},{"floor":21,"key":"Nilry\u0027s Codex"},{"floor":26,"key":"Red Skull"}],"event_choices":[{"damage_healed":0,"gold_gain":0,"player_choice":"Forge","damage_taken":0,"max_hp_gain":0,"max_hp_loss":0,"event_name":"Accursed Blacksmith","floor":3,"gold_loss":0,"cards_upgraded":["Strike_R"]},{"damage_healed":0,"gold_gain":0,"player_choice":"Got Potions","damage_taken":0,"max_hp_gain":0,"max_hp_loss":0,"event_name":"Lab","floor":12,"gold_loss":0},{"damage_healed":0,"gold_gain":0,"player_choice":"Obtained Book","damage_taken":16,"max_hp_gain":0,"max_hp_loss":0,"event_name":"Cursed Tome","floor":21,"gold_loss":0},{"damage_healed":0,"gold_gain":0,"player_choice":"Inject Mutagens","damage_taken":0,"relics_obtained":["MutagenicStrength"],"max_hp_gain":0,"max_hp_loss":0,"event_name":"Drug Dealer","floor":22,"gold_loss":0},{"damage_healed":0,"gold_gain":0,"player_choice":"Simplicity","damage_taken":0,"max_hp_gain":0,"max_hp_loss":0,"event_name":"Back to Basics","floor":25,"gold_loss":0,"cards_upgraded":["Strike_R","Defend_R","Defend_R","Defend_R"]},{"damage_healed":0,"gold_gain":0,"player_choice":"Ignored","damage_taken":0,"max_hp_gain":0,"max_hp_loss":0,"event_name":"NoteForYourself","floor":30,"gold_loss":0},{"cards_removed":["Parasite"],"damage_healed":0,"gold_gain":0,"player_choice":"Removed Curses","damage_taken":0,"max_hp_gain":0,"max_hp_loss":0,"event_name":"Fountain of Cleansing","floor":39,"gold_loss":0}],"is_beta":false,"boss_relics":[{"not_picked":["energizedSpire:EnergizedDie","Abe\u0027s Treasure"],"picked":"Runic Pyramid"},{"not_picked":["ReplayTheSpireMod:DimensionalGlitch","Black Star"],"picked":"infinitespire:Burning Sword"}],"items_purged_floors":[4,14,20,36],"is_endless":false,"potions_floor_spawned":[8,10,11,19,27,29,35,37],"killed_by":"3 Darklings","ascension_level":0}}