{"host":"cq2iqt18u9swspes","time":1611615092,"event":{"mods":["AchievementEnabler","BaseMod","BetterRewards","Colored Map","Downfall","Minty Spire (QoL Compilation)","StSLib","The Cursed"],"gold_per_floor":[99,119,133,20,20,20,45,45,45,58,73,100,110,144,162,264,314,314,332,348,367,367,378,432,463,463,463,463,72,72,87,103,204,204,204,219,36,36,54,100,100,120,120,120,120,120],"floor_reached":44,"language":"ENG","playtime":3715,"items_purged":["Slimebound:Defend_Slimebound"],"score":465,"play_id":"8aa8b6d0-bd25-4f5d-9bac-b32f51ca2b50","local_time":"20210125235132","is_ascension_mode":false,"campfire_choices":[{"data":"Slimebound:CorrosiveSpit","floor":1,"key":"SMITH"},{"data":"Slimebound:ForwardTackle","floor":8,"key":"SMITH"},{"data":"Slimebound:PrepareCrush","floor":18,"key":"SMITH"},{"floor":26,"key":"REST"},{"floor":28,"key":"REST"},{"data":"Slimebound:Chomp","floor":30,"key":"SMITH"},{"data":"Slimebound:PrepareCrush","floor":35,"key":"SMITH"}],"circlet_count":0,"master_deck":["Slimebound:Strike_Slimebound","Slimebound:Tackle","Slimebound:Defend_Slimebound","Slimebound:Defend_Slimebound","Slimebound:Split+1","Slimebound:CorrosiveSpit+1","Slimebound:SplitLeeching","Slimebound:GoopSpray","Slimebound:ForwardTackle+1","Slimebound:SplitLeeching","Slimebound:ProtectTheBoss","Slimebound:FlameTackle","Slimebound:Repurpose+1","Slimebound:RollThrough","Slimebound:SpikyOuterGoop","Slimebound:PrepareCrush+1","Slimebound:MegaLick","Slimebound:LeadByExample+1","Slimebound:GrowthPunch+1","Slimebound:ItLooksTasty","Slimebound:Nibble","Slimebound:LeechLife","Slimebound:Chomp+1","Slimebound:SamplingLick","Slimebound:SplitMire","Slimebound:PrepareCrush+1","Slimebound:GrowthPunch+1","Slimebound:Nibble","expansioncontent:QuickStudy","Slimebound:SplitBruiser+1"],"relics":["Slimebound:AbsorbEndCombat","Pen Nib","Strawberry","Omamori","Tiny House","Tiny Chest","Potion Belt","Cauldron","Black Star","Toy Ornithopter","Letter Opener"],"acts_visited":["Exordium","TheCity","TheBeyond"],"potions_floor_usage":[14,16,16,22,25,32,33,33,33,33],"damage_taken":[{"damage":3,"enemies":"Cultist","floor":2,"turns":4},{"damage":2,"enemies":"2 Louse","floor":3,"turns":3},{"damage":0,"enemies":"downfall:FleeingMerchant","floor":4,"turns":4},{"damage":0,"enemies":"Small Slimes","floor":10,"turns":3},{"damage":0,"enemies":"Exordium Thugs","floor":11,"turns":4},{"damage":3,"enemies":"Gremlin Nob","floor":12,"turns":4},{"damage":9,"enemies":"Blue Slaver","floor":13,"turns":3},{"damage":9,"enemies":"Lagavulin","floor":14,"turns":4},{"damage":0,"enemies":"2 Fungi Beasts","floor":15,"turns":3},{"damage":63,"enemies":"WA_ARCHETYPE_RETAIN","floor":16,"turns":8},{"damage":5,"enemies":"Spheric Guardian","floor":19,"turns":3},{"damage":7,"enemies":"Centurion and Healer","floor":20,"turns":6},{"damage":3,"enemies":"Snecko","floor":21,"turns":3},{"damage":33,"enemies":"Snecko","floor":22,"turns":7},{"damage":11,"enemies":"Snake Plant","floor":23,"turns":5},{"damage":34,"enemies":"Gremlin Leader","floor":25,"turns":6},{"damage":9,"enemies":"downfall:FleeingMerchant","floor":29,"turns":4},{"damage":21,"enemies":"3 Cultists","floor":31,"turns":5},{"damage":15,"enemies":"Snecko","floor":32,"turns":4},{"damage":47,"enemies":"DF_ARCHETYPE_CLAW","floor":33,"turns":6},{"damage":27,"enemies":"Orb Walker","floor":36,"turns":5},{"damage":3,"enemies":"downfall:FleeingMerchant","floor":37,"turns":4},{"damage":33,"enemies":"3 Darklings","floor":39,"turns":6},{"damage":20,"enemies":"Sphere and 2 Shapes","floor":42,"turns":6},{"damage":0,"enemies":"Jaw Worm Horde","floor":44,"turns":1}],"seed_played":"-6164906677794010742","potions_obtained":[{"floor":2,"key":"FearPotion"},{"floor":10,"key":"FearPotion"},{"floor":11,"key":"LiquidMemories"},{"floor":14,"key":"Explosive Potion"},{"floor":16,"key":"Weak Potion"},{"floor":17,"key":"Swift Potion"},{"floor":23,"key":"Energy Potion"},{"floor":25,"key":"Energy Potion"},{"floor":29,"key":"Slimebound:SlimedPotion"},{"floor":29,"key":"Swift Potion"},{"floor":29,"key":"Energy Potion"},{"floor":42,"key":"Strength Potion"}],"is_trial":false,"path_per_floor":["R","M","M","$","?","?","T","R","?","M","M","E","M","E","M","B",null,"R","M","M","M","?","M","T","E","R","?","R","$","R","M","M","B",null,"R","M","$","?","M","T","T","M","?","M"],"character_chosen":"SLIMEBOUND","items_purchased":["Slimebound:SplitLeeching","Potion Belt","Cauldron","Slimebound:Chomp","expansioncontent:QuickStudy"],"campfire_rested":2,"item_purchase_floors":[4,29,29,29,37],"current_hp_per_floor":[71,71,71,71,71,76,76,76,76,76,76,83,74,71,77,20,88,88,85,86,88,63,56,56,30,56,56,82,81,81,66,59,20,88,88,67,68,68,47,47,47,33,33,35,35,35],"gold":120,"neow_bonus":"TEN_PERCENT_HP_BONUS","is_daily":false,"chose_seed":false,"campfire_upgraded":5,"win_rate":0.0,"timestamp":1611615092,"path_taken":["R","M","M","$","?","?","T","R","?","M","M","E","M","E","M","BOSS","R","M","M","M","?","M","T","E","R","?","R","$","R","?","M","BOSS","R","M","$","?","M","?","T","M","?","M"],"items_purchased_type":["Card","Relic","Relic","Card","Card"],"build_version":"2020-12-22","purchased_purges":1,"victory":false,"max_hp_per_floor":[71,71,71,71,71,76,76,76,76,76,76,83,83,83,83,83,88,88,88,88,88,88,88,88,88,88,88,88,88,88,88,88,88,88,88,88,88,88,88,88,88,88,88,88,88,88],"card_choices":[{"not_picked":["Slimebound:ItLooksTasty","Slimebound:ProtectTheBoss"],"picked":"Slimebound:SplitLeeching","floor":2},{"not_picked":["Slimebound:MassFeed","Slimebound:RainOfGoop"],"picked":"Slimebound:GoopSpray","floor":3},{"not_picked":["Slimebound:GoopTackle","Slimebound:Chomp"],"picked":"Slimebound:ForwardTackle","floor":4},{"not_picked":["Slimebound:ComboTackle","Slimebound:LeechEnergy"],"picked":"Slimebound:ProtectTheBoss","floor":10},{"not_picked":["Slimebound:Nibble","Slimebound:Prepare","Slimebound:SplitLeeching"],"picked":"SKIP","floor":11},{"not_picked":["Slimebound:GoopSpray","Slimebound:SlimeSpikes"],"picked":"Slimebound:FlameTackle","floor":12},{"not_picked":["Slimebound:FinishingTackle","Slimebound:SplitLeeching"],"picked":"Slimebound:Repurpose","floor":13},{"not_picked":["Slimebound:MegaLick","Slimebound:Grow"],"picked":"Slimebound:RollThrough","floor":14},{"not_picked":["Slimebound:Prepare","Slimebound:GoopSpray"],"picked":"Slimebound:SpikyOuterGoop","floor":15},{"not_picked":["Slimebound:LeechLife","Slimebound:DouseInSlime"],"picked":"Slimebound:PrepareCrush","floor":16},{"not_picked":["Slimebound:TongueLash","Slimebound:SlimeSpikes"],"picked":"Slimebound:MegaLick","floor":17},{"not_picked":["Slimebound:SplitAcid","Slimebound:TongueLash"],"picked":"Slimebound:SlimeBarrage","floor":19},{"not_picked":["Slimebound:Prepare","Slimebound:SlimeSpikes"],"picked":"Slimebound:LeadByExample+1","floor":20},{"not_picked":["Slimebound:ProtectTheBoss","Slimebound:GoopSpray"],"picked":"Slimebound:GrowthPunch","floor":21},{"not_picked":["Slimebound:DisruptingSlam","Slimebound:ForwardTackle"],"picked":"Slimebound:ItLooksTasty","floor":23},{"not_picked":["Slimebound:GoopTackle","Slimebound:LeechEnergy"],"picked":"Slimebound:Nibble","floor":25},{"not_picked":["Slimebound:DisruptingSlam","Slimebound:SlimeBrawl+1"],"picked":"Slimebound:LeechLife","floor":29},{"not_picked":["Slimebound:DisruptingSlam","Slimebound:LevelUp"],"picked":"Slimebound:SamplingLick","floor":31},{"not_picked":["Slimebound:GoopTackle","Slimebound:SlimeBrawl"],"picked":"Slimebound:SplitMire","floor":32},{"not_picked":["Slimebound:SelfFormingGoo","Slimebound:Teamwork"],"picked":"Slimebound:PrepareCrush","floor":33},{"not_picked":["Slimebound:SlimeBrawl+1","Slimebound:SplitLeeching"],"picked":"Slimebound:GrowthPunch+1","floor":36},{"not_picked":["Slimebound:LevelUp+1","Slimebound:MassRepurpose"],"picked":"Slimebound:Nibble","floor":37},{"not_picked":["Slimebound:ItLooksTasty","Slimebound:RollThrough","Slimebound:FinishingTackle"],"picked":"SKIP","floor":39},{"not_picked":["Slimebound:SamplingLick","Slimebound:Repurpose"],"picked":"Slimebound:SplitBruiser+1","floor":42}],"player_experience":47585,"relics_obtained":[{"floor":7,"key":"Pen Nib"},{"floor":12,"key":"Strawberry"},{"floor":14,"key":"Omamori"},{"floor":25,"key":"Tiny Chest"},{"floor":40,"key":"Toy Ornithopter"},{"floor":41,"key":"Letter Opener"}],"event_choices":[{"cards_removed":["Slimebound:Strike_Slimebound"],"damage_healed":0,"gold_gain":0,"player_choice":"Card Removal","damage_taken":0,"max_hp_gain":0,"max_hp_loss":0,"event_name":"The Cleric","floor":5,"gold_loss":0},{"damage_healed":0,"gold_gain":0,"player_choice":"Donut","damage_taken":0,"max_hp_gain":5,"max_hp_loss":0,"event_name":"Big Fish","floor":6,"gold_loss":0},{"damage_healed":0,"gold_gain":0,"player_choice":"Grow","damage_taken":0,"max_hp_gain":0,"max_hp_loss":0,"event_name":"Living Wall","floor":9,"gold_loss":0,"cards_upgraded":["Slimebound:Split"]},{"damage_healed":0,"gold_gain":0,"player_choice":"Forge","damage_taken":0,"max_hp_gain":0,"max_hp_loss":0,"event_name":"Accursed Blacksmith","floor":27,"gold_loss":0,"cards_upgraded":["Slimebound:GrowthPunch"]},{"cards_removed":["Slimebound:SlimeBarrage"],"damage_healed":0,"gold_gain":0,"player_choice":"Removed Attack","damage_taken":0,"max_hp_gain":0,"max_hp_loss":0,"event_name":"Falling","floor":38,"gold_loss":0},{"damage_healed":0,"gold_gain":0,"player_choice":"Ignored","damage_taken":0,"max_hp_gain":0,"max_hp_loss":0,"event_name":"Mysterious Sphere","floor":43,"gold_loss":0}],"is_beta":false,"boss_relics":[{"not_picked":["SlaversCollar","Coffee Dripper"],"picked":"Tiny House"},{"not_picked":["Slimebound:TarBlob","Philosopher\u0027s Stone"],"picked":"Black Star"}],"items_purged_floors":[4],"is_endless":false,"potions_floor_spawned":[2,10,11,14,16,19,23,25,42],"killed_by":"Jaw Worm Horde","ascension_level":0}}