{"host":"swphzoo6hmc78epl","time":1611540181,"event":{"mods":["BaseMod","Highlight Path","Minty Spire (QoL Compilation)","Quick Restart"],"gold_per_floor":[161,111,123,137,147,173,173,192,192,203,203,214,67,86,86,188,188,200,200,200,200,219,252,268,303,315,327,359,371,383,427,439,451,451],"floor_reached":33,"language":"ENG","playtime":1487,"items_purged":["Strike_G"],"score":371,"play_id":"64cdb50a-d06b-4432-b841-a4abb8b840d5","local_time":"20210124210301","is_ascension_mode":true,"campfire_choices":[{"data":"Die Die Die","floor":7,"key":"SMITH"},{"data":"Crippling Poison","floor":11,"key":"SMITH"},{"data":"Noxious Fumes","floor":15,"key":"SMITH"},{"data":"Wraith Form v2","floor":27,"key":"SMITH"},{"data":"Deadly Poison","floor":30,"key":"SMITH"},{"data":"Corpse Explosion","floor":32,"key":"SMITH"}],"circlet_count":0,"master_deck":["Survivor","Neutralize","Dash","All Out Attack","Poisoned Stab","Bouncing Flask","Dagger Spray","Die Die Die+1","Bane","Crippling Poison+1","Noxious Fumes+1","Corpse Explosion+1","Unload","Wraith Form v2+1","Deadly Poison+1","Blur","Outmaneuver","Prepared","Dodge and Roll","Deflect+1","Sucker Punch+1","Deflect+1","Dodge and Roll","Dodge and Roll+1"],"relics":["Tiny House","Paper Crane","Meat on the Bone","Pandora\u0027s Box","Darkstone Periapt","InkBottle","MawBank","Orichalcum","Lizard Tail","Bottled Lightning"],"acts_visited":["Exordium","TheCity"],"potions_floor_usage":[6,8,16,24,25,33],"damage_taken":[{"damage":2,"enemies":"Jaw Worm","floor":1,"turns":5},{"damage":5,"enemies":"2 Louse","floor":3,"turns":2},{"damage":0,"enemies":"Cultist","floor":4,"turns":4},{"damage":14,"enemies":"Exordium Wildlife","floor":5,"turns":5},{"damage":3,"enemies":"3 Sentries","floor":6,"turns":8},{"damage":7,"enemies":"Looter","floor":8,"turns":3},{"damage":0,"enemies":"3 Louse","floor":10,"turns":1},{"damage":1,"enemies":"Exordium Thugs","floor":12,"turns":3},{"damage":0,"enemies":"Exordium Wildlife","floor":14,"turns":3},{"damage":7,"enemies":"Hexaghost","floor":16,"turns":8},{"damage":16,"enemies":"Shell Parasite","floor":18,"turns":5},{"damage":11,"enemies":"2 Thieves","floor":22,"turns":3},{"damage":28,"enemies":"Book of Stabbing","floor":23,"turns":6},{"damage":0,"enemies":"Snecko","floor":24,"turns":3},{"damage":18,"enemies":"Gremlin Leader","floor":25,"turns":5},{"damage":35,"enemies":"Chosen and Byrds","floor":28,"turns":6},{"damage":25,"enemies":"Book of Stabbing","floor":31,"turns":7},{"damage":46,"enemies":"Collector","floor":33,"turns":6}],"seed_played":"-2316320674844264947","potions_obtained":[{"floor":0,"key":"Dexterity Potion"},{"floor":3,"key":"ColorlessPotion"},{"floor":4,"key":"Strength Potion"},{"floor":14,"key":"DistilledChaos"},{"floor":18,"key":"Swift Potion"},{"floor":24,"key":"DistilledChaos"},{"floor":28,"key":"Strength Potion"}],"is_trial":false,"path_per_floor":["M","?","M","M","M","E","R","M","T","M","R","M","$","M","R","B",null,"M","?","?","?","M","E","M","E","T","R","M","T","R","E","R","B"],"character_chosen":"THE_SILENT","items_purchased":["Noxious Fumes"],"campfire_rested":0,"item_purchase_floors":[13],"current_hp_per_floor":[73,73,68,68,54,51,51,44,44,44,44,43,43,43,43,48,75,59,59,59,59,48,32,44,38,38,38,15,15,15,41,41,0,0],"gold":451,"neow_bonus":"BOSS_RELIC","is_daily":false,"chose_seed":false,"campfire_upgraded":6,"win_rate":0.0,"timestamp":1611540181,"path_taken":["M","?","M","M","M","E","R","M","T","M","R","M","$","M","R","BOSS","M","?","?","?","?","E","M","E","T","R","M","?","R","E","R","BOSS"],"items_purchased_type":["Card"],"build_version":"2020-12-22","purchased_purges":1,"victory":false,"max_hp_per_floor":[75,75,75,75,75,75,75,75,75,75,75,75,75,75,75,75,75,75,75,75,75,75,75,75,75,75,75,75,75,75,75,75,75,75],"card_choices":[{"not_picked":["Outmaneuver","Reflex"],"picked":"Dash","floor":0},{"not_picked":["Blade Dance","Flying Knee"],"picked":"All Out Attack","floor":1},{"not_picked":["Sucker Punch","Deadly Poison"],"picked":"Poisoned Stab","floor":3},{"not_picked":["Heel Hook","All Out Attack"],"picked":"Bouncing Flask","floor":4},{"not_picked":["Deflect","Endless Agony"],"picked":"Dagger Spray","floor":5},{"not_picked":["Dagger Throw","Choke"],"picked":"Die Die Die","floor":6},{"not_picked":["Prepared","Choke"],"picked":"Bane","floor":8},{"not_picked":["Flying Knee","Dagger Spray"],"picked":"Crippling Poison","floor":10},{"not_picked":["Cloak And Dagger","Outmaneuver","Slice"],"picked":"SKIP","floor":12},{"not_picked":["PiercingWail","Quick Slash","Reflex"],"picked":"SKIP","floor":14},{"not_picked":["Phantasmal Killer","Malaise"],"picked":"Corpse Explosion","floor":16},{"not_picked":["Slice","Flying Knee"],"picked":"Deflect+1","floor":18},{"not_picked":["Riddle With Holes","Sucker Punch","Infinite Blades"],"picked":"SKIP","floor":22},{"not_picked":["Accuracy","Choke+1","Masterful Stab"],"picked":"SKIP","floor":23},{"not_picked":["Slice+1","Noxious Fumes"],"picked":"Sucker Punch+1","floor":24},{"not_picked":["Night Terror","Cloak And Dagger"],"picked":"Deflect+1","floor":25},{"not_picked":["Dagger Throw","Reflex+1"],"picked":"Dodge and Roll","floor":28},{"not_picked":["Well Laid Plans","Flying Knee"],"picked":"Dodge and Roll+1","floor":31}],"player_experience":836430,"relics_obtained":[{"floor":6,"key":"Paper Crane"},{"floor":9,"key":"Meat on the Bone"},{"floor":23,"key":"InkBottle"},{"floor":25,"key":"MawBank"},{"floor":26,"key":"Orichalcum"},{"floor":29,"key":"Lizard Tail"},{"floor":31,"key":"Bottled Lightning"}],"event_choices":[{"cards_removed":["Strike_G"],"damage_healed":0,"gold_gain":0,"player_choice":"Card Removal","damage_taken":0,"max_hp_gain":0,"max_hp_loss":0,"event_name":"The Cleric","floor":2,"gold_loss":50},{"damage_healed":0,"gold_gain":0,"player_choice":"Opened","damage_taken":0,"relics_obtained":["Darkstone Periapt"],"max_hp_gain":0,"max_hp_loss":0,"event_name":"The Mausoleum","floor":19,"gold_loss":0},{"cards_removed":["Predator"],"damage_healed":0,"gold_gain":0,"player_choice":"Elegance","damage_taken":0,"max_hp_gain":0,"max_hp_loss":0,"event_name":"Back to Basics","floor":20,"gold_loss":0},{"damage_healed":0,"gold_gain":0,"player_choice":"Ignored","damage_taken":0,"max_hp_gain":0,"max_hp_loss":0,"event_name":"Vampires","floor":21,"gold_loss":0}],"is_beta":false,"boss_relics":[{"not_picked":["Fusion Hammer","WristBlade"],"picked":"Pandora\u0027s Box"}],"items_purged_floors":[13],"is_endless":false,"potions_floor_spawned":[3,4,5,14,18,24,28],"killed_by":"Collector","ascension_level":4}}