{"host":"vyjryxuuuxkt43k4","time":1611552731,"event":{"mods":["AchievementEnabler","BaseMod","Colored Map","DeckTracker","Keyboard Shortcuts","Minty Spire (QoL Compilation)","Permanent Neow","Quick Restart","Rare Cards Sparkle","StSLib","SuperFastMode","everything is the same but u backflip on backflip"],"gold_per_floor":[115,65,76,94,114,114,145,145,169,15,26,26,26],"floor_reached":12,"language":"KOR","playtime":933,"items_purged":[],"score":124,"play_id":"bf914741-6be7-4042-a97c-fe35f3169125","local_time":"20210125143211","is_ascension_mode":true,"campfire_choices":[{"data":"Dagger Throw","floor":6,"key":"SMITH"},{"floor":8,"key":"REST"}],"circlet_count":0,"master_deck":["AscendersBane","Strike_G","Strike_G","Strike_G","Strike_G","Defend_G","Defend_G","Defend_G","Defend_G","Defend_G","Survivor","Neutralize","Burst","PiercingWail","Acrobatics","Leg Sweep","Dagger Throw+1","Crippling Poison","Flying Knee"],"relics":["Ring of the Snake","Nunchaku","Regal Pillow","TheAbacus"],"acts_visited":["Exordium"],"potions_floor_usage":[5,7,12],"damage_taken":[{"damage":9,"enemies":"Jaw Worm","floor":1,"turns":8},{"damage":3,"enemies":"2 Louse","floor":3,"turns":4},{"damage":2,"enemies":"Small Slimes","floor":4,"turns":7},{"damage":0,"enemies":"3 Louse","floor":5,"turns":5},{"damage":36,"enemies":"3 Sentries","floor":7,"turns":17},{"damage":9,"enemies":"Red Slaver","floor":11,"turns":6},{"damage":32,"enemies":"Lagavulin","floor":12,"turns":6}],"seed_played":"4960474811524688675","potions_obtained":[{"floor":4,"key":"Explosive Potion"},{"floor":5,"key":"Swift Potion"},{"floor":11,"key":"LiquidMemories"}],"is_trial":false,"path_per_floor":["M","?","M","M","M","R","E","R","T","$","M","E"],"character_chosen":"THE_SILENT","items_purchased":["TheAbacus"],"campfire_rested":1,"item_purchase_floors":[10],"current_hp_per_floor":[54,54,51,49,49,49,13,34,34,34,25,0,0],"gold":26,"neow_bonus":"ONE_RANDOM_RARE_CARD","is_daily":false,"chose_seed":false,"campfire_upgraded":1,"win_rate":0.0,"timestamp":1611552731,"path_taken":["M","?","M","M","M","R","E","R","T","$","M","E"],"items_purchased_type":["Relic"],"build_version":"2020-12-22","purchased_purges":0,"victory":false,"max_hp_per_floor":[70,70,70,70,70,70,70,70,70,70,70,70,70],"card_choices":[{"not_picked":["Predator","Skewer"],"picked":"PiercingWail","floor":1},{"not_picked":["Caltrops","Underhanded Strike"],"picked":"Acrobatics","floor":3},{"not_picked":["Prepared","Deflect"],"picked":"Leg Sweep","floor":4},{"not_picked":["Outmaneuver","Acrobatics"],"picked":"Dagger Throw","floor":5},{"not_picked":["PiercingWail","Storm of Steel"],"picked":"Crippling Poison","floor":7},{"not_picked":["Bane","Acrobatics"],"picked":"Flying Knee","floor":11}],"player_experience":315334,"relics_obtained":[{"floor":7,"key":"Nunchaku"},{"floor":9,"key":"Regal Pillow"}],"event_choices":[{"cards_removed":["Strike_G"],"damage_healed":0,"gold_gain":0,"player_choice":"Card Removal","damage_taken":0,"max_hp_gain":0,"max_hp_loss":0,"event_name":"The Cleric","floor":2,"gold_loss":50}],"is_beta":false,"boss_relics":[],"items_purged_floors":[],"is_endless":false,"potions_floor_spawned":[4,5,11],"killed_by":"Lagavulin","ascension_level":11}}