{"host":"3zb3nk4wvq0dtbuh","time":1611582002,"event":{"mods":["AchievementEnabler","BaseMod","Lobotomy","Minty Spire (QoL Compilation)","Quick Restart","Relic Filter Mod","StSLib","SuperFastMode","The Blackbeard"],"gold_per_floor":[112,112,127,139,156,156,106,117,144,222,222,236,249,270,270,400,700,721,737,737,737,737,737,761,761,761,25,125,125,125],"floor_reached":29,"language":"ZHS","playtime":495,"items_purged":["Strike_G"],"score":217,"play_id":"c5b0af6c-7c20-42d0-989a-0df67edd0556","local_time":"20210125214002","is_ascension_mode":false,"campfire_choices":[{"data":"Deadly Poison","floor":6.0,"key":"SMITH"},{"floor":15.0,"key":"REST"},{"data":"Grand Finale","floor":23.0,"key":"SMITH"},{"floor":25.0,"key":"REST"}],"circlet_count":0,"master_deck":["Strike_G","Strike_G","Defend_G","Defend_G","Defend_G","Defend_G","Defend_G","Survivor","Neutralize","Backstab+1","Deflect","Deadly Poison+1","Deadly Poison","Dodge and Roll","Corpse Explosion","Backflip","Deadly Poison","Grand Finale+1","CurseOfTheBell","Concentrate","Prepared"],"relics":["Ring of the Snake","Unceasing Top","Juzu Bracelet","Golden Idol","Calling Bell","Blood Vial","The Courier","Old Coin","Eternal Feather","Membership Card","Calipers","MealTicket","Prayer Wheel","Tingsha","Singing Bowl"],"acts_visited":["Exordium","TheCity"],"potions_floor_usage":[],"damage_taken":[{"damage":10.0,"enemies":"Jaw Worm","floor":1.0,"turns":4.0},{"damage":0.0,"enemies":"Cultist","floor":3.0,"turns":3.0},{"damage":0.0,"enemies":"Small Slimes","floor":4.0,"turns":3.0},{"damage":0.0,"enemies":"Looter","floor":5.0,"turns":4.0},{"damage":3.0,"enemies":"Exordium Thugs","floor":8.0,"turns":5.0},{"damage":0.0,"enemies":"2 Fungi Beasts","floor":12.0,"turns":3.0},{"damage":0.0,"enemies":"Gremlin Gang","floor":13.0,"turns":3.0},{"damage":16.0,"enemies":"Large Slime","floor":14.0,"turns":6.0},{"damage":11.0,"enemies":"The Guardian","floor":16.0,"turns":8.0},{"damage":16.0,"enemies":"Shell Parasite","floor":18.0,"turns":5.0},{"damage":15.0,"enemies":"Chosen","floor":19.0,"turns":5.0},{"damage":18.0,"enemies":"Centurion and Healer","floor":24.0,"turns":6.0},{"damage":0,"enemies":"Sentry and Sphere","floor":29,"turns":1}],"seed_played":"-8074008184543585360","potions_obtained":[{"floor":4.0,"key":"Swift Potion"},{"floor":5.0,"key":"AttackPotion"},{"floor":8.0,"key":"Ancient Potion"},{"floor":13.0,"key":"SpeedPotion"}],"is_trial":false,"path_per_floor":["M","?","M","M","M","R","?","M","T","?","?","M","M","M","R","B",null,"M","M","?","?","?","R","M","R","T","$","?","M"],"character_chosen":"THE_SILENT","items_purchased":["Membership Card","Calipers","MealTicket","Prayer Wheel","Tingsha","Singing Bowl","Concentrate","Prepared"],"campfire_rested":2,"item_purchase_floors":[27,27,27,27,27,27,27,27],"current_hp_per_floor":[39,39,39,39,39,39,39,36,36,36,36,36,36,20,39,28,65,49,36,36,36,36,36,20,39,39,39,39,41,41],"gold":125,"neow_bonus":"ONE_RARE_RELIC","is_daily":false,"chose_seed":false,"campfire_upgraded":2,"win_rate":0.0,"timestamp":1611582002,"path_taken":["M","?","?","M","M","R","?","M","T","?","?","M","M","M","R","BOSS","M","M","?","?","?","R","M","R","T","$","?","M"],"items_purchased_type":["Relic","Relic","Relic","Relic","Relic","Relic","Card","Card"],"build_version":"2020-12-22","purchased_purges":1,"victory":false,"max_hp_per_floor":[70,70,70,70,70,70,70,70,70,70,65,65,65,65,65,65,65,65,65,65,65,65,65,65,65,65,65,65,65,65],"card_choices":[{"not_picked":["Dagger Spray","Cloak And Dagger"],"picked":"Backstab","floor":1.0},{"not_picked":["Cloak And Dagger","Acrobatics"],"picked":"Deflect","floor":3.0},{"not_picked":["Blade Dance","Heel Hook"],"picked":"Deadly Poison","floor":4.0},{"not_picked":["Sucker Punch","Dagger Throw"],"picked":"Deadly Poison","floor":5.0},{"not_picked":["Terror","Endless Agony"],"picked":"Dodge and Roll","floor":8.0},{"not_picked":["PiercingWail","Well Laid Plans"],"picked":"Corpse Explosion","floor":12.0},{"not_picked":["Underhanded Strike","Dagger Throw"],"picked":"Backflip","floor":13.0},{"not_picked":["Backstab","Eviscerate"],"picked":"Deadly Poison","floor":14.0},{"not_picked":["Tools of the Trade","Wraith Form v2"],"picked":"Grand Finale","floor":16.0},{"not_picked":["Backflip","Backstab","Poisoned Stab"],"picked":"SKIP","floor":18.0},{"not_picked":["Poisoned Stab","Slice","Dash"],"picked":"SKIP","floor":19.0},{"not_picked":["Sucker Punch+1","A Thousand Cuts","PiercingWail"],"picked":"SKIP","floor":24.0}],"player_experience":23960,"relics_obtained":[{"floor":9.0,"key":"Juzu Bracelet"},{"floor":17.0,"key":"Blood Vial"},{"floor":17.0,"key":"The Courier"},{"floor":17.0,"key":"Old Coin"},{"floor":26.0,"key":"Eternal Feather"}],"event_choices":[{"damage_healed":0.0,"max_hp_gain":0.0,"max_hp_loss":0.0,"gold_gain":0.0,"event_name":"Upgrade Shrine","player_choice":"Upgraded","floor":2.0,"gold_loss":0.0,"damage_taken":0.0,"cards_upgraded":["Backstab"]},{"cards_removed":["Strike_G"],"damage_healed":0.0,"max_hp_gain":0.0,"max_hp_loss":0.0,"gold_gain":0.0,"event_name":"The Cleric","player_choice":"Card Removal","floor":7.0,"gold_loss":50.0,"damage_taken":0.0},{"damage_healed":0.0,"max_hp_gain":0.0,"max_hp_loss":0.0,"gold_gain":78.0,"event_name":"Golden Wing","player_choice":"Gained Gold","floor":10.0,"gold_loss":0.0,"damage_taken":0.0},{"damage_healed":0.0,"max_hp_gain":0.0,"max_hp_loss":5.0,"gold_gain":0.0,"event_name":"Golden Idol","player_choice":"Lose Max HP","floor":11.0,"gold_loss":0.0,"damage_taken":0.0,"relics_obtained":["Golden Idol"]},{"cards_removed":["Strike_G"],"damage_healed":0.0,"max_hp_gain":0.0,"max_hp_loss":0.0,"gold_gain":0.0,"event_name":"Purifier","player_choice":"Purged","floor":20.0,"gold_loss":0.0,"damage_taken":0.0},{"damage_healed":0.0,"max_hp_gain":0.0,"max_hp_loss":0.0,"gold_gain":0.0,"event_name":"Cursed Tome","player_choice":"Ignored","floor":21.0,"gold_loss":0.0,"damage_taken":0.0},{"damage_healed":0.0,"max_hp_gain":0.0,"max_hp_loss":0.0,"gold_gain":0.0,"event_name":"Vampires","player_choice":"Ignored","floor":22.0,"gold_loss":0.0,"damage_taken":0.0},{"damage_healed":0,"gold_gain":100,"player_choice":"Pray","damage_taken":0,"max_hp_gain":0,"max_hp_loss":0,"event_name":"Golden Shrine","floor":28,"gold_loss":0}],"is_beta":false,"boss_relics":[{"not_picked":["Runic Pyramid","Ring of the Serpent"],"picked":"Calling Bell"}],"items_purged_floors":[27],"is_endless":false,"potions_floor_spawned":[4,5,8,13],"killed_by":"Sentry and Sphere","ascension_level":0}}