{"host":"3jpwrwmmgyabjceh","time":1611574472,"event":{"mods":["AchievementEnabler","BaseMod","Colored Map","Colored Powertips","Highlight Path","Minty Spire (QoL Compilation)","Quick Restart","Relic Stats","StSLib","SuperFastMode"],"gold_per_floor":[112,127,77,92,106,132,132,132,132,57,57,73,87,114,114,209,209,221,234,245,245,258,258,258,258],"floor_reached":24,"language":"ENG","playtime":728,"items_purged":["Defend_P"],"score":356,"play_id":"05079a37-39ef-4c8d-88a0-0cf8169bcaa9","local_time":"20210125143432","is_ascension_mode":true,"campfire_choices":[{"data":"Eruption","floor":8.0,"key":"SMITH"},{"data":"BattleHymn","floor":11.0,"key":"SMITH"},{"data":"LikeWater","floor":15.0,"key":"SMITH"},{"data":"WaveOfTheHand","floor":23,"key":"SMITH"}],"circlet_count":0,"master_deck":["Strike_P","Strike_P","Defend_P","Defend_P","Defend_P","Eruption+1","Vigilance","BattleHymn+1","SashWhip","ClearTheMind","Halt","LikeWater+1","Scrawl","Crescendo","WaveOfTheHand+1","ThirdEye","FlurryOfBlows+1"],"relics":["Busted Crown","StrikeDummy","TeardropLocket","Yang","Coffee Dripper"],"acts_visited":["Exordium","TheCity"],"potions_floor_usage":[24],"damage_taken":[{"damage":0.0,"enemies":"Cultist","floor":1.0,"turns":4.0},{"damage":0.0,"enemies":"Small Slimes","floor":2.0,"turns":2.0},{"damage":7.0,"enemies":"2 Louse","floor":4.0,"turns":3.0},{"damage":0.0,"enemies":"Large Slime","floor":5.0,"turns":4.0},{"damage":17.0,"enemies":"3 Sentries","floor":6.0,"turns":6.0},{"damage":12.0,"enemies":"Gremlin Gang","floor":12.0,"turns":4.0},{"damage":7.0,"enemies":"Exordium Thugs","floor":13.0,"turns":4.0},{"damage":0.0,"enemies":"Gremlin Nob","floor":14.0,"turns":3.0},{"damage":3.0,"enemies":"The Guardian","floor":16.0,"turns":10.0},{"damage":2.0,"enemies":"Shell Parasite","floor":18.0,"turns":3.0},{"damage":19.0,"enemies":"2 Thieves","floor":19.0,"turns":3.0},{"damage":0.0,"enemies":"Snecko","floor":20.0,"turns":4.0},{"damage":5,"enemies":"Shelled Parasite and Fungi","floor":22,"turns":5},{"damage":28,"enemies":"Slavers","floor":24,"turns":1}],"seed_played":"-6958571278195583182","potions_obtained":[{"floor":1.0,"key":"StancePotion"},{"floor":6.0,"key":"EssenceOfSteel"},{"floor":12.0,"key":"GamblersBrew"},{"floor":16.0,"key":"Fire Potion"},{"floor":18.0,"key":"LiquidMemories"},{"floor":20.0,"key":"AttackPotion"}],"is_trial":false,"path_per_floor":["M","M","?","M","M","E","?","R","T","$","R","M","M","E","R","B",null,"M","M","M","?","M","R","E"],"character_chosen":"WATCHER","items_purchased":[],"campfire_rested":0,"item_purchase_floors":[],"current_hp_per_floor":[72,72,72,65,65,48,41,41,41,41,41,29,22,22,22,19,59,57,38,38,32,27,27,0,0],"gold":258,"neow_bonus":"BOSS_RELIC","is_daily":false,"chose_seed":false,"campfire_upgraded":4,"win_rate":0.0,"timestamp":1611574472,"path_taken":["M","?","?","M","M","E","?","R","T","$","R","M","M","E","R","BOSS","M","M","M","?","?","R","E"],"items_purchased_type":[],"build_version":"2020-12-22","purchased_purges":1,"victory":false,"max_hp_per_floor":[72,72,72,72,72,72,72,72,72,72,72,72,72,72,72,72,72,72,72,72,72,72,72,72,72],"relic_stats":{"Busted Crown":26,"counters":[14,56],"Yang":[52],"obtain_stats":[{"Busted Crown":0,"Yang":14,"Coffee Dripper":17,"TeardropLocket":9,"PureWater":0,"StrikeDummy":6},{"Busted Crown":0,"Yang":8,"Coffee Dripper":9,"TeardropLocket":5,"PureWater":0,"StrikeDummy":5},{"Busted Crown":0,"Yang":30,"Coffee Dripper":40,"TeardropLocket":19,"PureWater":0,"StrikeDummy":19}]},"card_choices":[{"not_picked":[],"picked":"BattleHymn","floor":1.0},{"not_picked":["CrushJoints"],"picked":"SKIP","floor":2.0},{"not_picked":[],"picked":"SashWhip","floor":4.0},{"not_picked":[],"picked":"ClearTheMind","floor":5.0},{"not_picked":[],"picked":"Halt","floor":6.0},{"not_picked":[],"picked":"LikeWater","floor":12.0},{"not_picked":["ReachHeaven"],"picked":"SKIP","floor":13.0},{"not_picked":["SpiritShield"],"picked":"SKIP","floor":14.0},{"not_picked":[],"picked":"Scrawl","floor":16.0},{"not_picked":[],"picked":"Crescendo","floor":18.0},{"not_picked":[],"picked":"WaveOfTheHand","floor":19.0},{"not_picked":[],"picked":"ThirdEye","floor":20.0},{"not_picked":[],"picked":"FlurryOfBlows+1","floor":22}],"player_experience":281171,"relics_obtained":[{"floor":6.0,"key":"StrikeDummy"},{"floor":9.0,"key":"TeardropLocket"},{"floor":14.0,"key":"Yang"}],"event_choices":[{"cards_removed":["Strike_P"],"damage_healed":0.0,"max_hp_gain":0.0,"max_hp_loss":0.0,"gold_gain":0.0,"event_name":"The Cleric","player_choice":"Card Removal","floor":3.0,"gold_loss":50.0,"damage_taken":0.0},{"cards_removed":["Strike_P"],"damage_healed":0.0,"max_hp_gain":0.0,"max_hp_loss":0.0,"gold_gain":0.0,"event_name":"Golden Wing","player_choice":"Card Removal","floor":7.0,"gold_loss":0.0,"damage_taken":7.0},{"damage_healed":0.0,"max_hp_gain":0.0,"max_hp_loss":0.0,"gold_gain":0.0,"event_name":"Knowing Skull","player_choice":"","floor":21.0,"potions_obtained":[],"gold_loss":0.0,"damage_taken":6.0,"cards_obtained":[]}],"is_beta":false,"boss_relics":[{"not_picked":["Calling Bell","Snecko Eye"],"picked":"Coffee Dripper"}],"items_purged_floors":[10],"is_endless":false,"potions_floor_spawned":[1,6,12,16,18,20],"killed_by":"Slavers","ascension_level":5}}