{"host":"l84l8xigz5v5foa2","time":1611553471,"event":{"mods":["2.2 Compatiblity","AchievementEnabler","BaseMod","Better Note","Better Vampires","Card Filter","Colored Map","DeckTracker","Gremlin Skip","Highlight Path","Keyboard Shortcuts","Minty Spire (QoL Compilation)","Permanent Neow","Quick Restart","Relic Filter","Relic Stats","Shop Mod","StSLib","SuperFastMode","Transform Curses","Unknown Chances"],"gold_per_floor":[115,115,115,115,133,133,56,56,135,135,135,61,61,82,82,82,82],"floor_reached":16,"language":"KOR","playtime":241,"items_purged":[],"score":151,"play_id":"eb73313d-b57f-49d9-b9f0-154ce7a8b295","local_time":"20210125144431","is_ascension_mode":true,"campfire_choices":[{"data":"Calculated Gamble","floor":6,"key":"SMITH"},{"data":"Glass Knife","floor":8,"key":"SMITH"},{"data":"Neutralize","floor":10,"key":"SMITH"},{"data":"Reflex","floor":13,"key":"SMITH"},{"data":"Venomology","floor":15,"key":"SMITH"}],"circlet_count":0,"master_deck":["AscendersBane","Strike_G+1","Strike_G","Strike_G","Defend_G","Defend_G","Defend_G","Defend_G","Survivor+1","Neutralize+1","Slice","Calculated Gamble+1","Escape Plan","Glass Knife+1","Venomology+1","Reflex+1","Deflect"],"relics":["Ring of the Snake","Golden Idol","Bottled Lightning"],"acts_visited":["Exordium"],"potions_floor_usage":[16,16],"damage_taken":[{"damage":0.0,"enemies":"2 Louse","floor":1.0,"turns":4.0},{"damage":0,"enemies":"Small Slimes","floor":5,"turns":2},{"damage":0,"enemies":"Cultist","floor":14,"turns":3},{"damage":20,"enemies":"Slime Boss","floor":16,"turns":6}],"seed_played":"-3901699121503233483","potions_obtained":[],"is_trial":false,"path_per_floor":["M","?","?","?","M","R","$","R","T","R","?","$","R","M","R","B"],"character_chosen":"THE_SILENT","items_purchased":["Glass Knife","Reflex"],"campfire_rested":0,"item_purchase_floors":[7,12],"current_hp_per_floor":[59,38,20,20,20,20,20,20,20,20,20,20,20,20,20,0,0],"gold":82,"neow_bonus":"REMOVE_TWO","is_daily":false,"chose_seed":true,"campfire_upgraded":5,"win_rate":0.0,"timestamp":1611553471,"path_taken":["M","?","?","?","M","R","?","R","T","R","?","$","R","?","R","BOSS"],"items_purchased_type":["Card","Card"],"build_version":"2020-12-22","purchased_purges":0,"victory":false,"max_hp_per_floor":[60,60,60,60,60,60,60,60,60,60,60,60,60,60,60,60,60],"relic_stats":{"counters":[4,15],"Golden Idol":8,"obtain_stats":[{"Golden Idol":2,"Bottled Lightning":9,"Ring of the Snake":0},{"Golden Idol":1,"Bottled Lightning":2,"Ring of the Snake":0},{"Golden Idol":4,"Bottled Lightning":6,"Ring of the Snake":0}],"Ring of the Snake":[8]},"card_choices":[{"not_picked":["Acrobatics","Noxious Fumes"],"picked":"Slice","floor":1.0},{"not_picked":["PiercingWail","Bane"],"picked":"Escape Plan","floor":5},{"not_picked":["Flying Knee","Heel Hook"],"picked":"Deflect","floor":14}],"player_experience":1435488,"relics_obtained":[{"floor":9,"key":"Bottled Lightning"}],"event_choices":[{"damage_healed":0.0,"max_hp_gain":0.0,"max_hp_loss":0.0,"gold_gain":0.0,"event_name":"Golden Idol","player_choice":"Take Damage","floor":2.0,"gold_loss":0.0,"damage_taken":21.0,"relics_obtained":["Golden Idol"]},{"damage_healed":0.0,"max_hp_gain":0.0,"max_hp_loss":0.0,"gold_gain":0.0,"event_name":"Shining Light","player_choice":"Entered Light","floor":3.0,"gold_loss":0.0,"damage_taken":18.0,"cards_upgraded":["Survivor","Strike_G"]},{"damage_healed":0,"gold_gain":0,"cards_transformed":["Strike_G"],"player_choice":"Change","damage_taken":0,"max_hp_gain":0,"max_hp_loss":0,"event_name":"Living Wall","floor":4,"gold_loss":0,"cards_obtained":["Calculated Gamble"]},{"damage_healed":0,"gold_gain":0,"player_choice":"1 cards matched","damage_taken":0,"max_hp_gain":0,"max_hp_loss":0,"event_name":"Match and Keep!","floor":11,"gold_loss":0,"cards_obtained":["Venomology"]}],"is_beta":false,"boss_relics":[],"items_purged_floors":[],"is_endless":false,"potions_floor_spawned":[],"killed_by":"Slime Boss","ascension_level":15}}