{"host":"hf83sijwe64ts2lm","time":1611539246,"event":{"mods":["2.2 Compatiblity","BaseMod","Better Altar","Better Match","Better Note","Better Sensory Stone","Better Skull","Better Third Choice","Colored Map","Colored Powertips","Highlight Path","Hubris","Infinite Spire","Minty Spire (QoL Compilation)","Quick Restart","Rare Cards Sparkle","Relic Stats","Replay The Spire","Shop Mod","Spicy Shops","StSLib","Thieving Mod"],"gold_per_floor":[113,113,125,125,125,158,170,170,170,170,187,198,3,18,18,18,18],"floor_reached":16,"language":"ENG","playtime":458,"items_purged":[],"score":146,"play_id":"1ac04798-3877-4f7a-b349-6130bdd0bcf5","local_time":"20210124204726","is_ascension_mode":true,"campfire_choices":[{"floor":8,"key":"RECALL"},{"data":"Poisoned Stab","floor":10,"key":"SMITH"},{"floor":15,"key":"REST"}],"circlet_count":0,"master_deck":["Strike_G","Strike_G","Strike_G","Strike_G","Strike_G","Defend_G","Defend_G","Defend_G","Defend_G","Defend_G","Survivor","Neutralize","Quick Slash","Dagger Spray+1","Backflip","Poisoned Stab+1","Footwork","PiercingWail","ReplayTheSpireMod:Speed Training","Footwork","Dagger Spray","Die Die Die"],"relics":["Ring of the Snake","NeowsBlessing","hubris:Towel","Kunai","Basket Of Snakes"],"acts_visited":["Exordium"],"potions_floor_usage":[12,14,16],"damage_taken":[{"damage":0,"enemies":"Cultist","floor":1,"turns":1},{"damage":0,"enemies":"Jaw Worm","floor":3,"turns":1},{"damage":0,"enemies":"Lagavulin","floor":6,"turns":1},{"damage":0,"enemies":"Small Slimes","floor":7,"turns":2},{"damage":3,"enemies":"Looter","floor":11,"turns":3},{"damage":14,"enemies":"3 Louse","floor":12,"turns":3},{"damage":5,"enemies":"Exordium Wildlife","floor":14,"turns":4},{"damage":70,"enemies":"Hexaghost","floor":16,"turns":12}],"seed_played":"5302270175094782601","potions_obtained":[{"floor":1,"key":"DuplicationPotion"},{"floor":3,"key":"SkillPotion"},{"floor":12,"key":"Energy Potion"},{"floor":14,"key":"SneckoOil"}],"is_trial":false,"path_per_floor":["M","?","M","?","?","E","M","R","T","R","M","M","$","M","R","B"],"character_chosen":"THE_SILENT","items_purchased":["ReplayTheSpireMod:Speed Training","Footwork","Dagger Spray"],"campfire_rested":1,"item_purchase_floors":[13,13,13],"current_hp_per_floor":[70,70,70,70,70,70,70,70,70,70,67,53,53,48,69,0,0],"gold":18,"neow_bonus":"THREE_ENEMY_KILL","is_daily":false,"chose_seed":false,"campfire_upgraded":1,"win_rate":0.0,"timestamp":1611539246,"path_taken":["M","?","M","?","?","E","M","R","T","R","M","M","?","M","R","BOSS"],"items_purchased_type":["Card","Card","Card"],"build_version":"2020-12-22","purchased_purges":0,"victory":false,"max_hp_per_floor":[70,70,70,70,70,70,70,70,70,70,70,70,70,70,70,70,70],"relic_stats":{"counters":[8,27],"Kunai":[7],"obtain_stats":[{"NeowsBlessing":0,"Basket Of Snakes":9,"Kunai":6,"hubris:Towel":4,"Ring of the Snake":0},{"NeowsBlessing":0,"Basket Of Snakes":4,"Kunai":3,"hubris:Towel":2,"Ring of the Snake":0},{"NeowsBlessing":0,"Basket Of Snakes":5,"Kunai":3,"hubris:Towel":2,"Ring of the Snake":0}],"Ring of the Snake":[16]},"card_choices":[{"not_picked":["Skewer","Slice"],"picked":"Quick Slash","floor":1},{"not_picked":["Hidden Blade","Blade Dance"],"picked":"Dagger Spray","floor":3},{"not_picked":["Storm of Steel","Setup"],"picked":"Backflip","floor":6},{"not_picked":["Dagger Spray","hubris:SlightOfHand"],"picked":"Poisoned Stab","floor":7},{"not_picked":["Underhanded Strike","Cloak And Dagger"],"picked":"Footwork","floor":11},{"not_picked":["ReplayTheSpireMod:The Works","Flying Knee"],"picked":"PiercingWail","floor":12},{"not_picked":["Dodge and Roll","Dagger Throw"],"picked":"Die Die Die","floor":14}],"player_experience":139209,"relics_obtained":[{"floor":6,"key":"Kunai"},{"floor":9,"key":"Basket Of Snakes"}],"event_choices":[{"damage_healed":0,"gold_gain":0,"player_choice":"Ignored","damage_taken":0,"max_hp_gain":0,"max_hp_loss":0,"event_name":"Golden Wing","floor":2,"gold_loss":0}],"is_beta":false,"boss_relics":[],"items_purged_floors":[],"is_endless":false,"potions_floor_spawned":[1,3,12,14],"killed_by":"Hexaghost","ascension_level":3}}