{"host":"am9dcwhv7hq2nlsk","time":1611584696,"event":{"mods":["ATMod(阿瑾Mod)","AchievementEnabler","Act Like it!","Ascension Reborn","Aspiration","BaseMod","BetterRewards","Conspire","Custom Start","Dota2Spire","Marisa（F雨　魔理沙）","Minty Spire (QoL Compilation)","Reimu（博丽灵梦）","Remilia（蕾米莉亚）","Replay The Spire","RumiaBox-露米娅的神秘盒子","Shop Mod","Spicy Shops","StSLib","TestMod","The Cursed","The Hierophant","UnlockEverythingMod","[IsaacMod]以撒尖塔","noobMod","【遗物卡牌】REMEMod","篝火指南"],"gold_per_floor":[130,130,150,150,150,157,172,198,246,251,278,306,306,315,52,146,146,169,169,216,216,268,268,322,366,419,419,445,152,203,253,253,382,382,419,83,122,182,242,288,288,345,345,412,412,479,535,597,17,36,75],"floor_reached":52,"language":"ZHS","playtime":3813,"items_purged":["Strike_G","Poor:ReiMu","AT_CelerityRune","EscapeVelocity","Strike_G+1"],"score":2581,"play_id":"c5b3ee24-7bab-424e-a423-d4eb0440f3c2","local_time":"20210125222456","is_ascension_mode":true,"campfire_choices":[{"data":"Cloak And Dagger","floor":13.0,"key":"SMITH"},{"data":"Accuracy","floor":23.0,"key":"SMITH"},{"data":"Prepared","floor":32.0,"key":"SMITH"},{"data":"Footwork","floor":41.0,"key":"SMITH"}],"circlet_count":0,"master_deck":["AscendersBane","Strike_G+1","Strike_G+1","Strike_G+1","Defend_G+1","Defend_G+1","Defend_G+1","Defend_G+1","Defend_G+1","Survivor","Neutralize","BettingIsNotGood","ReplayTheSpireMod:Scrap Shanks","Blur","Dagger Spray","Accuracy+1","Dagger Throw","Cloak And Dagger+1","Backflip","AT_EssenceShift","Prepared+1","Reflex","AT_WindFlip","REME_GreenPollution","AT_ArcaneSupremacy","Footwork+1","AT_KneejerkReflex","Prepared","Accuracy"],"relics":["Ring of the Snake","testmod-TestBox","HushsDoor","REME_ComplimentaryCards","AT_ATBox","ice","UnicornStump","testmod-BalancedPeriapt","AT_ChloranthyRing","RuthlessExorcism:ReiMu","Dota2Spire:Mjollnir","NineVolt","Calipers","Toy Ornithopter","BookOfRevelations","Chameleon Ring","conspire:TreasureMap","YidongShenshe:ReiMu","Eternal Feather","testmod-OneHitWonder","Vampiric Spirits","Replay:Bandana","REME_CardOfGreed","testmod-HarvestTotem","Dota2Spire:OrchidMalevolence","Replay:Mystery Machine","TwistedFunnel","Dota2Spire:LinkenSphere","Coffee Dripper","Replay:Wax Seal","aspiration:Nostalgia","Burning Blood","Dota2Spire:OctarineCore","Dota2Spire:MantaStyle","aspiration:SeaSaltIceCream","Dream Catcher","AT_ArchangelStaff","Golden Egg","Dota2Spire:BladeMail"],"acts_visited":["Exordium","TheCity","TheBeyond"],"potions_floor_usage":[51],"damage_taken":[{"damage":2.0,"enemies":"conspire:RoseBush","floor":1.0,"turns":3.0},{"damage":1.0,"enemies":"Small Slimes","floor":3.0,"turns":3.0},{"damage":41.0,"enemies":"Lagavulin","floor":6.0,"turns":9.0},{"damage":0.0,"enemies":"Jaw Worm","floor":7.0,"turns":3.0},{"damage":5.0,"enemies":"3 Sentries","floor":8.0,"turns":3.0},{"damage":31.0,"enemies":"Replay:BlueRogue","floor":10.0,"turns":10.0},{"damage":1.0,"enemies":"Blue Slaver","floor":11.0,"turns":2.0},{"damage":0.0,"enemies":"2 Fungi Beasts","floor":12.0,"turns":1.0},{"damage":7.0,"enemies":"Exordium Thugs","floor":14.0,"turns":4.0},{"damage":46.0,"enemies":"The Guardian","floor":16.0,"turns":10.0},{"damage":19.0,"enemies":"Shell Parasite","floor":18.0,"turns":6.0},{"damage":3.0,"enemies":"3 Byrds","floor":20.0,"turns":3.0},{"damage":19.0,"enemies":"Sentry and Sphere","floor":22.0,"turns":6.0},{"damage":4.0,"enemies":"Slavers","floor":24.0,"turns":4.0},{"damage":9.0,"enemies":"Shelled Parasite and Fungi","floor":25.0,"turns":3.0},{"damage":15.0,"enemies":"Snecko","floor":28.0,"turns":6.0},{"damage":0.0,"enemies":"3 Cultists","floor":30.0,"turns":2.0},{"damage":13.0,"enemies":"Replay:Snechameleon","floor":31.0,"turns":6.0},{"damage":7.0,"enemies":"Champ","floor":33.0,"turns":5.0},{"damage":0.0,"enemies":"3 Shapes","floor":35.0,"turns":3.0},{"damage":1.0,"enemies":"3 Darklings","floor":37.0,"turns":2.0},{"damage":0.0,"enemies":"Spire Growth","floor":38.0,"turns":3.0},{"damage":0.0,"enemies":"Maw","floor":39.0,"turns":4.0},{"damage":0.0,"enemies":"Reptomancer","floor":40.0,"turns":3.0},{"damage":0.0,"enemies":"3 Darklings","floor":42.0,"turns":2.0},{"damage":0.0,"enemies":"R_Hoarder","floor":46.0,"turns":4.0},{"damage":0.0,"enemies":"Writhing Mass","floor":47.0,"turns":3.0},{"damage":0.0,"enemies":"Transient","floor":48.0,"turns":4.0},{"damage":5,"enemies":"Awakened One","floor":50,"turns":7},{"damage":30,"enemies":"Donu and Deca","floor":51,"turns":5}],"seed_played":"369012547595573040","potions_obtained":[{"floor":1.0,"key":"Explosive Potion"},{"floor":6.0,"key":"REME_GoldPotion"},{"floor":7.0,"key":"Adrenaline Potion"},{"floor":14.0,"key":"Energy Potion"},{"floor":16.0,"key":"Poison Potion"},{"floor":20.0,"key":"SteroidPotion"},{"floor":22.0,"key":"ColorlessPotion"},{"floor":28.0,"key":"Explosive Potion"},{"floor":31.0,"key":"PowerPotion"},{"floor":33.0,"key":"Poison Potion"}],"is_trial":false,"path_per_floor":["M","?","M","$","?","E","M","E","T","E","M","M","R","M","R","B",null,"M","?","M","?","M","R","E","M","T","?","M","$","M","E","R","B",null,"M","$","M","M","M","E","R","M","T","?","?","E","M","M","R","B","B",null],"character_chosen":"THE_SILENT","items_purchased":["AT_ChloranthyRing","RuthlessExorcism:ReiMu","NineVolt","ReplayTheSpireMod:Scrap Shanks","Blur","Toy Ornithopter","BookOfRevelations","Chameleon Ring","conspire:TreasureMap","REME_CardOfGreed","TwistedFunnel","Replay:Wax Seal","aspiration:Nostalgia","Dota2Spire:OctarineCore","Dexterity Potion","Dota2Spire:BladeMail","Accuracy"],"campfire_rested":0,"item_purchase_floors":[0,0,0,0,0,0,0,0,0,15,29,36,36,36,49,49,49],"current_hp_per_floor":[16,16,20,20,20,43,48,53,53,22,23,29,41,41,53,7,68,59,44,41,41,36,60,64,57,57,57,53,53,68,55,68,61,68,68,68,68,68,68,68,68,68,68,68,68,68,68,68,68,68,50],"gold":75,"neow_bonus":"","is_daily":false,"chose_seed":false,"campfire_upgraded":4,"win_rate":0.0,"timestamp":1611584696,"path_taken":["M","?","M","?","?","E","?","E","T","E","M","M","R","M","R","BOSS","M","?","M","?","?","R","E","M","T","?","M","$","M","E","R","BOSS","M","?","?","M","M","E","R","M","T","?","?","E","M","M","R","BOSS","BOSS"],"items_purchased_type":["Relic","Relic","Relic","Card","Card","Relic","Relic","Relic","Relic","Relic","Relic","Relic","Relic","Relic","Potion","Relic","Card"],"build_version":"2020-12-22","purchased_purges":5,"victory":true,"max_hp_per_floor":[66,66,66,66,66,67,68,68,68,68,68,68,68,68,68,68,68,68,68,68,68,68,68,68,68,68,68,68,68,68,68,68,68,68,68,68,68,68,68,68,68,68,68,68,68,68,68,68,68,68,68],"card_choices":[{"not_picked":[],"picked":"BettingIsNotGood","floor":0.0},{"not_picked":["Slice","ReplayTheSpireMod:From All Sides","Infinite Blades"],"picked":"SKIP","floor":1.0},{"not_picked":["Outmaneuver","Slice"],"picked":"Dagger Spray","floor":3.0},{"not_picked":["AT_TwilightShroud","ReplayTheSpireMod:Scrap Shanks"],"picked":"Accuracy","floor":6.0},{"not_picked":["Flechettes","Dagger Spray"],"picked":"Bomb","floor":7.0},{"not_picked":["Flying Knee","A Thousand Cuts","Sucker Punch"],"picked":"SKIP","floor":8.0},{"not_picked":["Quick Slash","Deflect"],"picked":"Dagger Throw","floor":10.0},{"not_picked":["Poisoned Stab","Deadly Poison","Crippling Poison"],"picked":"SKIP","floor":11.0},{"not_picked":["Acrobatics","Dodge and Roll"],"picked":"Cloak And Dagger","floor":12.0},{"not_picked":["Blade Dance","Underhanded Strike"],"picked":"Backflip","floor":14.0},{"not_picked":["A Thousand Cuts","ReplayTheSpireMod:Necrosis"],"picked":"AT_EssenceShift","floor":16.0},{"not_picked":["Dodge and Roll","Flying Knee+1"],"picked":"Prepared","floor":18.0},{"not_picked":["Flying Knee","Infinite Blades","Choke+1"],"picked":"SKIP","floor":20.0},{"not_picked":["ReplayTheSpireMod:The Works","PiercingWail","Replay:Poison Smokescreen"],"picked":"SKIP","floor":22.0},{"not_picked":["Deadly Poison+1","Caltrops","Slice"],"picked":"SKIP","floor":24.0},{"not_picked":["Cloak And Dagger","Dagger Throw"],"picked":"Reflex","floor":25.0},{"not_picked":["Underhanded Strike","Acrobatics"],"picked":"AT_WindFlip","floor":28.0},{"not_picked":["Deflect","Poisoned Stab"],"picked":"REME_GreenPollution","floor":30.0},{"not_picked":["Acrobatics","Poisoned Stab","Calculated Gamble"],"picked":"SKIP","floor":31.0},{"not_picked":["Quick Slash","Flying Knee+1"],"picked":"AT_ArcaneSupremacy","floor":35.0},{"not_picked":["Outmaneuver","Noxious Fumes","Deflect+1"],"picked":"SKIP","floor":37.0},{"not_picked":["Quick Slash+1","Underhanded Strike","Sucker Punch"],"picked":"SKIP","floor":38.0},{"not_picked":["AT_TinkerSharpsword","Outmaneuver","Quick Slash+1"],"picked":"SKIP","floor":39.0},{"not_picked":["Quick Slash","Hidden Blade"],"picked":"Footwork","floor":40.0},{"not_picked":["Outmaneuver","REME_GreenPollution","Dagger Throw"],"picked":"SKIP","floor":42.0},{"not_picked":["Dodge and Roll","ReplayTheSpireMod:Shiv Toss+1"],"picked":"AT_KneejerkReflex","floor":44.0},{"not_picked":["Riddle With Holes+1","Dodge and Roll+1"],"picked":"Prepared","floor":46.0},{"not_picked":["Eviscerate+1","Prepared","Deadly Poison"],"picked":"SKIP","floor":47.0},{"not_picked":["Deflect+1","PiercingWail","Riddle With Holes"],"picked":"SKIP","floor":48.0}],"player_experience":505782,"relics_obtained":[{"floor":6.0,"key":"Eternal Feather"},{"floor":8.0,"key":"testmod-OneHitWonder"},{"floor":9.0,"key":"Vampiric Spirits"},{"floor":10.0,"key":"Replay:Bandana"},{"floor":24.0,"key":"Dota2Spire:OrchidMalevolence"},{"floor":26.0,"key":"Replay:Mystery Machine"},{"floor":31.0,"key":"Dota2Spire:LinkenSphere"},{"floor":40.0,"key":"Dota2Spire:MantaStyle"},{"floor":43.0,"key":"aspiration:SeaSaltIceCream"},{"floor":44.0,"key":"AT_ArchangelStaff"},{"floor":46.0,"key":"Golden Egg"}],"event_choices":[{"damage_healed":0.0,"max_hp_gain":0.0,"max_hp_loss":0.0,"gold_gain":0.0,"event_name":"Scrap Ooze","player_choice":"Fled","floor":2.0,"gold_loss":0.0,"damage_taken":0.0},{"damage_healed":0.0,"max_hp_gain":0.0,"max_hp_loss":0.0,"gold_gain":0.0,"event_name":"yidonshenshe","player_choice":"带走神社","floor":5.0,"gold_loss":0.0,"damage_taken":0.0,"relics_obtained":["YidongShenshe:ReiMu"],"cards_obtained":["Poor:ReiMu"]},{"damage_healed":0.0,"max_hp_gain":5.0,"max_hp_loss":0.0,"gold_gain":0.0,"event_name":"Forgotten Altar","player_choice":"Shed Blood","floor":19.0,"gold_loss":0.0,"damage_taken":24.0},{"damage_healed":0.0,"max_hp_gain":0.0,"max_hp_loss":0.0,"gold_gain":0.0,"event_name":"Back to Basics","player_choice":"Simplicity","floor":21.0,"gold_loss":0.0,"damage_taken":0.0,"cards_upgraded":["Strike_G","Strike_G","Strike_G","Strike_G","Defend_G","Defend_G","Defend_G","Defend_G","Defend_G"]},{"damage_healed":0.0,"max_hp_gain":0.0,"max_hp_loss":0.0,"gold_gain":0.0,"event_name":"给自己的盒子","player_choice":"Ignored","floor":45.0,"gold_loss":0.0,"damage_taken":0.0}],"is_beta":false,"boss_relics":[{"not_picked":["testmod-Fanaticism","testmod-PortableAltar"],"picked":"testmod-HarvestTotem"},{"not_picked":[]},{"not_picked":["REME_LowDesire","aspiration:RitualDagger"],"picked":"Coffee Dripper"},{"not_picked":[]}],"items_purged_floors":[0,15,29,49,49],"is_endless":false,"potions_floor_spawned":[1,6,7,14,16,20,22,28,31,33,39,40,46,47],"ascension_level":20}}