{"host":"nz11ypxva4e39b7q","time":1611582149,"event":{"mods":["BaseMod","Better Note","Better Third Choice","Better Vampires","Colored Map","Minty Spire (QoL Compilation)","Quick Restart","StSLib"],"gold_per_floor":[212,232,232,243,243,243,263,275,300,300,314,341,353,378,390,481,493,476,503,515,577,589,601,637,666,703,584,584,610,630,661,661,734,734,750,761,761,253,265,290,306,334,334,387,403,403,4,4,4,4,4,4,4,4,34,34,34],"floor_reached":56,"language":"ENG","playtime":4101,"items_purged":["Strike_G","Strike_G","Defend_G"],"score":1969,"play_id":"f00d03a0-33e1-43b7-9bf7-d26c603b5a92","local_time":"20210125144229","is_ascension_mode":true,"campfire_choices":[{"data":"Malaise","floor":6.0,"key":"SMITH"},{"data":"Deadly Poison","floor":10.0,"key":"SMITH"},{"data":"Deadly Poison","floor":15.0,"key":"SMITH"},{"data":"Night Terror","floor":23.0,"key":"SMITH"},{"data":"Neutralize","floor":28.0,"key":"SMITH"},{"data":"Catalyst","floor":32.0,"key":"SMITH"},{"floor":46.0,"key":"REST"},{"floor":49.0,"key":"RECALL"},{"data":"Backflip","floor":53.0,"key":"SMITH"}],"circlet_count":0,"master_deck":["AscendersBane","Strike_G","Strike_G","Defend_G","Defend_G","Defend_G","Defend_G","Survivor","Neutralize+1","Cloak And Dagger","Deadly Poison+1","Malaise+1","Skewer","Deadly Poison+1","Deadly Poison+1","Night Terror+1","CurseOfTheBell","PiercingWail","Backflip","Backflip+1","PiercingWail","Catalyst+1","Adrenaline","Impatience","Catalyst+1","Backflip+1"],"relics":["Ring of the Snake","Toy Ornithopter","MawBank","Calling Bell","Tiny Chest","Eternal Feather","Pocketwatch","MealTicket","Akabeko","Potion Belt","Singing Bowl","SlaversCollar","PreservedInsect","StrikeDummy","Gremlin Horn","White Beast Statue","Regal Pillow","Anchor","Nunchaku","Ornamental Fan"],"acts_visited":["Exordium","TheCity","TheBeyond","TheEnding"],"potions_floor_usage":[56,56,56,56],"damage_taken":[{"damage":13.0,"enemies":"Cultist","floor":1.0,"turns":7.0},{"damage":1.0,"enemies":"Small Slimes","floor":2.0,"turns":4.0},{"damage":0.0,"enemies":"2 Louse","floor":4.0,"turns":3.0},{"damage":4.0,"enemies":"Red Slaver","floor":7.0,"turns":7.0},{"damage":3.0,"enemies":"Exordium Thugs","floor":8.0,"turns":5.0},{"damage":7.0,"enemies":"Blue Slaver","floor":11.0,"turns":4.0},{"damage":26.0,"enemies":"3 Sentries","floor":12.0,"turns":9.0},{"damage":0.0,"enemies":"Large Slime","floor":14.0,"turns":4.0},{"damage":6.0,"enemies":"Hexaghost","floor":16.0,"turns":9.0},{"damage":31.0,"enemies":"2 Thieves","floor":18.0,"turns":4.0},{"damage":9.0,"enemies":"Chosen","floor":19.0,"turns":6.0},{"damage":21.0,"enemies":"Centurion and Healer","floor":25.0,"turns":10.0},{"damage":6.0,"enemies":"Book of Stabbing","floor":29.0,"turns":9.0},{"damage":5.0,"enemies":"Cultist and Chosen","floor":30.0,"turns":7.0},{"damage":9.0,"enemies":"Gremlin Leader","floor":31.0,"turns":7.0},{"damage":34.0,"enemies":"Automaton","floor":33.0,"turns":6.0},{"damage":4.0,"enemies":"3 Shapes","floor":35.0,"turns":5.0},{"damage":42.0,"enemies":"3 Darklings","floor":36.0,"turns":12.0},{"damage":0.0,"enemies":"Maw","floor":39.0,"turns":6.0},{"damage":5.0,"enemies":"Nemesis","floor":40.0,"turns":7.0},{"damage":20.0,"enemies":"Sphere and 2 Shapes","floor":41.0,"turns":8.0},{"damage":0.0,"enemies":"Giant Head","floor":42.0,"turns":4.0},{"damage":22.0,"enemies":"4 Shapes","floor":45.0,"turns":9.0},{"damage":30.0,"enemies":"Donu and Deca","floor":50.0,"turns":3.0},{"damage":45.0,"enemies":"Time Eater","floor":51.0,"turns":5.0},{"damage":69.0,"enemies":"Shield and Spear","floor":55.0,"turns":9.0},{"damage":63,"enemies":"The Heart","floor":56,"turns":5}],"seed_played":"5804000225410853362","potions_obtained":[{"floor":2.0,"key":"GhostInAJar"},{"floor":4.0,"key":"ColorlessPotion"},{"floor":8.0,"key":"CunningPotion"},{"floor":12.0,"key":"CunningPotion"},{"floor":19.0,"key":"CultistPotion"},{"floor":29.0,"key":"Explosive Potion"},{"floor":30.0,"key":"Explosive Potion"},{"floor":31.0,"key":"GhostInAJar"},{"floor":35.0,"key":"Fire Potion"},{"floor":41.0,"key":"Strength Potion"},{"floor":45.0,"key":"AttackPotion"},{"floor":55.0,"key":"EntropicBrew"}],"is_trial":false,"path_per_floor":["M","M","?","M","?","R","M","M","T","R","M","E","$","M","R","B",null,"M","M","?","?","T","R","T","M","T","$","R","E","M","E","R","B",null,"M","M","?","$","M","E","M","E","T","T","M","R","$","?","R","B","B",null,"R","$","E","B"],"character_chosen":"THE_SILENT","items_purchased":["BlessingOfTheForge","Impatience","Weak Potion","DistilledChaos","PreservedInsect","Anchor","ColorlessPotion","Energy Potion"],"campfire_rested":1,"item_purchase_floors":[27,38,38,38,38,47,47,47],"current_hp_per_floor":[46,45,45,45,45,45,41,38,38,38,31,10,10,15,15,14,53,22,13,13,13,13,25,25,4,4,19,31,25,25,26,38,4,51,49,24,24,39,41,41,26,28,28,28,11,63,74,74,74,44,4,57,72,74,17,0,0],"gold":34,"neow_bonus":"HUNDRED_GOLD","is_daily":false,"chose_seed":false,"campfire_upgraded":7,"win_rate":0.0,"timestamp":1611582149,"path_taken":["M","?","?","M","?","R","M","?","T","R","M","E","?","M","R","BOSS","M","M","?","?","?","R","?","?","T","$","R","E","?","E","R","BOSS","M","M","?","$","M","E","M","E","T","?","M","R","$","?","R","BOSS","BOSS","R","$","E","BOSS"],"items_purchased_type":["Potion","Card","Potion","Potion","Relic","Relic","Potion","Potion"],"build_version":"2020-12-22","purchased_purges":3,"victory":false,"max_hp_per_floor":[66,66,66,66,66,66,66,66,66,66,66,66,66,66,66,66,66,66,66,66,66,66,66,66,66,66,66,66,66,66,66,66,66,66,68,70,70,70,72,72,72,74,74,74,74,74,74,74,74,74,74,74,74,74,76,81,81],"card_choices":[{"not_picked":["Outmaneuver","Deflect"],"picked":"Cloak And Dagger","floor":1.0},{"not_picked":["Cloak And Dagger","Quick Slash"],"picked":"Deadly Poison","floor":2.0},{"not_picked":["Flying Knee","Predator"],"picked":"Malaise","floor":4.0},{"not_picked":["Dagger Spray","Dodge and Roll"],"picked":"Deadly Poison","floor":7.0},{"not_picked":["Caltrops","Expertise","Masterful Stab"],"picked":"SKIP","floor":8.0},{"not_picked":["Slice","Tactician","Blur"],"picked":"SKIP","floor":11.0},{"not_picked":["Distraction","Outmaneuver","Caltrops"],"picked":"SKIP","floor":12.0},{"not_picked":["Envenom","Riddle With Holes"],"picked":"Deadly Poison","floor":14.0},{"not_picked":["Burst","Doppelganger"],"picked":"Night Terror","floor":16.0},{"not_picked":["Outmaneuver","Predator"],"picked":"PiercingWail","floor":18.0},{"not_picked":["Prepared","Acrobatics+1"],"picked":"Backflip","floor":19.0},{"not_picked":["Heel Hook","Prepared","Crippling Poison"],"picked":"SKIP","floor":25.0},{"not_picked":["Flechettes","Deadly Poison"],"picked":"Backflip","floor":29.0},{"not_picked":["Bane","Dagger Spray"],"picked":"PiercingWail","floor":30.0},{"not_picked":["Sucker Punch","Night Terror"],"picked":"Catalyst","floor":31.0},{"not_picked":["Unload","Tools of the Trade"],"picked":"Adrenaline","floor":33.0},{"not_picked":["Prepared","Deadly Poison","Choke+1"],"picked":"Singing Bowl","floor":35.0},{"not_picked":["Setup","Infinite Blades","Footwork"],"picked":"Singing Bowl","floor":36.0},{"not_picked":["Reflex","Flying Knee","Calculated Gamble+1"],"picked":"Singing Bowl","floor":39.0},{"not_picked":["All Out Attack+1","Grand Finale"],"picked":"Catalyst+1","floor":40.0},{"not_picked":["Expertise","Flying Knee"],"picked":"Backflip+1","floor":41.0},{"not_picked":["Dagger Spray","Quick Slash","Dagger Throw"],"picked":"Singing Bowl","floor":42.0},{"not_picked":["Unload","Expertise+1"],"picked":"Footwork","floor":45.0},{"not_picked":["Dagger Throw","Distraction+1","Sucker Punch"],"picked":"Singing Bowl","floor":55.0}],"player_experience":989819,"relics_obtained":[{"floor":9.0,"key":"Toy Ornithopter"},{"floor":12.0,"key":"MawBank"},{"floor":17.0,"key":"Tiny Chest"},{"floor":17.0,"key":"Eternal Feather"},{"floor":17.0,"key":"Pocketwatch"},{"floor":24.0,"key":"MealTicket"},{"floor":26.0,"key":"Akabeko"},{"floor":29.0,"key":"Potion Belt"},{"floor":31.0,"key":"Singing Bowl"},{"floor":40.0,"key":"StrikeDummy"},{"floor":42.0,"key":"Gremlin Horn"},{"floor":43.0,"key":"White Beast Statue"},{"floor":44.0,"key":"Regal Pillow"},{"floor":55.0,"key":"Ornamental Fan"}],"event_choices":[{"damage_healed":0.0,"max_hp_gain":0.0,"max_hp_loss":0.0,"gold_gain":0.0,"event_name":"Living Wall","player_choice":"Grow","floor":3.0,"gold_loss":0.0,"damage_taken":0.0,"cards_upgraded":["Deadly Poison"]},{"damage_healed":0.0,"max_hp_gain":0.0,"max_hp_loss":0.0,"gold_gain":0.0,"cards_transformed":["Strike_G"],"event_name":"Transmorgrifier","player_choice":"Transformed","floor":5.0,"gold_loss":0.0,"damage_taken":0.0,"cards_obtained":["Skewer"]},{"cards_removed":["Strike_G"],"damage_healed":0.0,"max_hp_gain":0.0,"max_hp_loss":0.0,"gold_gain":0.0,"event_name":"betterNote:BetterNote","player_choice":"Give","floor":20.0,"gold_loss":0.0,"damage_taken":0.0,"cards_obtained":["Predator"]},{"damage_healed":0.0,"max_hp_gain":0.0,"max_hp_loss":0.0,"gold_gain":50.0,"event_name":"betterThird:BetterNest","player_choice":"Steal","floor":21.0,"gold_loss":0.0,"damage_taken":0.0},{"damage_healed":0.0,"max_hp_gain":0.0,"max_hp_loss":0.0,"gold_gain":0.0,"event_name":"Mysterious Sphere","player_choice":"Ignored","floor":37.0,"gold_loss":0.0,"damage_taken":0.0},{"cards_removed":["Footwork"],"damage_healed":0.0,"max_hp_gain":0.0,"max_hp_loss":0.0,"gold_gain":0.0,"event_name":"WeMeetAgain","player_choice":"Gave Card","floor":48.0,"gold_loss":0.0,"damage_taken":0.0,"relics_obtained":["Nunchaku"]}],"is_beta":false,"boss_relics":[{"not_picked":["Cursed Key","Runic Dome"],"picked":"Calling Bell"},{"not_picked":["Snecko Eye","SacredBark"],"picked":"SlaversCollar"}],"items_purged_floors":[27,38,47],"is_endless":false,"potions_floor_spawned":[2,4,8,12,19,29,30,31,35,41,45,55],"killed_by":"The Heart","ascension_level":20}}