{"host":"3y33rrrkia6pkpow","time":1611615146,"event":{"mods":["2.2 Compatiblity","AchievementEnabler","Act Like it!","BaseMod","BetterRewards","Block Reminder","Colored Map","Colored Powertips","DeckTracker","Faster Ascension Climbing","Gensokyo","Highlight Path","Infinite Spire","Minty Spire (QoL Compilation)","Quick Restart","Rare Cards Sparkle","Replay The Spire","Shop Mod","Spicy Shops","StSLib","Synergy Search","The Animator","The Blue Laboratory","Unknown Chances"],"gold_per_floor":[117,139,157,167,88,88,123,123,192,251,287,119,133,147,147,238,263,280,205,219,236,255,316,316,375,400,360,423,443,468,484,484,572,697,759,824,824,889,966,966,1087,1112,1137,1272,41,88,120,186,186,196,206],"floor_reached":52,"language":"ENG","playtime":6329,"items_purged":["Doubt","Regret","animator:Strike","Decay"],"score":2303,"play_id":"0da77fce-ea66-4150-bb36-19c61b10da13","local_time":"20210125165226","is_ascension_mode":true,"campfire_choices":[{"data":"animator:AcuraAkari","floor":6.0,"key":"SMITH"},{"data":"animator:Hibiki","floor":6.0,"key":"SMITH"},{"floor":8.0,"key":"REST"},{"data":"animator:NiaHonjou","floor":10.0,"key":"SMITH"},{"data":"animator:Isuzu","floor":14.0,"key":"SMITH"},{"floor":15.0,"key":"REST"},{"data":"animator:HououinKyouma","floor":15.0,"key":"SMITH"},{"data":"animator:Hitei","floor":15.0,"key":"SMITH"},{"data":"animator:NiaHonjou","floor":16.0,"key":"SMITH"},{"floor":24.0,"key":"REST"},{"data":"animator:AcuraAkari","floor":24.0,"key":"SMITH"},{"data":"animator:Kaijin","floor":24.0,"key":"SMITH"},{"floor":32.0,"key":"REST"},{"data":"animator:AcuraTooru","floor":32.0,"key":"SMITH"},{"data":"animator:AcuraTooru","floor":32.0,"key":"SMITH"},{"floor":40.0,"key":"REST"},{"data":"animator:EmiyaShirou","floor":40.0,"key":"SMITH"},{"data":"animator:NiaHonjou","floor":40.0,"key":"SMITH"},{"floor":49.0,"key":"REST"},{"data":"animator:AcuraAkari","floor":49.0,"key":"SMITH"},{"data":"animator:NiaHonjou","floor":49.0,"key":"SMITH"}],"circlet_count":0,"master_deck":["AscendersBane","animator:Strike_DateALive","animator:Defend_DateALive","animator:Strike","animator:Strike+1","animator:Defend","animator:Defend","animator:ShidoItsuka","animator:YamaiSisters","animator:YoshinoHimekawa+1","animator:YoshinoHimekawa+1","animator:AcuraTooru+1","animator:Kaijin+1","animator:AcuraAkari+1","animator:ChaikaBohdan","animator:TanyaDegurechaff","animator:Hibiki+1","animator:Rorona","animator:Rimuru","animator:NiaHonjou+1","animator:Raven","animator:NiaHonjou+1","animator:YamaiSisters","animator:HououinKyouma+1","animator:Viivi","animator:Hitei+1","animator:Isuzu+1","animator:Hibiki+1","animator:AcuraAkari+1","animator:Raven","animator:Gilgamesh+16","animator:Laby","animator:YoshinoHimekawa","animator:AcuraTooru+1","animator:YamaiSisters","animator:Viivi","animator:Viivi","animator:Viivi","animator:Azekura+1","animator:HigakiRinne","Injury","animator:Curse_Dizziness","animator:ChaikaBohdan","animator:NiaHonjou+1","animator:EmiyaShirou+1","animator:Isuzu+1","animator:AcuraAkari+1","animator:Rena","animator:Lelouch","animator:Shizu","animator:ChlammyZell","animator:Azekura","animator:Rena","Pain","animator:Tohya","animator:Azekura","animator:NiaHonjou+1"],"relics":["animator:LivingPicture","animator:TheMissingPiece","animator:PurgingStone","Brimstone","HandDrill","ReplayTheSpireMod:ShopPack","Membership Card","Guide Book","Replay:Arrowhead","ReplayTheSpireMod:CursedCoin","BargainBundle","Tiny Chest","Darkstone Periapt","infinitespire:Satchel","infinitespire:Midas Blood","Replay:Bottled Snecko","Replay:Bottled Steam","Ancient Tea Set","infinitespire:Magic Flask","infinitespire:Lucky Rock","DollysMirror","ChewingGum","Turnip","infinitespire:PuzzleCube","HornCleat","Anchor","Dead Branch","Replay:Ancient Bell","Centennial Puzzle","Pear","Thread and Needle","infinitespire:EvilPickle","animator:OldCoffin","Counterbalance","The Courier","Girya","ReplayTheSpireMod:Lightbulb","Bag of Preparation","Cauldron","Replay:Wax Seal","Durian","Gambling Chip","Paper Crane","Mummified Hand","infinitespire:Eraser","Bottled Tornado"],"acts_visited":["Exordium","TheCity","TheBeyond"],"potions_floor_usage":[51,51],"damage_taken":[{"damage":0.0,"enemies":"Cultist","floor":1.0,"turns":2.0},{"damage":1.0,"enemies":"Jaw Worm","floor":2.0,"turns":2.0},{"damage":1.0,"enemies":"Small Slimes","floor":3.0,"turns":2.0},{"damage":3.0,"enemies":"Blue Slaver","floor":4.0,"turns":2.0},{"damage":9.0,"enemies":"Gremlin Nob","floor":7.0,"turns":3.0},{"damage":0.0,"enemies":"Gremlin Nob","floor":10.0,"turns":3.0},{"damage":13.0,"enemies":"3 Sentries","floor":11.0,"turns":4.0},{"damage":7.0,"enemies":"Exordium Thugs","floor":13.0,"turns":2.0},{"damage":6.0,"enemies":"Gremlin Gang","floor":14.0,"turns":2.0},{"damage":17.0,"enemies":"Fading Forest","floor":16.0,"turns":8.0},{"damage":0.0,"enemies":"Chosen","floor":18.0,"turns":2.0},{"damage":6.0,"enemies":"2 Thieves","floor":20.0,"turns":3.0},{"damage":0.0,"enemies":"Snake Plant","floor":21.0,"turns":2.0},{"damage":27.0,"enemies":"Sentry and Sphere","floor":22.0,"turns":4.0},{"damage":15.0,"enemies":"animator:HornedBat","floor":23.0,"turns":4.0},{"damage":27.0,"enemies":"Book of Stabbing","floor":25.0,"turns":3.0},{"damage":28.0,"enemies":"Gremlin Leader","floor":28.0,"turns":3.0},{"damage":0.0,"enemies":"3 Cultists","floor":29.0,"turns":3.0},{"damage":0.0,"enemies":"Cultist and Chosen","floor":31.0,"turns":3.0},{"damage":32.0,"enemies":"Pondfish","floor":33.0,"turns":5.0},{"damage":0.0,"enemies":"Orb Walker","floor":35.0,"turns":2.0},{"damage":0.0,"enemies":"3 Darklings","floor":36.0,"turns":3.0},{"damage":0.0,"enemies":"4 Shapes","floor":38.0,"turns":4.0},{"damage":0.0,"enemies":"Transient","floor":39.0,"turns":6.0},{"damage":51.0,"enemies":"Reptomancer","floor":41.0,"turns":4.0},{"damage":19.0,"enemies":"Giant Head","floor":44.0,"turns":5.0},{"damage":3.0,"enemies":"Sphere and 2 Shapes","floor":47.0,"turns":2.0},{"damage":3.0,"enemies":"R_Hoarder","floor":48.0,"turns":4.0},{"damage":5,"enemies":"infinitespire:MassOfShapes","floor":50,"turns":7},{"damage":31,"enemies":"Replay:Hell Engine","floor":51,"turns":5}],"seed_played":"-6769051627369689152","potions_obtained":[{"floor":2.0,"key":"blueLaboratory:FruitPunch"},{"floor":4.0,"key":"blueLaboratory:ForbiddenFruitJuice"},{"floor":23.0,"key":"Elixir"},{"floor":25.0,"key":"blueLaboratory:PyrophylliteBrew"},{"floor":27.0,"key":"blueLaboratory:TrueEctoplasm"},{"floor":29.0,"key":"blueLaboratory:AbyssPotion"},{"floor":35.0,"key":"blueLaboratory:FrostheartPotion"},{"floor":45.0,"key":"Milkshake"},{"floor":46.0,"key":"blueLaboratory:ImpenetrablePotion"}],"is_trial":false,"path_per_floor":["M","M","M","M","$","R","E","R","T","?","E","$","M","M","R","B",null,"M","?","M","M","M","E","R","E","T","?","E","M","T","M","R","B",null,"M","M","?","M","M","R","E","T","T","E","$","?","M","E","R","B","B",null],"character_chosen":"THE_ANIMATOR","items_purchased":["animator:YoshinoHimekawa","animator:AcuraTooru","Brimstone","HandDrill","animator:Kaijin","ReplayTheSpireMod:ShopPack","Membership Card","animator:AcuraAkari","Guide Book","Replay:Arrowhead","animator:ChaikaBohdan","ReplayTheSpireMod:CursedCoin","BargainBundle","animator:YamaiSisters","Tiny Chest","Darkstone Periapt","infinitespire:Satchel","LiquidMemories","animator:HououinKyouma","infinitespire:Midas Blood","infinitespire:Lucky Rock","DollysMirror","ReplayTheSpireMod:Lightbulb","Bag of Preparation","animator:Lelouch","animator:Shizu","Cauldron","Replay:Wax Seal","Durian","Gambling Chip","Paper Crane","animator:ChlammyZell","Mummified Hand","animator:Azekura","animator:Rena","infinitespire:Eraser"],"campfire_rested":6,"item_purchase_floors":[0,0,0,0,0,0,0,0,0,0,0,5,5,5,5,5,5,5,5,5,12,12,45,45,45,45,45,45,45,45,45,45,45,45,45,45],"current_hp_per_floor":[48,47,46,43,43,43,34,52,52,52,39,45,38,32,51,42,60,60,60,54,54,27,12,31,4,4,4,28,28,28,28,44,12,73,73,73,73,74,74,85,34,34,34,15,20,26,23,20,48,43,12],"gold":206,"neow_bonus":"","is_daily":false,"chose_seed":true,"campfire_upgraded":15,"win_rate":0.0,"timestamp":1611615146,"path_taken":["M","M","?","M","$","R","E","R","T","?","E","$","M","M","R","BOSS","M","?","M","M","M","E","R","E","T","?","E","M","?","M","R","BOSS","M","?","?","M","?","R","E","?","T","E","?","?","M","E","R","BOSS","BOSS"],"items_purchased_type":["Card","Card","Relic","Relic","Card","Relic","Relic","Card","Relic","Relic","Card","Relic","Relic","Card","Relic","Relic","Relic","Potion","Card","Relic","Relic","Relic","Relic","Relic","Card","Card","Relic","Relic","Relic","Relic","Relic","Card","Relic","Card","Card","Relic"],"build_version":"2020-12-22","purchased_purges":4,"victory":true,"max_hp_per_floor":[60,60,60,60,60,60,60,60,60,60,60,66,66,66,66,66,66,66,66,66,66,66,66,66,66,66,66,56,56,56,56,56,56,84,84,84,84,85,85,85,85,85,85,85,90,96,96,96,96,96,96],"card_choices":[{"not_picked":["animator:Patchouli","animator:Kira"],"picked":"animator:TanyaDegurechaff","floor":0.0},{"not_picked":["animator:Kuroyukihime","animator:TanyaDegurechaff"],"picked":"animator:Hibiki","floor":0.0},{"not_picked":["animator:Patchouli","animator:MamizouFutatsuiwa"],"picked":"animator:Rorona","floor":0.0},{"not_picked":["animator:ChaikaBohdan","animator:Shuna"],"picked":"animator:Rimuru","floor":1.0},{"not_picked":["animator:Priestess","animator:ReineMurasame"],"picked":"animator:NiaHonjou","floor":2.0},{"not_picked":["animator:DolaRiku","animator:Add"],"picked":"animator:Raven","floor":3.0},{"not_picked":["animator:ReineMurasame","animator:OrigamiTobiichi"],"picked":"animator:NiaHonjou","floor":4.0},{"not_picked":["animator:Biyorigo","animator:MikuIzayoi"],"picked":"animator:Viivi","floor":7.0},{"not_picked":["animator:SakuraMatou","animator:RundelhausCode"],"picked":"animator:Hitei","floor":10.0},{"not_picked":["animator:Henrietta","animator:Kaijin"],"picked":"animator:Isuzu","floor":11.0},{"not_picked":["animator:Gillette","animator:Viivi"],"picked":"animator:AcuraAkari","floor":13.0},{"not_picked":["animator:Alexander","animator:Guy"],"picked":"animator:Raven","floor":14.0},{"not_picked":["animator:Shizu","animator:MukuroHoshimiya"],"picked":"animator:Gilgamesh","floor":16.0},{"not_picked":["animator:Alexander","animator:Berserker+1"],"picked":"animator:Laby","floor":18.0},{"not_picked":["animator:Tet","animator:UneriGinkaku"],"picked":"animator:YoshinoHimekawa","floor":20.0},{"not_picked":["animator:Layla","animator:Gillette"],"picked":"animator:AcuraTooru","floor":21.0},{"not_picked":["animator:Shiroe","animator:Chung+1"],"picked":"animator:YamaiSisters","floor":22.0},{"not_picked":["animator:Priestess","animator:RinTohsaka"],"picked":"animator:Viivi","floor":23.0},{"not_picked":["animator:GazelDwargon","animator:Shion","animator:ZankiKiguchi"],"picked":"SKIP","floor":25.0},{"not_picked":["animator:Gillette","animator:Fredrika"],"picked":"animator:Viivi","floor":28.0},{"not_picked":["animator:Emonzaemon","animator:Naotsugu"],"picked":"animator:Viivi","floor":29.0},{"not_picked":["animator:Azekura+1","animator:Guy","animator:ShinjiMatou"],"picked":"SKIP","floor":31.0},{"not_picked":["animator:Guy","animator:ShinjiMatou"],"picked":"animator:Azekura+1","floor":31.0},{"not_picked":["animator:SwordMaiden","animator:GoblinSlayer"],"picked":"animator:HigakiRinne","floor":33.0},{"not_picked":["Overencumbered","Amnesia"],"picked":"Decay","floor":34.0},{"not_picked":["Gensokyo:AllTheWorldsEvil","Regret"],"picked":"Injury","floor":34.0},{"not_picked":["Replay:Hysterical Blindness","Amnesia"],"picked":"animator:Curse_Dizziness","floor":34.0},{"not_picked":["animator:Aisha+1","animator:Archer"],"picked":"animator:ChaikaBohdan","floor":35.0},{"not_picked":["animator:ReineMurasame","animator:YamaiSisters"],"picked":"animator:NiaHonjou","floor":36.0},{"not_picked":["animator:Konayuki","animator:Fredrika"],"picked":"animator:EmiyaShirou","floor":38.0},{"not_picked":["animator:Jibril","animator:ChaikaBohdan"],"picked":"animator:Isuzu+1","floor":39.0},{"not_picked":["animator:Shion","animator:Millim"],"picked":"animator:AcuraAkari","floor":41.0},{"not_picked":["animator:Ciel","animator:Elsword"],"picked":"animator:Rena","floor":44.0},{"not_picked":["animator:ShinjiMatou","animator:Ara"],"picked":"animator:Tohya","floor":46.0},{"not_picked":["animator:ReineMurasame","animator:Benimaru"],"picked":"animator:Azekura","floor":47.0},{"not_picked":["animator:Benimaru","animator:Layla+1"],"picked":"animator:NiaHonjou","floor":48.0}],"player_experience":917545,"relics_obtained":[{"floor":7.0,"key":"Replay:Bottled Snecko"},{"floor":9.0,"key":"Replay:Bottled Steam"},{"floor":11.0,"key":"infinitespire:Magic Flask"},{"floor":23.0,"key":"Turnip"},{"floor":25.0,"key":"infinitespire:PuzzleCube"},{"floor":26.0,"key":"HornCleat"},{"floor":28.0,"key":"Anchor"},{"floor":30.0,"key":"Dead Branch"},{"floor":41.0,"key":"animator:OldCoffin"},{"floor":42.0,"key":"Counterbalance"},{"floor":43.0,"key":"The Courier"},{"floor":44.0,"key":"Girya"},{"floor":48.0,"key":"Bottled Tornado"}],"event_choices":[{"damage_healed":0.0,"max_hp_gain":0.0,"max_hp_loss":0.0,"gold_gain":0.0,"event_name":"Dead Adventurer","player_choice":"Searched \u00273\u0027 times","floor":10.0,"gold_loss":0.0,"damage_taken":0.0,"relics_obtained":["Ancient Tea Set"]},{"cards_removed":["animator:Defend"],"damage_healed":0.0,"max_hp_gain":0.0,"max_hp_loss":0.0,"gold_gain":0.0,"event_name":"Beggar","player_choice":"Gave Gold","floor":19.0,"gold_loss":75.0,"damage_taken":0.0},{"damage_healed":0.0,"max_hp_gain":0.0,"max_hp_loss":0.0,"gold_gain":0.0,"event_name":"The Woman in Blue","player_choice":"Bought 3 Potions","floor":27.0,"gold_loss":0.0,"damage_taken":0.0},{"damage_healed":0.0,"max_hp_gain":0.0,"max_hp_loss":0.0,"gold_gain":0.0,"event_name":"Lab","player_choice":"Got Potions","floor":37.0,"gold_loss":0.0,"damage_taken":0.0}],"is_beta":false,"boss_relics":[{"not_picked":["Velvet Choker","Coffee Dripper"],"picked":"ChewingGum"},{"not_picked":["Tiny House","Fusion Hammer"],"picked":"Replay:Ancient Bell"},{"not_picked":["MawBank","Vajra"],"picked":"Centennial Puzzle"},{"not_picked":["infinitespire:CheckeredPen","White Beast Statue"],"picked":"Pear"},{"not_picked":["Shovel","Replay:PocketPolymizer"],"picked":"Thread and Needle"}],"items_purged_floors":[5,12,45,45],"is_endless":false,"potions_floor_spawned":[2,4,7,10,13,14,22,23,25,29,31,35,36,48],"ascension_level":20}}