{"host":"4beu4narw43z8fnn","time":1611553610,"event":{"mods":["2.2 Compatiblity","AchievementEnabler","Act Like it!","Ascension Reborn","BaseMod","Better Note","Better Skull","Better Third Choice","BetterRewards","Colored Map","Colored Powertips","Conspire","Downfall","Gensokyo","Highlight Path","Hubris","Jorbs\u0027s Wanderer Trilogy","Marisa????????","Minty Spire (QoL Compilation)","Pale of the Ancients","Quick Restart","Rare Cards Sparkle","Reorder Act Four","Replay The Spire","StSLib","Synergy Search","The Animator","The Construct","The Cursed","The Gatherer","The Jungle","The Marked","The Servant 0.9.4","The Showman","TheFirefly","Trackpad","Wandering Minibosses"],"gold_per_floor":[99,117,117,128,142,142,168,168,188,200,232,249,249,324,337,337,337],"floor_reached":16,"language":"ENG","playtime":1511,"items_purged":[],"score":129,"play_id":"585dbf6a-fe0e-4139-be8e-2f41ca2e6d7d","local_time":"20210125004650","is_ascension_mode":false,"campfire_choices":[{"data":"Slimebound:Split","floor":1,"key":"SMITH"}],"circlet_count":0,"master_deck":["Slimebound:Strike_Slimebound","Slimebound:Strike_Slimebound+1","Slimebound:Strike_Slimebound","Slimebound:Tackle","Slimebound:Defend_Slimebound","Slimebound:Defend_Slimebound","Slimebound:Defend_Slimebound","Slimebound:Defend_Slimebound","Slimebound:Split+1","Slimebound:CorrosiveSpit+1","Slimebound:SplitLeeching","Slimebound:RollThrough","Slimebound:FinishingTackle+1","Slimebound:ProtectTheBoss","Slimebound:LeadByExample","Slimebound:OozeBath","Slimebound:SlimeSpikes","Slimebound:Replication"],"relics":["ReplayTheSpireMod:Ring of Challenge","Pet Ghost","Toy Ornithopter","conspire:TopHat","m_BurningSludge"],"acts_visited":["Exordium"],"potions_floor_usage":[16,16],"damage_taken":[{"damage":0,"enemies":"2 Louse","floor":2,"turns":2},{"damage":0,"enemies":"conspire:RoseBush","floor":4,"turns":2},{"damage":0,"enemies":"Cultist","floor":5,"turns":3},{"damage":1,"enemies":"3 Louse","floor":9,"turns":3},{"damage":7,"enemies":"Blue Slaver","floor":10,"turns":4},{"damage":0,"enemies":"Lagavulin","floor":11,"turns":6},{"damage":0,"enemies":"2 Fungi Beasts","floor":12,"turns":3},{"damage":12,"enemies":"Lots of Slimes","floor":15,"turns":6},{"damage":62,"enemies":"WA_ARCHETYPE_RETAIN","floor":16,"turns":7}],"seed_played":"856919960218144671","potions_obtained":[{"floor":2,"key":"Elixir"},{"floor":4,"key":"Swift Potion"},{"floor":10,"key":"Ancient Potion"},{"floor":11,"key":"SpeedPotion"},{"floor":12,"key":"Fire Potion"}],"is_trial":false,"path_per_floor":["R","M","?","M","M","?","T","?","M","M","E","M","?","?","M","B"],"character_chosen":"SLIMEBOUND","items_purchased":[],"campfire_rested":0,"item_purchase_floors":[],"current_hp_per_floor":[65,65,65,65,65,65,65,40,39,36,44,48,48,48,40,0,0],"gold":337,"neow_bonus":"UPGRADE_CARD","is_daily":false,"chose_seed":false,"campfire_upgraded":1,"win_rate":0.0,"timestamp":1611553610,"path_taken":["R","M","?","M","M","?","T","?","M","M","E","?","?","?","M","BOSS"],"items_purchased_type":[],"build_version":"2020-12-22","purchased_purges":0,"victory":false,"max_hp_per_floor":[65,65,65,65,65,65,65,65,65,65,65,65,65,65,65,65,65],"card_choices":[{"not_picked":["Slimebound:GoopSpray","Slimebound:FormOfPuddle"],"picked":"Slimebound:SplitLeeching","floor":2},{"not_picked":["Slimebound:LeechEnergy","Slimebound:SplitLeeching"],"picked":"Slimebound:RollThrough","floor":4},{"not_picked":["Slimebound:SplitMire","Slimebound:GrowthPunch"],"picked":"Slimebound:FinishingTackle","floor":5},{"not_picked":["Slimebound:FinishingTackle","Slimebound:MegaLick"],"picked":"Slimebound:ProtectTheBoss","floor":9},{"not_picked":["Slimebound:SplitLeeching","Slimebound:FinishingTackle"],"picked":"Slimebound:LeadByExample","floor":10},{"not_picked":["Slimebound:ItLooksTasty","Slimebound:FinishingTackle"],"picked":"Slimebound:OozeBath","floor":11},{"not_picked":["Slimebound:SplitLeeching","Slimebound:FinishingTackle"],"picked":"Slimebound:SlimeSpikes","floor":12},{"not_picked":["Slimebound:GoopSpray","Slimebound:BestDefense"],"picked":"Slimebound:Replication","floor":15}],"player_experience":473283,"relics_obtained":[{"floor":3,"key":"ReplayTheSpireMod:Ring of Challenge"},{"floor":7,"key":"Pet Ghost"},{"floor":11,"key":"conspire:TopHat"}],"event_choices":[{"damage_healed":0,"gold_gain":0,"player_choice":"RE UP ","damage_taken":29,"relics_obtained":["Toy Ornithopter"],"max_hp_gain":0,"max_hp_loss":0,"event_name":"betterSkull:BetterSkull","floor":8,"gold_loss":0,"cards_upgraded":["Slimebound:Strike_Slimebound"]}],"is_beta":false,"boss_relics":[],"items_purged_floors":[],"is_endless":false,"potions_floor_spawned":[2,4,10,11,12],"killed_by":"WA_ARCHETYPE_RETAIN","ascension_level":0}}