{"host":"684z1xpuwaoqmmh1","time":1611582680,"event":{"mods":["BaseMod","Downfall","Hermit","Jorbs\u0027s Wanderer Trilogy","Marisa????????","Minty Spire (QoL Compilation)","Robot Space Explorer","Shade Mod","StSLib","The Bug Knight","The Cursed","The Dragon Tamer","The Hayseed","The Hierophant","The Marked","The Mystic","The Runesmith","The Senshi"],"gold_per_floor":[118,118,118,129,140,140,172,172,172,201,201,232,232,245,245,373,373,386,402,425,460,485,485,485],"floor_reached":23,"language":"ENG","playtime":1489,"items_purged":[],"score":309,"play_id":"91466a74-1206-4d72-a270-bbdda648c7e1","local_time":"20210125155120","is_ascension_mode":true,"campfire_choices":[{"data":"TheSimpletonMod:Sunseed","floor":6,"key":"SMITH"},{"data":"TheSimpletonMod:Pruning","floor":8,"key":"SMITH"},{"data":"TheSimpletonMod:Barnstorm","floor":15,"key":"SMITH"}],"circlet_count":0,"master_deck":["TheSimpletonMod:Strike_TheSimpleton+1","TheSimpletonMod:Strike_TheSimpleton","TheSimpletonMod:Strike_TheSimpleton","TheSimpletonMod:Strike_TheSimpleton","TheSimpletonMod:Defend_TheSimpleton","TheSimpletonMod:Defend_TheSimpleton+1","TheSimpletonMod:Defend_TheSimpleton","TheSimpletonMod:Defend_TheSimpleton","TheSimpletonMod:Haymaker","TheSimpletonMod:ReapAndSow+1","TheSimpletonMod:Sunseed+1","TheSimpletonMod:Pruning+1","TheSimpletonMod:ResearchGrant","TheSimpletonMod:Squash","TheSimpletonMod:SeedCoat","TheSimpletonMod:Barnstorm+1","TheSimpletonMod:StockTheCellar","TheSimpletonMod:DoubleDigging","TheSimpletonMod:SeedCoat+1","TheSimpletonMod:Corn+1","TheSimpletonMod:Aerate","TheSimpletonMod:CloseScrape+1","TheSimpletonMod:Pruning"],"relics":["TheSimpletonMod:SpudOfTheInnocent","TheSimpletonMod:NightSoil","TheSimpletonMod:TheHarvester","Meat on the Bone","Smiling Mask","Centennial Puzzle","Tiny Chest","Golden Idol","Nunchaku","theSenshi:MoonKaleidoScopeRelic"],"acts_visited":["Exordium","TheCity"],"potions_floor_usage":[19,21,23,23],"damage_taken":[{"damage":0,"enemies":"Cultist","floor":1,"turns":4},{"damage":4,"enemies":"Small Slimes","floor":4,"turns":3},{"damage":1,"enemies":"2 Louse","floor":5,"turns":3},{"damage":7,"enemies":"HollowMod:MossKnight","floor":7,"turns":8},{"damage":0,"enemies":"3 Sentries","floor":10,"turns":7},{"damage":16,"enemies":"Lagavulin","floor":12,"turns":8},{"damage":2,"enemies":"2 Fungi Beasts","floor":14,"turns":4},{"damage":7,"enemies":"The Guardian","floor":16,"turns":12},{"damage":4,"enemies":"Chosen","floor":18,"turns":5},{"damage":29,"enemies":"Spheric Guardian","floor":19,"turns":6},{"damage":2,"enemies":"Centurion and Healer","floor":20,"turns":7},{"damage":9,"enemies":"Cultist and Chosen","floor":21,"turns":8},{"damage":37,"enemies":"3 Cultists","floor":22,"turns":7},{"damage":23,"enemies":"HollowMod:Nosk","floor":23,"turns":13}],"seed_played":"-303238992254379994","potions_obtained":[{"floor":1,"key":"PowerPotion"},{"floor":10,"key":"ColorlessPotion"},{"floor":12,"key":"ColorlessPotion"},{"floor":19,"key":"PowerPotion"}],"is_trial":false,"path_per_floor":["M","?","?","M","M","R","E","R","T","E","?","E","?","M","R","B",null,"M","M","M","M","M","E"],"character_chosen":"THE_SIMPLETON","items_purchased":[],"campfire_rested":0,"item_purchase_floors":[],"current_hp_per_floor":[72,57,45,41,44,44,41,41,41,45,27,27,27,41,41,38,66,66,41,43,38,13,0,0],"gold":485,"neow_bonus":"UPGRADE_CARD","is_daily":false,"chose_seed":false,"campfire_upgraded":3,"win_rate":0.0,"timestamp":1611582680,"path_taken":["M","?","?","M","M","R","E","R","T","E","?","E","?","M","R","BOSS","M","M","M","M","M","E"],"items_purchased_type":[],"build_version":"2020-12-22","purchased_purges":0,"victory":false,"max_hp_per_floor":[75,75,75,75,75,75,75,75,75,75,75,75,75,75,75,75,75,75,75,75,75,75,75,75],"card_choices":[{"not_picked":["TheSimpletonMod:BumperCrop","TheSimpletonMod:SpiceUp"],"picked":"TheSimpletonMod:Sunseed","floor":1},{"not_picked":["TheSimpletonMod:Innovate","TheSimpletonMod:Aerate"],"picked":"TheSimpletonMod:Pruning","floor":4},{"not_picked":["TheSimpletonMod:SeedCoat","TheSimpletonMod:Swelter"],"picked":"TheSimpletonMod:ResearchGrant","floor":5},{"not_picked":["TheSimpletonMod:DigIn","TheSimpletonMod:Rototilling"],"picked":"TheSimpletonMod:Squash","floor":7},{"not_picked":["TheSimpletonMod:DigIn","TheSimpletonMod:ControlledBurn"],"picked":"TheSimpletonMod:SeedCoat","floor":10},{"not_picked":["TheSimpletonMod:Thresh","TheSimpletonMod:Germinate"],"picked":"TheSimpletonMod:Barnstorm","floor":12},{"not_picked":["TheSimpletonMod:Rake","TheSimpletonMod:PestManagement"],"picked":"TheSimpletonMod:StockTheCellar","floor":14},{"not_picked":["TheSimpletonMod:Barnstorm","TheSimpletonMod:TakeHeart"],"picked":"TheSimpletonMod:DoubleDigging","floor":16},{"not_picked":["TheSimpletonMod:OnionBloom","TheSimpletonMod:GoToMarket"],"picked":"TheSimpletonMod:SeedCoat+1","floor":18},{"not_picked":["TheSimpletonMod:DigIn","TheSimpletonMod:Fertilaser+1"],"picked":"TheSimpletonMod:Corn+1","floor":19},{"not_picked":["TheSimpletonMod:BumperCrop","TheSimpletonMod:Innovate"],"picked":"TheSimpletonMod:Aerate","floor":20},{"not_picked":["TheSimpletonMod:Rake","TheSimpletonMod:Aerate"],"picked":"TheSimpletonMod:CloseScrape+1","floor":21},{"not_picked":["TheSimpletonMod:Aerate","TheSimpletonMod:Rototilling"],"picked":"TheSimpletonMod:Pruning","floor":22}],"player_experience":2938104,"relics_obtained":[{"floor":7,"key":"Smiling Mask"},{"floor":9,"key":"Centennial Puzzle"},{"floor":10,"key":"Tiny Chest"},{"floor":12,"key":"Nunchaku"}],"event_choices":[{"damage_healed":0,"gold_gain":0,"player_choice":"Entered Light","damage_taken":15,"max_hp_gain":0,"max_hp_loss":0,"event_name":"Shining Light","floor":2,"gold_loss":0,"cards_upgraded":["TheSimpletonMod:Strike_TheSimpleton","TheSimpletonMod:Defend_TheSimpleton"]},{"damage_healed":0,"gold_gain":0,"player_choice":"Success","damage_taken":12,"relics_obtained":["Meat on the Bone"],"max_hp_gain":0,"max_hp_loss":0,"event_name":"Scrap Ooze","floor":3,"gold_loss":0},{"damage_healed":0,"gold_gain":0,"player_choice":"Take Damage","damage_taken":18,"relics_obtained":["Golden Idol"],"max_hp_gain":0,"max_hp_loss":0,"event_name":"Golden Idol","floor":11,"gold_loss":0},{"damage_healed":0,"gold_gain":0,"player_choice":"Ignored","damage_taken":0,"max_hp_gain":0,"max_hp_loss":0,"event_name":"Liars Game","floor":13,"gold_loss":0}],"is_beta":false,"boss_relics":[{"not_picked":["Runic Dome","Runesmith:UraniumAnvil"],"picked":"theSenshi:MoonKaleidoScopeRelic"}],"items_purged_floors":[],"is_endless":false,"potions_floor_spawned":[1,10,12,19],"killed_by":"HollowMod:Nosk","ascension_level":6}}