{"host":"r5cycnjhcbwgkpkf","time":1611602603,"event":{"mods":["2.2 Compatiblity","AchievementEnabler","BaseMod","Bestiary","Better Match","Better Note","Better Skull","Better Third Choice","BetterRewards","Colored Map","Colored Powertips","Downfall","Infinite Spire","Minty Spire (QoL Compilation)","Spicy Shops","StSLib"],"gold_per_floor":[111,111,91,102,32,67,67,80,80,97,97,126,141,159,159,258,258,271,271,271,288,288,288,323,323,323,351,351,384,46,46,46,151,201,221,0,0,15,15,15,43,116,116,216,233,246,246,295,295,295],"floor_reached":51,"language":"ENG","playtime":2361,"items_purged":["Strike_G"],"score":1155,"play_id":"2bc4e126-4ad9-4ec1-9f89-cc49e845ad3b","local_time":"20210125112323","is_ascension_mode":true,"campfire_choices":[{"floor":7.0,"key":"REST"},{"floor":11.0,"key":"REST"},{"floor":15.0,"key":"REST"},{"data":"Catalyst","floor":23.0,"key":"SMITH"},{"floor":25.0,"key":"REST"},{"floor":28.0,"key":"REST"},{"data":"Noxious Fumes","floor":32.0,"key":"SMITH"},{"data":"Catalyst","floor":40.0,"key":"SMITH"},{"data":"Noxious Fumes","floor":49,"key":"SMITH"}],"circlet_count":0,"master_deck":["Strike_G","Strike_G","Strike_G","Strike_G","Defend_G","Defend_G","Defend_G","Defend_G","Survivor","Neutralize","Bane+1","Noxious Fumes+1","Deadly Poison","Distraction","Catalyst+1","Unload","Deadly Poison","Corpse Explosion","Poisoned Stab+1","Bane","Noxious Fumes+1","Catalyst+1"],"relics":["Ring of the Snake","Singing Bowl","Anchor","Orichalcum","Busted Crown","infinitespire:Bottled Soul","Blue Candle","infinitespire:Beetle Shell","infinitespire:ShieldingShard","PreservedInsect","Tiny Chest","infinitespire:Lychee Nut","Tiny House","Red Mask","Smiling Mask","Mercury Hourglass","Sundial","Happy Flower","hexamod:BolsterEngine"],"acts_visited":["Exordium","TheCity","TheBeyond"],"potions_floor_usage":[50,50],"damage_taken":[{"damage":1.0,"enemies":"Small Slimes","floor":1.0,"turns":3.0},{"damage":0.0,"enemies":"Cultist","floor":4.0,"turns":3.0},{"damage":24.0,"enemies":"Gremlin Nob","floor":6.0,"turns":3.0},{"damage":12.0,"enemies":"Jaw Worm","floor":8.0,"turns":3.0},{"damage":8.0,"enemies":"3 Louse","floor":10.0,"turns":3.0},{"damage":29.0,"enemies":"3 Sentries","floor":12.0,"turns":6.0},{"damage":4.0,"enemies":"Exordium Wildlife","floor":13.0,"turns":4.0},{"damage":0.0,"enemies":"2 Fungi Beasts","floor":14.0,"turns":3.0},{"damage":26.0,"enemies":"The Guardian","floor":16.0,"turns":6.0},{"damage":0.0,"enemies":"Spheric Guardian","floor":18.0,"turns":3.0},{"damage":12.0,"enemies":"2 Thieves","floor":21.0,"turns":2.0},{"damage":24.0,"enemies":"Gremlin Leader","floor":24.0,"turns":4.0},{"damage":16.0,"enemies":"Slavers","floor":27.0,"turns":2.0},{"damage":22.0,"enemies":"Gremlin Leader","floor":29.0,"turns":3.0},{"damage":53.0,"enemies":"Automaton","floor":33.0,"turns":7.0},{"damage":0.0,"enemies":"3 Shapes","floor":35.0,"turns":3.0},{"damage":0.0,"enemies":"Orb Walker","floor":38.0,"turns":3.0},{"damage":0.0,"enemies":"Giant Head","floor":41.0,"turns":4.0},{"damage":10.0,"enemies":"Sphere and 2 Shapes","floor":45.0,"turns":4.0},{"damage":10.0,"enemies":"3 Darklings","floor":46.0,"turns":4.0},{"damage":56,"enemies":"infinitespire:MassOfShapes","floor":50,"turns":8}],"seed_played":"-418993661553676548","potions_obtained":[{"floor":3.0,"key":"LiquidBronze"},{"floor":6.0,"key":"LiquidMemories"},{"floor":8.0,"key":"Dexterity Potion"},{"floor":33.0,"key":"SkillPotion"}],"is_trial":false,"path_per_floor":["M","?","?","M","$","E","R","M","T","M","R","E","M","M","R","B",null,"M","AVR","?","M","?","R","E","R","T","E","R","E","$","?","R","B",null,"M","?","?","M","AVR","R","E","T","T","?","M","M","?","T","R","B",null],"character_chosen":"THE_SILENT","items_purchased":["Bane","Noxious Fumes","Deadly Poison","Catalyst","infinitespire:Lychee Nut","Fruit Juice","Noxious Fumes"],"campfire_rested":5,"item_purchase_floors":[0,0,0,5,30,30,30],"current_hp_per_floor":[64,57,57,57,57,33,54,42,42,36,57,30,28,30,53,27,78,78,78,78,68,63,63,41,65,65,51,76,56,63,63,63,18,78,80,80,82,84,84,84,86,86,86,86,78,76,76,76,76,26],"gold":295,"neow_bonus":"","is_daily":false,"chose_seed":false,"campfire_upgraded":4,"win_rate":0.0,"timestamp":1611602603,"path_taken":["M","?","?","M","$","E","R","M","T","M","R","E","?","M","R","BOSS","M","AVR","?","M","?","R","E","R","T","E","R","E","$","?","R","BOSS","M","?","?","M","AVR","R","E","?","T","?","M","?","?","?","R","BOSS"],"items_purchased_type":["Card","Card","Card","Card","Relic","Potion","Card"],"build_version":"2020-12-22","purchased_purges":1,"victory":true,"max_hp_per_floor":[70,70,70,70,70,70,70,70,70,72,72,74,76,78,78,78,78,78,78,78,80,80,80,82,82,82,84,84,86,71,71,71,73,78,80,80,82,84,84,84,86,86,86,86,88,90,90,90,90,90],"card_choices":[{"not_picked":["Backflip","Slice"],"picked":"Distraction","floor":1.0},{"not_picked":["Slice","Blade Dance","Caltrops"],"picked":"SKIP","floor":4.0},{"not_picked":["Dagger Throw","Outmaneuver"],"picked":"Unload","floor":6.0},{"not_picked":["Prepared","Backflip"],"picked":"Deadly Poison","floor":8.0},{"not_picked":["Dodge and Roll","Outmaneuver","Expertise"],"picked":"Singing Bowl","floor":10.0},{"not_picked":["Prepared","Masterful Stab","Concentrate"],"picked":"Singing Bowl","floor":12.0},{"not_picked":["Deadly Poison","Dagger Spray","Backflip"],"picked":"Singing Bowl","floor":13.0},{"not_picked":["Prepared","Riddle With Holes","Acrobatics"],"picked":"Singing Bowl","floor":14.0},{"not_picked":["Grand Finale","Tools of the Trade"],"picked":"Corpse Explosion","floor":16.0},{"not_picked":[],"picked":"Poisoned Stab+1","floor":18.0},{"not_picked":["Flying Knee"],"picked":"Singing Bowl","floor":21.0},{"not_picked":["Prepared"],"picked":"Singing Bowl","floor":24.0},{"not_picked":["Acrobatics"],"picked":"Singing Bowl","floor":27.0},{"not_picked":["Sucker Punch"],"picked":"Singing Bowl","floor":29.0},{"not_picked":["Doppelganger"],"picked":"Singing Bowl","floor":33.0},{"not_picked":[],"picked":"Catalyst","floor":34.0},{"not_picked":["Backstab"],"picked":"Singing Bowl","floor":35.0},{"not_picked":["Dark Shackles"],"picked":"Singing Bowl","floor":37.0},{"not_picked":["Calculated Gamble"],"picked":"Singing Bowl","floor":38.0},{"not_picked":["Dodge and Roll"],"picked":"Singing Bowl","floor":41.0},{"not_picked":["Eviscerate+1"],"picked":"Singing Bowl","floor":45.0},{"not_picked":["Accuracy"],"picked":"Singing Bowl","floor":46.0}],"player_experience":450130,"relics_obtained":[{"floor":6.0,"key":"Singing Bowl"},{"floor":9.0,"key":"Anchor"},{"floor":12.0,"key":"Orichalcum"},{"floor":24.0,"key":"infinitespire:Beetle Shell"},{"floor":26.0,"key":"infinitespire:ShieldingShard"},{"floor":27.0,"key":"PreservedInsect"},{"floor":29.0,"key":"Tiny Chest"},{"floor":41.0,"key":"Mercury Hourglass"},{"floor":42.0,"key":"Sundial"},{"floor":43.0,"key":"Happy Flower"},{"floor":48,"key":"hexamod:BolsterEngine"}],"event_choices":[{"cards_removed":["Defend_G"],"damage_healed":0.0,"max_hp_gain":0.0,"max_hp_loss":0.0,"gold_gain":0.0,"event_name":"Golden Wing","player_choice":"Card Removal","floor":2.0,"gold_loss":0.0,"damage_taken":7.0},{"damage_healed":0.0,"max_hp_gain":0.0,"max_hp_loss":0.0,"gold_gain":0.0,"event_name":"The Woman in Blue","player_choice":"Bought 1 Potion","floor":3.0,"gold_loss":0.0,"damage_taken":0.0},{"damage_healed":0.0,"max_hp_gain":0.0,"max_hp_loss":0.0,"gold_gain":0.0,"event_name":"The Library","player_choice":"Read","floor":20.0,"gold_loss":0.0,"damage_taken":0.0,"cards_obtained":["Bane"]},{"damage_healed":0.0,"max_hp_gain":0.0,"max_hp_loss":0.0,"gold_gain":0.0,"event_name":"Tomb of Lord Red Mask","player_choice":"Paid","floor":36.0,"gold_loss":221.0,"damage_taken":0.0,"relics_obtained":["Red Mask"]},{"damage_healed":0.0,"max_hp_gain":0.0,"max_hp_loss":0.0,"gold_gain":0.0,"event_name":"SensoryStone","player_choice":"Memory 1","floor":37.0,"gold_loss":0.0,"damage_taken":0.0},{"damage_healed":0.0,"max_hp_gain":0.0,"max_hp_loss":0.0,"gold_gain":100.0,"event_name":"Golden Shrine","player_choice":"Pray","floor":44.0,"gold_loss":0.0,"damage_taken":0.0}],"is_beta":false,"boss_relics":[{"not_picked":["Runic Dome","WristBlade"],"picked":"Busted Crown"},{"not_picked":["bronze:MakeshiftBattery","Pandora\u0027s Box"],"picked":"Tiny House"}],"items_purged_floors":[19],"is_endless":false,"potions_floor_spawned":[6,8,12,13,16,27,29,33,38,41],"ascension_level":3}}