{"host":"Krakhan","time":1611534773,"event":{"mods":["AchievementEnabler","BaseMod","Colored Map","Colored Powertips","Faster Ascension Climbing","Highlight Path","Minty Spire (QoL Compilation)","Rare Cards Sparkle","Relic Stats","StSLib"],"gold_per_floor":[112,112,127,20,40,40,68,68,94,107,107,134,134,134,134,134,134],"floor_reached":16,"language":"ENG","playtime":599,"items_purged":[],"score":216,"play_id":"6cbdec30-ff61-43ac-9114-d49b0e3b8b1d","local_time":"20210124193253","is_ascension_mode":true,"campfire_choices":[{"data":"Defragment","floor":6,"key":"SMITH"},{"data":"Lockon","floor":8,"key":"SMITH"},{"data":"Conserve Battery","floor":11,"key":"SMITH"},{"data":"Leap","floor":15,"key":"SMITH"}],"circlet_count":0,"master_deck":["AscendersBane","Strike_B","Strike_B","Strike_B","Strike_B","Defend_B","Defend_B","Defend_B","Defend_B","Zap","Dualcast","Defragment+1","Lockon+1","Compile Driver","Leap+1","Conserve Battery+1","White Noise","Parasite"],"relics":["Cracked Core","Oddly Smooth Stone","Potion Belt","Pear","DataDisk","Anchor"],"acts_visited":["Exordium"],"potions_floor_usage":[7,7,12,16],"damage_taken":[{"damage":12,"enemies":"Small Slimes","floor":1,"turns":4},{"damage":0,"enemies":"2 Louse","floor":3,"turns":3},{"damage":0,"enemies":"Cultist","floor":5,"turns":3},{"damage":29,"enemies":"Gremlin Nob","floor":7,"turns":4},{"damage":2,"enemies":"3 Louse","floor":10,"turns":3},{"damage":10,"enemies":"3 Sentries","floor":12,"turns":5},{"damage":30,"enemies":"The Guardian","floor":16,"turns":9}],"seed_played":"3335639978127100016","potions_obtained":[{"floor":3,"key":"Swift Potion"},{"floor":10,"key":"Fire Potion"}],"is_trial":false,"path_per_floor":["M","?","M","$","M","R","E","R","T","M","R","E","?","?","R","B"],"character_chosen":"DEFECT","items_purchased":["PowerPotion","Weak Potion"],"campfire_rested":0,"item_purchase_floors":[4,4],"current_hp_per_floor":[52,41,41,41,41,41,22,22,22,20,20,10,10,30,30,0,0],"gold":134,"neow_bonus":"RANDOM_COMMON_RELIC","is_daily":false,"chose_seed":false,"campfire_upgraded":4,"win_rate":0.0,"timestamp":1611534773,"path_taken":["M","?","M","$","M","R","E","R","T","M","R","E","?","?","R","BOSS"],"items_purchased_type":["Potion","Potion"],"build_version":"2020-12-18","purchased_purges":0,"victory":false,"max_hp_per_floor":[71,71,71,71,71,71,81,81,81,81,81,81,81,81,81,81,81],"relic_stats":{"counters":[7,30],"obtain_stats":[{"Potion Belt":2,"DataDisk":9,"Anchor":12,"Pear":7,"Oddly Smooth Stone":0,"Cracked Core":0},{"Potion Belt":1,"DataDisk":4,"Anchor":6,"Pear":4,"Oddly Smooth Stone":0,"Cracked Core":0},{"Potion Belt":4,"DataDisk":13,"Anchor":21,"Pear":13,"Oddly Smooth Stone":0,"Cracked Core":0}]},"card_choices":[{"not_picked":["Hologram","Reprogram"],"picked":"Defragment","floor":1},{"not_picked":["Turbo","Barrage"],"picked":"Lockon","floor":3},{"not_picked":["Gash","Steam"],"picked":"Compile Driver","floor":5},{"not_picked":["Heatsinks","Rebound"],"picked":"Leap","floor":7},{"not_picked":["BootSequence","Turbo"],"picked":"Conserve Battery","floor":10},{"not_picked":["Static Discharge","Aggregate"],"picked":"White Noise","floor":12}],"player_experience":1365330,"relics_obtained":[{"floor":7,"key":"Pear"},{"floor":9,"key":"DataDisk"},{"floor":12,"key":"Anchor"}],"event_choices":[{"damage_healed":0,"gold_gain":0,"player_choice":"Success","damage_taken":11,"relics_obtained":["Potion Belt"],"max_hp_gain":0,"max_hp_loss":0,"event_name":"Scrap Ooze","floor":2,"gold_loss":0},{"damage_healed":0,"gold_gain":0,"player_choice":"Ignored","damage_taken":0,"max_hp_gain":0,"max_hp_loss":0,"event_name":"Liars Game","floor":13,"gold_loss":0},{"damage_healed":20,"gold_gain":0,"player_choice":"Healed and dodged fight","damage_taken":0,"max_hp_gain":0,"max_hp_loss":0,"event_name":"Mushrooms","floor":14,"gold_loss":0,"cards_obtained":["Parasite"]}],"is_beta":true,"boss_relics":[],"items_purged_floors":[],"is_endless":false,"potions_floor_spawned":[3,10],"killed_by":"The Guardian","ascension_level":20}}