{"host":"19r1ww88x2tc73i0","time":1611604843,"event":{"mods":["BaseMod","BetterRewards","Colored Map","Minty Spire (QoL Compilation)","Relic Stats","StSLib","SuperFastMode","slay the spire mod where everything is the same but ironclad has a cowboy hat"],"gold_per_floor":[20,20,34,53,73,73,106,118,153,165,177,204,255,281,293,395,407,432,465,527,589,526,526,549,549,549,289,327,345,358,373,373,472,472,485,509,524,264,295,295,326,340,367,367,382,382,406,421,421,421,421,421,421,67,101,101,101],"floor_reached":56,"language":"ENG","playtime":3967,"items_purged":["Strike_G","Doubt","Strike_G","Injury"],"score":1976,"play_id":"6b1b8ab4-4e1f-4fe9-9cbd-b30b144ddd09","local_time":"25640126030043","is_ascension_mode":true,"campfire_choices":[{"data":"All Out Attack","floor":6.0,"key":"SMITH"},{"data":"Sucker Punch","floor":8.0,"key":"SMITH"},{"data":"Blade Dance","floor":10.0,"key":"SMITH"},{"data":"Phantasmal Killer","floor":15.0,"key":"SMITH"},{"data":"Adrenaline","floor":23.0,"key":"SMITH"},{"floor":25.0,"key":"REST"},{"floor":32.0,"key":"REST"},{"data":"Night Terror","floor":40.0,"key":"SMITH"},{"floor":46.0,"key":"REST"},{"floor":49.0,"key":"RECALL"},{"floor":53.0,"key":"REST"}],"circlet_count":0,"master_deck":["AscendersBane","Defend_G","Defend_G","Defend_G","Defend_G","Defend_G","Survivor+1","Neutralize+1","Leg Sweep+1","Blade Dance+1","All Out Attack+1","Sucker Punch+1","Dagger Throw+1","Phantasmal Killer+1","Adrenaline+1","Cloak And Dagger","Die Die Die","Footwork+1","Infinite Blades","Slice+1","Deflect","Footwork+1","Acrobatics","Night Terror+1","Terror","Backflip","Accuracy+1","Calculated Gamble","Blur","Crippling Poison","Acrobatics","Deflect+1","Bouncing Flask+1","Dodge and Roll","Terror","Acrobatics","Expertise"],"relics":["Ring of the Snake","Golden Idol","MawBank","War Paint","Lantern","Cursed Key","Ornamental Fan","Membership Card","Ice Cream","Runic Pyramid","Ninja Scroll","TungstenRod","Whetstone","Unceasing Top","Orrery","Bag of Marbles"],"acts_visited":["Exordium","TheCity","TheBeyond","TheEnding"],"potions_floor_usage":[56],"damage_taken":[{"damage":2.0,"enemies":"Small Slimes","floor":1.0,"turns":6.0},{"damage":0.0,"enemies":"2 Louse","floor":3.0,"turns":6.0},{"damage":0.0,"enemies":"Cultist","floor":4.0,"turns":4.0},{"damage":2.0,"enemies":"Looter","floor":5.0,"turns":4.0},{"damage":12.0,"enemies":"3 Sentries","floor":7.0,"turns":7.0},{"damage":7.0,"enemies":"Gremlin Gang","floor":12.0,"turns":3.0},{"damage":25.0,"enemies":"Gremlin Nob","floor":13.0,"turns":4.0},{"damage":0.0,"enemies":"Large Slime","floor":14.0,"turns":6.0},{"damage":0.0,"enemies":"Slime Boss","floor":16.0,"turns":4.0},{"damage":2.0,"enemies":"3 Byrds","floor":18.0,"turns":4.0},{"damage":1.0,"enemies":"Shell Parasite","floor":19.0,"turns":5.0},{"damage":24.0,"enemies":"Snecko","floor":24.0,"turns":6.0},{"damage":13.0,"enemies":"Slavers","floor":28.0,"turns":4.0},{"damage":10.0,"enemies":"Snake Plant","floor":29.0,"turns":5.0},{"damage":10.0,"enemies":"Cultist and Chosen","floor":30.0,"turns":8.0},{"damage":0.0,"enemies":"Centurion and Healer","floor":31.0,"turns":5.0},{"damage":10.0,"enemies":"Automaton","floor":33.0,"turns":13.0},{"damage":3.0,"enemies":"Orb Walker","floor":35.0,"turns":4.0},{"damage":13.0,"enemies":"3 Shapes","floor":36.0,"turns":4.0},{"damage":0.0,"enemies":"3 Darklings","floor":37.0,"turns":3.0},{"damage":0.0,"enemies":"Mind Bloom Boss Battle","floor":39.0,"turns":5.0},{"damage":0.0,"enemies":"Reptomancer","floor":41.0,"turns":4.0},{"damage":0.0,"enemies":"Sphere and 2 Shapes","floor":42.0,"turns":6.0},{"damage":0.0,"enemies":"Maw","floor":45.0,"turns":6.0},{"damage":0.0,"enemies":"Jaw Worm Horde","floor":47.0,"turns":5.0},{"damage":0.0,"enemies":"Writhing Mass","floor":48.0,"turns":8.0},{"damage":7.0,"enemies":"Time Eater","floor":50.0,"turns":16.0},{"damage":40.0,"enemies":"Awakened One","floor":51.0,"turns":22.0},{"damage":50.0,"enemies":"Shield and Spear","floor":55.0,"turns":11.0},{"damage":52,"enemies":"The Heart","floor":56,"turns":3}],"seed_played":"-2515406932363632589","potions_obtained":[{"floor":1.0,"key":"Energy Potion"},{"floor":5.0,"key":"SkillPotion"},{"floor":7.0,"key":"AttackPotion"},{"floor":14.0,"key":"SteroidPotion"},{"floor":18.0,"key":"SkillPotion"},{"floor":30.0,"key":"DistilledChaos"},{"floor":36.0,"key":"GhostInAJar"},{"floor":39.0,"key":"CultistPotion"},{"floor":41.0,"key":"Block Potion"},{"floor":47.0,"key":"FairyPotion"}],"is_trial":false,"path_per_floor":["M","?","M","M","M","R","E","R","T","R","?","M","E","M","R","B",null,"M","M","?","?","$","R","M","R","T","$","E","M","M","M","R","B",null,"M","M","M","$","?","R","E","M","T","?","M","R","M","M","R","B","B",null,"R","$","E","B"],"character_chosen":"THE_SILENT","items_purchased":["Membership Card","Infinite Blades","Accuracy","Calculated Gamble","Ninja Scroll","Unceasing Top","Orrery","Terror"],"campfire_rested":4,"item_purchase_floors":[27,27,38,38,38,54,54,54],"current_hp_per_floor":[57,57,57,57,55,55,43,43,43,43,36,29,4,4,4,4,46,44,43,43,43,43,43,19,37,37,37,24,14,4,4,22,12,48,45,32,32,32,32,32,32,32,32,32,32,50,50,50,50,43,3,46,60,60,10,0,0],"gold":101,"neow_bonus":"REMOVE_TWO","is_daily":false,"chose_seed":false,"campfire_upgraded":6,"win_rate":0.0,"timestamp":1611604843,"path_taken":["M","?","M","M","M","R","E","R","T","R","?","M","E","M","R","BOSS","M","M","?","?","$","R","M","R","T","$","E","M","M","M","R","BOSS","M","M","?","$","?","R","E","M","T","?","M","R","?","M","R","BOSS","BOSS","R","$","E","BOSS"],"items_purchased_type":["Relic","Card","Card","Card","Relic","Relic","Relic","Card"],"build_version":"2020-12-22","purchased_purges":4,"victory":false,"max_hp_per_floor":[66,60,60,60,60,60,60,60,60,60,60,60,60,60,60,60,60,60,60,60,60,60,60,60,60,60,60,60,60,60,60,60,60,60,60,60,60,60,60,60,60,60,60,60,60,60,60,60,60,60,60,60,60,60,60,60,60],"relic_stats":{"counters":[30,191],"Golden Idol":181,"Ornamental Fan":[428],"Whetstone":["Dagger Throw","Neutralize"],"War Paint":["Leg Sweep","Survivor"],"MawBank":180,"Cursed Key":2,"obtain_stats":[{"Ice Cream":28,"Lantern":13,"Golden Idol":2,"Whetstone":41,"War Paint":9,"MawBank":7,"Cursed Key":17,"Ornamental Fan":26,"Ninja Scroll":38,"Orrery":54,"Bag of Marbles":55,"Membership Card":27,"TungstenRod":39,"Unceasing Top":54,"Ring of the Snake":0,"Runic Pyramid":34},{"Ice Cream":13,"Lantern":7,"Golden Idol":1,"Whetstone":22,"War Paint":5,"MawBank":5,"Cursed Key":9,"Ornamental Fan":12,"Ninja Scroll":20,"Orrery":28,"Bag of Marbles":29,"Membership Card":12,"TungstenRod":21,"Unceasing Top":28,"Ring of the Snake":0,"Runic Pyramid":17},{"Ice Cream":63,"Lantern":34,"Golden Idol":6,"Whetstone":114,"War Paint":27,"MawBank":27,"Cursed Key":44,"Ornamental Fan":59,"Ninja Scroll":105,"Orrery":177,"Bag of Marbles":188,"Membership Card":59,"TungstenRod":110,"Unceasing Top":177,"Ring of the Snake":0,"Runic Pyramid":94}],"TungstenRod":30,"Unceasing Top":[0],"Ring of the Snake":[60]},"card_choices":[{"not_picked":["Bane","Acrobatics"],"picked":"Leg Sweep","floor":1.0},{"not_picked":["Calculated Gamble","Dash"],"picked":"Blade Dance","floor":3.0},{"not_picked":["Dodge and Roll","Quick Slash"],"picked":"All Out Attack","floor":4.0},{"not_picked":["Grand Finale","Underhanded Strike"],"picked":"Sucker Punch","floor":5.0},{"not_picked":["Flechettes","Reflex","Deadly Poison"],"picked":"SKIP","floor":7.0},{"not_picked":["Expertise","Deadly Poison","Concentrate"],"picked":"SKIP","floor":12.0},{"not_picked":["Prepared","Sucker Punch"],"picked":"Dagger Throw","floor":13.0},{"not_picked":["Dodge and Roll","Accuracy"],"picked":"Phantasmal Killer","floor":14.0},{"not_picked":["A Thousand Cuts","After Image"],"picked":"Adrenaline","floor":16.0},{"not_picked":["Underhanded Strike","Dodge and Roll"],"picked":"Cloak And Dagger","floor":18.0},{"not_picked":["Sucker Punch","Acrobatics"],"picked":"Die Die Die","floor":19.0},{"not_picked":["Cloak And Dagger","Deadly Poison+1"],"picked":"Footwork+1","floor":24.0},{"not_picked":["Underhanded Strike","Backflip"],"picked":"Slice+1","floor":28.0},{"not_picked":["Caltrops","Expertise"],"picked":"Deflect","floor":29.0},{"not_picked":["Flechettes","Quick Slash"],"picked":"Footwork+1","floor":30.0},{"not_picked":["Leg Sweep+1","Poisoned Stab"],"picked":"Acrobatics","floor":31.0},{"not_picked":["Tools of the Trade","Phantasmal Killer"],"picked":"Night Terror","floor":33.0},{"not_picked":["Blade Dance","Bane"],"picked":"Terror","floor":35.0},{"not_picked":["Deadly Poison+1","Dagger Throw"],"picked":"Backflip","floor":36.0},{"not_picked":["Dagger Spray","Bane","Riddle With Holes"],"picked":"SKIP","floor":37.0},{"not_picked":["Flechettes","Cloak And Dagger"],"picked":"Blur","floor":39.0},{"not_picked":["Flying Knee","Reflex"],"picked":"Crippling Poison","floor":41.0},{"not_picked":["Riddle With Holes","Deadly Poison","Sucker Punch"],"picked":"SKIP","floor":42.0},{"not_picked":["Deadly Poison+1","Backstab+1"],"picked":"Acrobatics","floor":45.0},{"not_picked":["Calculated Gamble","Terror"],"picked":"Deflect+1","floor":47.0},{"not_picked":["Phantasmal Killer","Underhanded Strike","Cloak And Dagger"],"picked":"SKIP","floor":48.0},{"not_picked":["Riddle With Holes+1","Bane"],"picked":"Bouncing Flask+1","floor":54.0},{"not_picked":["Dagger Spray","Blade Dance+1"],"picked":"Dodge and Roll","floor":54.0},{"not_picked":["Deadly Poison","Bullet Time"],"picked":"Acrobatics","floor":54.0},{"not_picked":["Bouncing Flask","Cloak And Dagger"],"picked":"Expertise","floor":55.0}],"player_experience":951337,"relics_obtained":[{"floor":7.0,"key":"MawBank"},{"floor":9.0,"key":"War Paint"},{"floor":13.0,"key":"Lantern"},{"floor":26.0,"key":"Ornamental Fan"},{"floor":28.0,"key":"Ice Cream"},{"floor":39.0,"key":"TungstenRod"},{"floor":41.0,"key":"Whetstone"},{"floor":55.0,"key":"Bag of Marbles"}],"event_choices":[{"damage_healed":0.0,"max_hp_gain":0.0,"max_hp_loss":6.0,"gold_gain":0.0,"event_name":"Golden Idol","player_choice":"Lose Max HP","floor":2.0,"gold_loss":0.0,"damage_taken":0.0,"relics_obtained":["Golden Idol"]},{"cards_removed":["Strike_G"],"damage_healed":0.0,"max_hp_gain":0.0,"max_hp_loss":0.0,"gold_gain":0.0,"event_name":"Golden Wing","player_choice":"Card Removal","floor":11.0,"gold_loss":0.0,"damage_taken":7.0},{"damage_healed":0.0,"max_hp_gain":0.0,"max_hp_loss":0.0,"gold_gain":50.0,"event_name":"Nest","player_choice":"Stole From Cult","floor":20.0,"gold_loss":0.0,"damage_taken":0.0},{"damage_healed":0.0,"max_hp_gain":0.0,"max_hp_loss":0.0,"gold_gain":50.0,"event_name":"Golden Shrine","player_choice":"Pray","floor":21.0,"gold_loss":0.0,"damage_taken":0.0},{"damage_healed":0.0,"max_hp_gain":0.0,"max_hp_loss":0.0,"gold_gain":0.0,"event_name":"MindBloom","player_choice":"Fight","floor":39.0,"gold_loss":0.0,"damage_taken":0.0},{"damage_healed":0.0,"max_hp_gain":0.0,"max_hp_loss":0.0,"gold_gain":0.0,"event_name":"Upgrade Shrine","player_choice":"Upgraded","floor":44.0,"gold_loss":0.0,"damage_taken":0.0,"cards_upgraded":["Accuracy"]}],"is_beta":false,"boss_relics":[{"not_picked":["Pandora\u0027s Box","Snecko Eye"],"picked":"Cursed Key"},{"not_picked":["Busted Crown","SlaversCollar"],"picked":"Runic Pyramid"}],"items_purged_floors":[22,27,38,54],"is_endless":false,"potions_floor_spawned":[1,5,7,14,18,30,36,39,41,47,48],"killed_by":"The Heart","ascension_level":20}}