{"host":"ju58ncaxwefs1zmn","time":1611587414,"event":{"mods":["100% Spire Juice","2.2 Compatiblity","Act Like it!","Aspiration","BaseMod","CapriCore","ChefMod","Colored Map","Gensokyo","Hermit","Highlight Path","HololiveMod","Hubris","Infinite Spire","Koishi","Marisa????????","Minty Spire (QoL Compilation)","Permanent Neow","Quick Restart","Random Character Button","Reliquary","Robot Space Explorer","StSLib","The Animator","The Cursed","The Hierophant","The Immortal","The Marked","The Servant 0.9.4","The Showman","TheBandit","Wandering Minibosses","Yakumo Yukari mod"],"gold_per_floor":[116,136,136,148,161,194,207,236,236,236,251,251,231,241,241,338,338,358,358,375,375,137,137,137],"floor_reached":23,"language":"ENG","playtime":1715,"items_purged":["chefmod:Strike"],"score":205,"play_id":"beb856fc-1d95-4bcf-bd36-be9b6c43ce7c","local_time":"20210125071014","is_ascension_mode":false,"campfire_choices":[{"data":"chefmod:NoSoupForYou","floor":12,"key":"SMITH"},{"data":"chefmod:Puree","floor":15,"key":"SMITH"}],"circlet_count":0,"master_deck":["chefmod:Strike","chefmod:QuickThaw+1","chefmod:Defend","chefmod:Defend","chefmod:Defend","chefmod:Defend","chefmod:TodaysSpecial","chefmod:SliceAndDice","chefmod:ColdSteel","chefmod:DoubleChop","chefmod:TonkotsuRamen","chefmod:Sorbet","chefmod:FireUp","chefmod:NoSoupForYou+1","chefmod:BleedOut","chefmod:Puree+1","chefmod:ZaruSoba","chefmod:RisingDough","chefmod:CayenneCloud+1","Metamorphosis"],"relics":["chefmod:TrustyPot","infinitespire:FocusingShard","reliquary:PartyBalloon","Singing Bowl","SacredBark"],"acts_visited":["Exordium","TheCity"],"potions_floor_usage":[8,23,23],"damage_taken":[{"damage":0,"enemies":"2 Louse","floor":1,"turns":4},{"damage":1,"enemies":"Jaw Worm","floor":2,"turns":3},{"damage":0,"enemies":"Cultist","floor":4,"turns":3},{"damage":0,"enemies":"2 Fungi Beasts","floor":5,"turns":3},{"damage":9,"enemies":"Lagavulin","floor":6,"turns":6},{"damage":0,"enemies":"Large Slime","floor":7,"turns":4},{"damage":27,"enemies":"Gremlin Nob","floor":8,"turns":5},{"damage":3,"enemies":"Red Slaver","floor":11,"turns":4},{"damage":7,"enemies":"Exordium Thugs","floor":13,"turns":4},{"damage":0,"enemies":"Exordium Wildlife","floor":14,"turns":3},{"damage":6,"enemies":"Hexaghost","floor":16,"turns":10},{"damage":19,"enemies":"2 Thieves","floor":18,"turns":4},{"damage":8,"enemies":"Spheric Guardian","floor":20,"turns":6},{"damage":41,"enemies":"Gremlin Leader","floor":23,"turns":2}],"seed_played":"-7056493487991258298","potions_obtained":[{"floor":2,"key":"EssenceOfSteel"},{"floor":4,"key":"GamblersBrew"},{"floor":8,"key":"PowerPotion"},{"floor":11,"key":"Swift Potion"}],"is_trial":false,"path_per_floor":["M","M","?","M","M","E","M","E","T","?","M","R","M","M","R","B",null,"M","?","M","?","$","E"],"character_chosen":"THE_CHEF","items_purchased":["Metamorphosis"],"campfire_rested":0,"item_purchase_floors":[22],"current_hp_per_floor":[76,75,75,75,75,66,66,39,39,39,36,36,29,29,29,23,76,59,44,36,36,36,0,0],"gold":137,"neow_bonus":"REMOVE_CARD","is_daily":false,"chose_seed":false,"campfire_upgraded":2,"win_rate":0.0,"timestamp":1611587414,"path_taken":["M","M","?","M","M","E","M","E","T","?","M","R","M","?","R","BOSS","M","?","M","?","$","E"],"items_purchased_type":["Card"],"build_version":"2020-12-22","purchased_purges":1,"victory":false,"max_hp_per_floor":[76,76,76,76,76,76,76,76,76,76,76,76,76,76,76,76,76,78,83,83,83,83,83,83],"card_choices":[{"not_picked":["chefmod:Escargot","chefmod:Sorbet"],"picked":"chefmod:SliceAndDice","floor":1},{"not_picked":["chefmod:Chop","chefmod:DeepFreeze"],"picked":"chefmod:ColdSteel","floor":2},{"not_picked":["chefmod:SliceAndDice","chefmod:LocoMoco"],"picked":"chefmod:DoubleChop","floor":4},{"not_picked":["chefmod:BaoBuns","chefmod:ColdSteel"],"picked":"chefmod:TonkotsuRamen","floor":5},{"not_picked":["chefmod:LiquidNitrogen","chefmod:TastyDistraction"],"picked":"chefmod:Sorbet","floor":6},{"not_picked":["chefmod:AllYouCanEat","chefmod:Fillet"],"picked":"chefmod:FireUp","floor":7},{"not_picked":["chefmod:Julienne","chefmod:FryPan"],"picked":"chefmod:NoSoupForYou","floor":8},{"not_picked":["chefmod:LiquidNitrogen","chefmod:FireUp"],"picked":"chefmod:BleedOut","floor":11},{"not_picked":["chefmod:Chop","chefmod:BleedOut"],"picked":"chefmod:Puree","floor":13},{"not_picked":["chefmod:SearedScallops","chefmod:BaoBuns"],"picked":"chefmod:ZaruSoba","floor":14},{"not_picked":["chefmod:RaidPantry","chefmod:CandyBowl"],"picked":"chefmod:RisingDough","floor":16},{"not_picked":["chefmod:GroceryDelivery+1","chefmod:SliceAndDice","chefmod:HotSoup+1"],"picked":"Singing Bowl","floor":18},{"not_picked":["chefmod:Fillet","chefmod:Defrost"],"picked":"chefmod:CayenneCloud+1","floor":20}],"player_experience":1158945,"relics_obtained":[{"floor":6,"key":"infinitespire:FocusingShard"},{"floor":8,"key":"reliquary:PartyBalloon"},{"floor":9,"key":"Singing Bowl"}],"event_choices":[{"damage_healed":0,"gold_gain":0,"player_choice":"Upgraded","damage_taken":0,"max_hp_gain":0,"max_hp_loss":0,"event_name":"Upgrade Shrine","floor":10,"gold_loss":0,"cards_upgraded":["chefmod:QuickThaw"]},{"damage_healed":0,"gold_gain":0,"player_choice":"Shed Blood","damage_taken":20,"max_hp_gain":5,"max_hp_loss":0,"event_name":"Forgotten Altar","floor":19,"gold_loss":0},{"cards_removed":["chefmod:Strike"],"damage_healed":0,"gold_gain":0,"player_choice":"Purged","damage_taken":0,"max_hp_gain":0,"max_hp_loss":0,"event_name":"Purifier","floor":21,"gold_loss":0}],"is_beta":false,"boss_relics":[{"not_picked":["hubris:BlackHole","hubris:Stopwatch"],"picked":"SacredBark"}],"items_purged_floors":[22],"is_endless":false,"potions_floor_spawned":[2,4,8,11,13,16,20],"killed_by":"Gremlin Leader","ascension_level":0}}