{"host":"biwm9xxhmg58tdpv","time":1611569613,"event":{"mods":["BaseMod","Minty Spire (QoL Compilation)","Relic Stats"],"gold_per_floor":[110,110,121,134,150,181,181,195,247,276,276,306,306,256,256,355,355,366,382,396,203,223,223,251,251,251,262,296,296,296,170,170,170,170],"floor_reached":33,"language":"ENG","playtime":3015,"items_purged":["Strike_P","Strike_P","Strike_P"],"score":495,"play_id":"b72a37a2-e95f-4a5c-bbd3-227617743b89","local_time":"20210125181333","is_ascension_mode":true,"campfire_choices":[{"floor":7,"key":"REST"},{"data":"TalkToTheHand","floor":11,"key":"SMITH"},{"data":"WaveOfTheHand","floor":13,"key":"SMITH"},{"data":"Wallop","floor":15,"key":"SMITH"},{"data":"Vault","floor":23,"key":"SMITH"},{"floor":25,"key":"REST"},{"floor":32,"key":"REST"}],"circlet_count":0,"master_deck":["AscendersBane","Strike_P+1","Defend_P","Defend_P+1","Defend_P+1","Defend_P","Eruption","Vigilance","CurseOfTheBell","TalkToTheHand+1","Wallop+1","Wireheading","EmptyBody+1","EmptyFist","EmptyMind","WaveOfTheHand+1","Vault+1","FearNoEvil","Protect","CutThroughFate","Prostrate+1","Wireheading+1","Meditate"],"relics":["Calling Bell","Omamori","Shuriken","Pocketwatch","Nunchaku","War Paint","Gremlin Horn","Smiling Mask","Velvet Choker","Bronze Scales","Question Card","Kunai","TeardropLocket"],"acts_visited":["Exordium","TheCity"],"potions_floor_usage":[24,24],"damage_taken":[{"damage":0.0,"enemies":"2 Louse","floor":1.0,"turns":2.0},{"damage":0,"enemies":"Small Slimes","floor":3,"turns":3},{"damage":4,"enemies":"Jaw Worm","floor":4,"turns":3},{"damage":2,"enemies":"Red Slaver","floor":5,"turns":4},{"damage":30,"enemies":"Lagavulin","floor":6,"turns":6},{"damage":3,"enemies":"Exordium Wildlife","floor":8,"turns":5},{"damage":0,"enemies":"Gremlin Nob","floor":10,"turns":3},{"damage":4,"enemies":"Lagavulin","floor":12,"turns":7},{"damage":6,"enemies":"Hexaghost","floor":16,"turns":9},{"damage":0,"enemies":"2 Thieves","floor":18,"turns":4},{"damage":2,"enemies":"3 Byrds","floor":19,"turns":6},{"damage":0,"enemies":"3 Cultists","floor":20,"turns":5},{"damage":15,"enemies":"Snake Plant","floor":22,"turns":5},{"damage":19,"enemies":"Slavers","floor":24,"turns":7},{"damage":17,"enemies":"Centurion and Healer","floor":27,"turns":6},{"damage":1,"enemies":"Book of Stabbing","floor":28,"turns":5},{"damage":41,"enemies":"Champ","floor":33,"turns":8}],"seed_played":"-2850192585380375395","potions_obtained":[{"floor":1.0,"key":"EssenceOfSteel"},{"floor":8,"key":"SmokeBomb"},{"floor":10,"key":"BlessingOfTheForge"},{"floor":12,"key":"Swift Potion"},{"floor":20,"key":"EssenceOfSteel"},{"floor":27,"key":"Block Potion"}],"is_trial":false,"path_per_floor":["M","?","M","M","M","E","R","M","T","E","R","E","R","$","R","B",null,"M","M","M","$","M","R","E","R","T","M","E","?","?","$","R","B"],"character_chosen":"WATCHER","items_purchased":["Bronze Scales","LiquidMemories"],"campfire_rested":3,"item_purchase_floors":[21,31],"current_hp_per_floor":[65,51,51,47,45,15,36,33,33,33,33,29,29,29,29,23,60,60,58,58,58,43,43,24,45,45,28,27,27,14,14,37,0,0],"gold":170,"neow_bonus":"BOSS_RELIC","is_daily":false,"chose_seed":false,"campfire_upgraded":4,"win_rate":0.0,"timestamp":1611569613,"path_taken":["M","?","M","M","M","E","R","M","T","E","R","E","R","$","R","BOSS","M","M","M","$","M","R","E","R","T","M","E","?","?","$","R","BOSS"],"items_purchased_type":["Relic","Potion"],"build_version":"2020-12-22","purchased_purges":3,"victory":false,"max_hp_per_floor":[72,72,72,72,72,72,72,72,72,72,72,72,72,72,72,72,72,72,72,72,72,72,72,72,72,72,72,72,72,77,77,77,77,77],"relic_stats":{"Nunchaku":[14],"Gremlin Horn":[8,8],"counters":[17,88],"Shuriken":[27],"Bronze Scales":[84],"Kunai":[8],"War Paint":["Defend_P","EmptyBody"],"Smiling Mask":150,"Question Card":2,"obtain_stats":[{"Gremlin Horn":10,"Velvet Choker":17,"Omamori":0,"TeardropLocket":28,"War Paint":9,"Smiling Mask":12,"Question Card":24,"Calling Bell":0,"Nunchaku":6,"Shuriken":0,"Bronze Scales":21,"Kunai":26,"PureWater":0,"Pocketwatch":0},{"Gremlin Horn":7,"Velvet Choker":9,"Omamori":0,"TeardropLocket":16,"War Paint":6,"Smiling Mask":8,"Question Card":14,"Calling Bell":0,"Nunchaku":5,"Shuriken":0,"Bronze Scales":12,"Kunai":14,"PureWater":0,"Pocketwatch":0},{"Gremlin Horn":26,"Velvet Choker":42,"Omamori":0,"TeardropLocket":80,"War Paint":23,"Smiling Mask":33,"Question Card":69,"Calling Bell":0,"Nunchaku":18,"Shuriken":0,"Bronze Scales":57,"Kunai":69,"PureWater":0,"Pocketwatch":0}],"Pocketwatch":[168]},"card_choices":[{"not_picked":["ClearTheMind","Halt","Evaluate"],"picked":"SKIP","floor":1.0},{"not_picked":["WindmillStrike","ForeignInfluence"],"picked":"TalkToTheHand","floor":3},{"not_picked":["Evaluate","Vengeance"],"picked":"Wallop","floor":4},{"not_picked":["Nirvana","Halt"],"picked":"Wireheading","floor":5},{"not_picked":["Protect","Evaluate"],"picked":"EmptyBody","floor":6},{"not_picked":["FollowUp","Crescendo"],"picked":"EmptyFist","floor":8},{"not_picked":["Alpha","PathToVictory"],"picked":"EmptyMind","floor":10},{"not_picked":["CrushJoints","ThirdEye"],"picked":"WaveOfTheHand","floor":12},{"not_picked":["ConjureBlade","DeusExMachina"],"picked":"Vault","floor":16},{"not_picked":["CrushJoints","EmptyFist"],"picked":"FearNoEvil","floor":18},{"not_picked":["EmptyBody","Evaluate"],"picked":"Protect","floor":19},{"not_picked":["FlyingSleeves","SashWhip","WindmillStrike"],"picked":"SKIP","floor":20},{"not_picked":["Alpha","Nirvana"],"picked":"CutThroughFate","floor":22},{"not_picked":["Protect","CutThroughFate"],"picked":"Prostrate+1","floor":24},{"not_picked":["FlurryOfBlows","EmptyFist","PathToVictory+1"],"picked":"Wireheading+1","floor":27},{"not_picked":["Devotion","FollowUp","EmptyBody","Judgement"],"picked":"SKIP","floor":28}],"player_experience":411090,"relics_obtained":[{"floor":0.0,"key":"Omamori"},{"floor":0.0,"key":"Shuriken"},{"floor":0.0,"key":"Pocketwatch"},{"floor":6,"key":"Nunchaku"},{"floor":9,"key":"War Paint"},{"floor":10,"key":"Gremlin Horn"},{"floor":12,"key":"Smiling Mask"},{"floor":24,"key":"Question Card"},{"floor":26,"key":"Kunai"},{"floor":28,"key":"TeardropLocket"}],"event_choices":[{"damage_healed":0.0,"max_hp_gain":0.0,"max_hp_loss":0.0,"gold_gain":0.0,"event_name":"Shining Light","player_choice":"Entered Light","floor":2.0,"gold_loss":0.0,"damage_taken":14.0,"cards_upgraded":["Defend_P","Strike_P"]},{"damage_healed":0,"gold_gain":0,"player_choice":"Read","damage_taken":0,"max_hp_gain":0,"max_hp_loss":0,"event_name":"The Library","floor":29,"gold_loss":0,"cards_obtained":["Meditate"]},{"damage_healed":0,"gold_gain":0,"player_choice":"Shed Blood","damage_taken":18,"max_hp_gain":5,"max_hp_loss":0,"event_name":"Forgotten Altar","floor":30,"gold_loss":0}],"is_beta":false,"boss_relics":[{"not_picked":["Black Star","Ectoplasm"],"picked":"Velvet Choker"}],"items_purged_floors":[14,21,31],"is_endless":false,"potions_floor_spawned":[1,8,10,12,20,27],"killed_by":"Champ","ascension_level":10}}