{"host":"yv7ijgyl7mqt7c0r","time":1611533823,"event":{"mods":["100% Spire Juice","2.2 Compatiblity","Act Like it!","Aspiration","BaseMod","Bestiary","Better Note","Better Skull","CapriCore","Conspire","DeckTracker","Elementarium","Energized Spire","Friendly Minions","Gensokyo","GifTheSpireLib","Hallownest","KinomotoSakuraMod(????)","Mari Mod (Legacy)","Mari\u0027s V1 Patch","Marisa????????","Menagerie","Minty Spire (QoL Compilation)","Prisma Mod","Random Character Button","Reimu??????","Remilia_Scarlet Moed?????·?????3.3.5","StSLib","Stuff the Spire","The Alterego","The Bug Knight","The Jungle","The Senshi","The Servant 0.9.4","TheVelvet","Wandering Minibosses","Yakumo Yukari mod","Yuyuko"],"gold_per_floor":[119,38,49,65,80,80,80,80,107,135,135,145,170,17,17,115,115,131,97,97,164,26,55,109,143,166,166,166,191,209,225,225,329,329,341,341,357,357,357,357,371,371,371],"floor_reached":42,"language":"ENG","playtime":3618,"items_purged":[],"score":521,"play_id":"5c9188d0-6912-43ea-9da9-7c336c537985","local_time":"20210124181703","is_ascension_mode":false,"campfire_choices":[{"data":"KidneyShot","floor":6,"key":"SMITH"},{"data":"Sunlight","floor":8,"key":"SMITH"},{"floor":15,"key":"REST"},{"floor":27,"key":"REST"},{"floor":32,"key":"REST"},{"floor":40,"key":"REST"}],"circlet_count":0,"master_deck":["Strike_S","Strike_S","Defend_S","Defend_S","Defend_S","KidneyShot+1","Exchange","Rearm","Sunlight+1","ReturningBlade","Starlight+1","GearUp","SpecialFormula","StuffTheSpire:Innocence","Ricochet","Defy","TrueSight","FanOfKnives+1","Deadline","StuffTheSpire:Injection","Masterful Stab","Leg Sweep","SilverBlades+1","SilverBlades","Snipe","Starlight+1","SilverBlades+1","InstantArmor","Ricochet+1","ReturningBlade","MurderousAura","BottledTime+1","Madness","Madness","SilverBlades","Reset"],"relics":["aspiration:Nostalgia","alterego_mod:MasochisticConstitution","Vajra","Torii","Tiny Chest","Sozu","wanderingMiniBosses:ThiefScarf","Uniform","Oddly Smooth Stone","aspiration:DSix","Anchor","Mastiff:ReiMu","StuffTheSpire:OldFever","StuffTheSpire:Barrel","MysterySword","conspire:TopHat","Meat on the Bone","InkBottle"],"acts_visited":["Exordium","TheCity","TheBeyond"],"potions_floor_usage":[13,13,19],"damage_taken":[{"damage":0,"enemies":"Small Slimes","floor":1,"turns":4},{"damage":0,"enemies":"2 Louse","floor":3,"turns":1},{"damage":3,"enemies":"Jaw Worm","floor":4,"turns":5},{"damage":4,"enemies":"Blue Slaver","floor":5,"turns":4},{"damage":17,"enemies":"3 Sentries","floor":10,"turns":4},{"damage":1,"enemies":"Looter","floor":12,"turns":2},{"damage":10,"enemies":"Lagavulin","floor":13,"turns":5},{"damage":22,"enemies":"Slime Boss","floor":16,"turns":9},{"damage":11,"enemies":"Chosen","floor":18,"turns":5},{"damage":14,"enemies":"Shell Parasite","floor":19,"turns":7},{"damage":19,"enemies":"Snake Plant","floor":21,"turns":7},{"damage":9,"enemies":"Slavers","floor":23,"turns":3},{"damage":18,"enemies":"Gremlin Leader","floor":25,"turns":5},{"damage":1,"enemies":"Snecko","floor":30,"turns":4},{"damage":12,"enemies":"3 Cultists","floor":31,"turns":3},{"damage":2,"enemies":"Collector","floor":33,"turns":7},{"damage":17,"enemies":"Orb Walker","floor":35,"turns":3},{"damage":7,"enemies":"3 Shapes","floor":37,"turns":3},{"damage":49,"enemies":"Maw","floor":41,"turns":5},{"damage":34,"enemies":"3 Darklings","floor":42,"turns":3}],"seed_played":"877432895235071371","potions_obtained":[{"floor":3,"key":"Energy Potion"},{"floor":5,"key":"Dexterity Potion"},{"floor":12,"key":"Weak Potion"},{"floor":13,"key":"DistilledChaos"}],"is_trial":false,"path_per_floor":["M","$","M","M","M","R","?","R","T","E","?","M","E","$","R","B",null,"M","M","?","M","$","E","T","E","T","R","?","T","M","M","R","B",null,"M","?","M","?","T","R","M","M"],"character_chosen":"THE_SERVANT","items_purchased":["Sunlight","Tiny Chest","SilverBlades","Snipe"],"campfire_rested":4,"item_purchase_floors":[2,14,22,22],"current_hp_per_floor":[65,65,65,63,60,60,60,60,60,44,37,37,33,33,54,38,71,61,53,53,40,40,37,37,25,25,47,47,47,47,41,64,68,79,63,53,47,47,47,71,28,0,0],"gold":371,"neow_bonus":"NOSTALGIA","is_daily":false,"chose_seed":false,"campfire_upgraded":2,"win_rate":0.0,"timestamp":1611533823,"path_taken":["M","$","M","M","M","R","?","R","T","E","?","M","E","?","R","BOSS","M","M","?","M","$","E","?","E","T","R","?","?","?","M","R","BOSS","M","?","M","?","?","R","M","M"],"items_purchased_type":["Card","Relic","Card","Card"],"build_version":"2020-12-22","purchased_purges":0,"victory":false,"max_hp_per_floor":[65,65,65,66,67,67,67,67,67,68,68,69,70,70,70,71,71,72,73,73,74,74,75,75,76,76,76,76,76,77,78,78,79,79,80,80,81,81,81,81,82,82,82],"card_choices":[{"not_picked":["TimeWarp","Rewind"],"picked":"Rearm","floor":1},{"not_picked":["Gouge","Replace"],"picked":"ReturningBlade","floor":3},{"not_picked":["TimeWarp","Solidify"],"picked":"Starlight","floor":4},{"not_picked":["FastForward","FanOfKnives"],"picked":"GearUp","floor":5},{"not_picked":["Advance","FastForward"],"picked":"SpecialFormula","floor":10},{"not_picked":["Alleviate","Starlight"],"picked":"Ricochet","floor":12},{"not_picked":["FloweringNight","Rearm"],"picked":"Defy","floor":13},{"not_picked":["LightFlow","FloweringNight"],"picked":"TrueSight","floor":16},{"not_picked":["Rearm","Spin"],"picked":"FanOfKnives+1","floor":18},{"not_picked":["FastForward","Defy+1"],"picked":"Deadline","floor":19},{"not_picked":["Unruled","Starlight+1"],"picked":"SilverBlades+1","floor":21},{"not_picked":["Gouge+1","GearUp+1"],"picked":"Starlight+1","floor":23},{"not_picked":["Replace","Rearm"],"picked":"SilverBlades+1","floor":25},{"not_picked":["Alleviate+1","ShatteredReality"],"picked":"Ricochet+1","floor":30},{"not_picked":["Potential+1","Spin+1"],"picked":"ReturningBlade","floor":31},{"not_picked":["FloweringNight","Dilation"],"picked":"MurderousAura","floor":33},{"not_picked":["Spin","TimeWarp+1"],"picked":"BottledTime+1","floor":35},{"not_picked":["Reset+1","Foresight+1"],"picked":"SilverBlades","floor":37},{"not_picked":["FastForward","Comet+1"],"picked":"Reset","floor":41}],"player_experience":578273,"relics_obtained":[{"floor":9,"key":"Vajra"},{"floor":10,"key":"Torii"},{"floor":13,"key":"Oddly Smooth Stone"},{"floor":21,"key":"wanderingMiniBosses:ThiefScarf"},{"floor":21,"key":"Uniform"},{"floor":21,"key":"Oddly Smooth Stone"},{"floor":23,"key":"aspiration:DSix"},{"floor":24,"key":"Anchor"},{"floor":25,"key":"Mastiff:ReiMu"},{"floor":26,"key":"StuffTheSpire:OldFever"},{"floor":29,"key":"StuffTheSpire:Barrel"},{"floor":39,"key":"conspire:TopHat"}],"event_choices":[{"damage_healed":0,"gold_gain":0,"player_choice":"Grow","damage_taken":0,"max_hp_gain":0,"max_hp_loss":0,"event_name":"Living Wall","floor":7,"gold_loss":0,"cards_upgraded":["Starlight"]},{"cards_removed":["Masterful Stab"],"damage_healed":0,"gold_gain":0,"player_choice":"Take \u0026 Give","damage_taken":0,"max_hp_gain":0,"max_hp_loss":0,"event_name":"betterNote:BetterNote","floor":28,"gold_loss":0,"cards_obtained":["InstantArmor"]},{"damage_healed":0,"gold_gain":0,"player_choice":"Embrace Madness","damage_taken":10,"max_hp_gain":0,"max_hp_loss":0,"event_name":"Winding Halls","floor":36,"gold_loss":0,"cards_obtained":["Madness","Madness"]},{"damage_healed":0,"gold_gain":0,"player_choice":"Ignored","damage_taken":0,"max_hp_gain":0,"max_hp_loss":0,"event_name":"Tomb of Lord Red Mask","floor":38,"gold_loss":0}],"is_beta":false,"boss_relics":[{"not_picked":["aspiration:FutureDiary","Runic Dome"],"picked":"Sozu"},{"not_picked":["conspire:SeveredTorchhead","Pandora\u0027s Box"],"picked":"MysterySword"}],"items_purged_floors":[],"is_endless":false,"potions_floor_spawned":[3,5,12,13,21,23,35],"killed_by":"3 Darklings","ascension_level":0}}