{"host":"hpvsbp715q3lql9o","time":1611600828,"event":{"mods":["BaseMod","Downfall","Friendly Minions","Marisa（F雨　魔理沙）","Minty Spire (QoL Compilation)","Replay The Spire","RumiaBox-露米娅的神秘盒子","StSLib","The Administrix","The Animator","The Construct","The Cursed"],"gold_per_floor":[115,130,92,143,154,154,188,188,235,251,267,267,286,366,366,469,469,488,488,538,561,575,575],"floor_reached":22,"language":"ZHS","playtime":2124,"items_purged":[],"score":186,"play_id":"764c7aa5-44ab-409c-adca-d9d40caa5e20","local_time":"20210126025348","is_ascension_mode":false,"campfire_choices":[{"floor":6,"key":"RECALL"},{"data":"construct:LaserCore","floor":8,"key":"SMITH"},{"floor":12,"key":"REST"},{"floor":15,"key":"REST"}],"circlet_count":0,"master_deck":["construct:Strike_Gold","construct:Strike_Gold","construct:Strike_Gold","construct:Strike_Gold","construct:Strike_Gold","construct:Defend_Gold","construct:Defend_Gold","construct:Defend_Gold","construct:Defend_Gold","construct:Defend_Gold","construct:AttackMode","construct:DefenseMode","construct:Autoturret","construct:Boost","construct:FlameCore","construct:Missile","construct:LaserCore+1","construct:Autoturret","construct:CriticalHit","construct:MemoryTap","construct:Autoturret+1","Voices","construct:CriticalHit"],"relics":["construct:Cogwheel","NeowsBlessing","Potion Belt","Smiling Mask","construct:WeddingRing","Enchiridion","ReplayTheSpireMod:Ring of Addiction","SacredBark","White Beast Statue","Ring of Greed","Replay:Bandana","Blue Doll"],"acts_visited":["Exordium","TheCity"],"potions_floor_usage":[7,11,16,21,22,22],"damage_taken":[{"damage":0,"enemies":"Cultist","floor":1,"turns":1},{"damage":0,"enemies":"Small Slimes","floor":2,"turns":1},{"damage":0,"enemies":"2 Louse","floor":5,"turns":1},{"damage":43,"enemies":"Gremlin Nob","floor":7,"turns":5},{"damage":5,"enemies":"Looter","floor":10,"turns":3},{"damage":16,"enemies":"Large Slime","floor":11,"turns":6},{"damage":26,"enemies":"Gremlin Gang","floor":13,"turns":5},{"damage":7,"enemies":"Fading Forest","floor":16,"turns":11},{"damage":35,"enemies":"3 Byrds","floor":18,"turns":6},{"damage":3,"enemies":"Chosen","floor":21,"turns":5},{"damage":39,"enemies":"Shelled Parasite and Fungi","floor":22,"turns":3}],"seed_played":"2127431467452617801","potions_obtained":[{"floor":2,"key":"AttackPotion"},{"floor":10,"key":"Slimebound:ThreeZeroPotion"},{"floor":13,"key":"champ:CounterPotion"},{"floor":16,"key":"PowerPotion"},{"floor":18,"key":"LifebloodPotion"},{"floor":20,"key":"Swift Potion"},{"floor":20,"key":"SteroidPotion"},{"floor":20,"key":"champ:CounterPotion"},{"floor":21,"key":"FearPotion"}],"is_trial":false,"path_per_floor":["M","M","$","T","M","R","E","R","T","M","M","R","M","?","R","B",null,"M","?","?","M","M"],"character_chosen":"THE_CONSTRUCT_MOD","items_purchased":["construct:FlameCore"],"campfire_rested":2,"item_purchase_floors":[3],"current_hp_per_floor":[85,85,85,85,85,85,42,42,42,37,21,46,20,20,45,48,85,50,34,34,31,0,0],"gold":575,"neow_bonus":"THREE_ENEMY_KILL","is_daily":false,"chose_seed":false,"campfire_upgraded":1,"win_rate":0.0,"timestamp":1611600828,"path_taken":["M","M","$","?","?","R","E","R","T","M","M","R","M","?","R","BOSS","M","?","?","M","M"],"items_purchased_type":["Card"],"build_version":"2020-12-22","purchased_purges":0,"victory":false,"max_hp_per_floor":[85,85,85,85,85,85,85,85,85,85,85,85,85,85,85,85,85,85,85,85,85,85,85],"card_choices":[{"not_picked":["construct:SyphonStrike","construct:Boost"],"picked":"construct:Autoturret","floor":1},{"not_picked":["construct:Forcefield","construct:SuppressiveFire"],"picked":"construct:Boost","floor":2},{"not_picked":["construct:HeavyBolt","construct:Electrocute"],"picked":"construct:Missile","floor":5},{"not_picked":["construct:PowerUp","construct:OneWayMirror"],"picked":"construct:LaserCore","floor":7},{"not_picked":["construct:FocusedBeam","construct:ModeShift","construct:Stasis"],"picked":"SKIP","floor":10},{"not_picked":["construct:Forcefield","construct:ScrapCannon"],"picked":"construct:Autoturret","floor":11},{"not_picked":["construct:ChargeShot","construct:Electrocute"],"picked":"construct:CriticalHit","floor":13},{"not_picked":["construct:LongRangeLance","construct:ShieldGenerator"],"picked":"construct:MemoryTap","floor":16},{"not_picked":["construct:SweepLaser","construct:HeavyBolt"],"picked":"construct:Autoturret+1","floor":18},{"not_picked":["construct:ShieldBurst","construct:VentSteam"],"picked":"construct:CriticalHit","floor":21}],"player_experience":215343,"relics_obtained":[{"floor":7,"key":"Potion Belt"},{"floor":9,"key":"Smiling Mask"},{"floor":19,"key":"Enchiridion"},{"floor":20,"key":"ReplayTheSpireMod:Ring of Addiction"},{"floor":20,"key":"SacredBark"},{"floor":20,"key":"White Beast Statue"},{"floor":20,"key":"Ring of Greed"},{"floor":20,"key":"Replay:Bandana"},{"floor":20,"key":"Blue Doll"}],"event_choices":[{"damage_healed":0,"gold_gain":80,"player_choice":"Gained Gold","damage_taken":0,"max_hp_gain":0,"max_hp_loss":0,"event_name":"Golden Wing","floor":14,"gold_loss":0},{"damage_healed":0,"gold_gain":0,"player_choice":"Obtained Book","damage_taken":16,"max_hp_gain":0,"max_hp_loss":0,"event_name":"Cursed Tome","floor":19,"gold_loss":0}],"is_beta":false,"boss_relics":[{"not_picked":["Fusion Hammer","AddBug"],"picked":"construct:WeddingRing"}],"items_purged_floors":[],"is_endless":false,"potions_floor_spawned":[2,10,13,16,18,21],"killed_by":"Shelled Parasite and Fungi","ascension_level":0}}