{"host":"y1oqg7uy0jc6f5mb","time":1611586007,"event":{"mods":["BaseMod","Better Altar","Better Match","Better Note","Better Sensory Stone","Better Skull","Better Third Choice","BetterRewards","Block Reminder","Colored Map","Colored Powertips","Custom Start","DeckTracker","Displayed Cursed Tome","Highlight Path","Ironclad Rager","Minty Spire (QoL Compilation)","Permanent Neow","Quick Restart","Relic Sorter","Relic Stats","Replay The Spire","Shop Mod","StSLib","The Blue Laboratory"],"gold_per_floor":[10,25,44,14,14,14,14,28,28,28,39,69,69,69,69,83,83,83,83],"floor_reached":18,"language":"ENG","playtime":1258,"items_purged":[],"score":162,"play_id":"c83b0b79-b407-4c11-8ecb-a650c3a3cb94","local_time":"20210125224647","is_ascension_mode":true,"campfire_choices":[{"data":"Burst","floor":6.0,"key":"SMITH"},{"floor":17,"key":"REST"}],"circlet_count":0,"master_deck":["Survivor","Neutralize","Sickly","Poisoned Stab","Poisoned Stab","Poisoned Stab","Poisoned Stab","Poisoned Stab","Dodge and Roll","Dodge and Roll","Dodge and Roll","Dodge and Roll","Footwork","Acrobatics","Burst+1","Panache","Bouncing Flask","Dash","Replay:Bag of Tricks","Setup+1","ICR:Vanish"],"relics":["Ring of the Snake","The Courier","betterThird:SlimedRelic","Replay:Accelerometer","ReplayTheSpireMod:Lightbulb"],"acts_visited":[],"potions_floor_usage":[12,12,12,18],"damage_taken":[{"damage":2.0,"enemies":"2 Louse","floor":1.0,"turns":4.0},{"damage":2.0,"enemies":"Jaw Worm","floor":2.0,"turns":3.0},{"damage":2.0,"enemies":"Small Slimes","floor":3.0,"turns":4.0},{"damage":6.0,"enemies":"Exordium Thugs","floor":8.0,"turns":5.0},{"damage":10,"enemies":"Lots of Slimes","floor":11,"turns":9},{"damage":5,"enemies":"Lagavulin","floor":12,"turns":8},{"damage":0,"enemies":"Gremlin Gang","floor":16,"turns":6},{"damage":44,"enemies":"Fading Forest","floor":18,"turns":9}],"seed_played":"-7041472342227222774","potions_obtained":[{"floor":2.0,"key":"blueLaboratory:EmptyBottle"},{"floor":8.0,"key":"Strength Potion"},{"floor":11,"key":"blueLaboratory:PhilterOfMotion"},{"floor":12,"key":"blueLaboratory:BubblePotion"}],"is_trial":false,"path_per_floor":["M","M","M","?","T","R","?","M","T","$","M","E","?","PTL","PTL","M","R","B"],"character_chosen":"THE_SILENT","items_purchased":[],"campfire_rested":1,"item_purchase_floors":[],"current_hp_per_floor":[43,41,39,28,28,28,28,22,22,22,12,7,7,7,7,7,25,0,0],"gold":83,"neow_bonus":"SILENT_ASSASSIN","is_daily":false,"chose_seed":false,"campfire_upgraded":1,"win_rate":0.0,"timestamp":1611586007,"path_taken":["M","M","M","?","?","R","?","M","T","$","M","E","?","PTL","PTL","M","R","BOSS"],"items_purchased_type":[],"build_version":"2020-12-22","purchased_purges":0,"victory":false,"max_hp_per_floor":[63,63,63,63,63,63,63,63,63,63,63,63,63,63,63,63,63,63,63],"relic_stats":{"counters":[8,48],"obtain_stats":[{"Replay:Accelerometer":9,"betterThird:SlimedRelic":4,"The Courier":5,"ReplayTheSpireMod:Lightbulb":12,"Ring of the Snake":0},{"Replay:Accelerometer":4,"betterThird:SlimedRelic":3,"The Courier":3,"ReplayTheSpireMod:Lightbulb":6,"Ring of the Snake":0},{"Replay:Accelerometer":16,"betterThird:SlimedRelic":11,"The Courier":11,"ReplayTheSpireMod:Lightbulb":33,"Ring of the Snake":0}],"Ring of the Snake":[16]},"card_choices":[{"not_picked":["Prepared","Flechettes"],"picked":"Footwork","floor":1.0},{"not_picked":["Dodge and Roll","Flying Knee"],"picked":"Acrobatics","floor":2.0},{"not_picked":["Quick Slash","Deadly Poison"],"picked":"Burst","floor":3.0},{"not_picked":["Blind","Deep Breath"],"picked":"Panache","floor":7.0},{"not_picked":["Poisoned Stab","Dagger Throw"],"picked":"Bouncing Flask","floor":8.0},{"not_picked":["Prepared","PiercingWail"],"picked":"Dash","floor":11},{"not_picked":["Dodge and Roll","Dagger Spray"],"picked":"Replay:Bag of Tricks","floor":12},{"not_picked":["Backflip","Acrobatics"],"picked":"ICR:Vanish","floor":16}],"player_experience":202171,"relics_obtained":[{"floor":5.0,"key":"The Courier"},{"floor":9.0,"key":"Replay:Accelerometer"},{"floor":12,"key":"ReplayTheSpireMod:Lightbulb"}],"event_choices":[{"damage_healed":0.0,"max_hp_gain":0.0,"max_hp_loss":0.0,"gold_gain":0.0,"event_name":"betterThird:BetterGoop","player_choice":"Slimed","floor":4.0,"gold_loss":30.0,"damage_taken":11.0},{"damage_healed":0.0,"max_hp_gain":0.0,"max_hp_loss":0.0,"gold_gain":1.0,"event_name":"betterStone:BetterStone","player_choice":"1","floor":7.0,"gold_loss":0.0,"damage_taken":0.0}],"is_beta":false,"boss_relics":[],"items_purged_floors":[],"is_endless":false,"potions_floor_spawned":[2,8,11,12],"killed_by":"Fading Forest","ascension_level":9}}