{"host":"0dvp4uxbao5ucv2j","time":1611606819,"event":{"mods":["AchievementEnabler","Aspiration","BaseMod","Beaked The Cultist","BetterRewards","DNKmod","DNKmod Update","Downfall","Friendly Minions","GifTheSpireLib","Hubris","Infinite Spire","Minty Spire (QoL Compilation)","Replay The Spire","StSLib"],"gold_per_floor":[10000,10017,10037,10057,9211,9211,9211,9222,9222,8311,8311,7373,7373,7388,7405,7501,7501,7501,7512,6372,6384,6384,6394,6394,5294,5310,5323,5323,5323,5323,5343,5355,5454,5454,5454,5466,5466,5481,5501,4912,4912,4928,4945,4965,3805,3805,3821,3821,3834,3834],"floor_reached":51,"language":"ENG","playtime":3909,"items_purged":["Slimebound:Defend_Slimebound","Slimebound:Strike_Slimebound","Slimebound:LeechEnergy","Slimebound:Strike_Slimebound","Slimebound:Tackle","Slimebound:Defend_Slimebound","Slimebound:Defend_Slimebound"],"score":1122,"play_id":"555c06bd-8e69-4bf4-8301-7a1147b31083","local_time":"20210125213339","is_ascension_mode":false,"campfire_choices":[{"data":"Slimebound:Split","floor":1,"key":"SMITH"},{"data":"Mayhem","floor":9,"key":"SMITH"},{"data":"Metamorphosis","floor":11,"key":"SMITH"},{"floor":18,"key":"DIG"},{"data":"Slimebound:Gluttony","floor":28,"key":"SMITH"},{"floor":35,"key":"DIG"},{"data":"Slimebound:MinionMaster","floor":46,"key":"SMITH"}],"circlet_count":0,"master_deck":["Slimebound:Defend_Slimebound","Slimebound:Split+1","Slimebound:CorrosiveSpit","Slimebound:Schlurp","Slimebound:Prepare","Slimebound:SamplingLick","Slimebound:SlimeTap+1","Slimebound:LeechEnergy","Mayhem+1","Slimebound:ViciousTackle","Slimebound:SplitBruiser","Slimebound:SplitMire","Slimebound:Prepare","Slimebound:SpikyOuterGoop","Slimebound:DouseInSlime","expansioncontent:StudyTheSpire+1","Discovery","Slimebound:Prepare","Slimebound:RejuvenatingLick","Slimebound:WasteNot","Slimebound:SamplingLick","Slimebound:SplitMire","Slimebound:LevelUp","Slimebound:WasteNot","Slimebound:SlimeBarrage+1","Slimebound:ComboTackle","Slimebound:ItLooksTasty","Slimebound:Gluttony+1","Slimebound:SlimeBrawl","Slimebound:LevelUp","Slimebound:Repurpose","Slimebound:FirmFortitude","Slimebound:Equalize","Slimebound:PressTheAttack","Slimebound:HauntingLick+1","Slimebound:Gluttony+1","Slimebound:Repurpose+1","Slimebound:SlimeTap","Slimebound:MinionMaster+1","Slimebound:SlimeBarrage+1","Slimebound:Overexert","Slimebound:GoopSpray","Slimebound:Schlurp","Slimebound:GrowthPunch","Slimebound:Prepare","Slimebound:SamplingLick+1","Parasite","Slimebound:LeechEnergy+1","Slimebound:RainOfGoop","Slimebound:SplitLeeching","Slimebound:GrowthPunch","expansioncontent:StudyTheSpire+1","Slimebound:SamplingLick+1","ReplayTheSpireMod:Book of Names","Slimebound:SplitAcid"],"relics":["Slimebound:AbsorbEndCombat","aspiration:FetidBarrel","War Paint","hubris:EmptyBottle","Chameleon Ring","infinitespire:Beetle Shell","hubris:ToyBattleship","HandDrill","ClockworkSouvenir","Singing Bowl","Peace Pipe","Runic Dome","Oddly Smooth Stone","Chemical X","StoneCalendar","Simple Rune","Nunchaku","Pear","aspiration:Lifesprig","OrangePellets","hubris:ScarierMask","infinitespire:EmpoweringShard","Sling","Bag of Preparation","Onion Ring","Medical Kit","TungstenRod","Potion Belt"],"acts_visited":["Exordium","TheCity","TheBeyond"],"potions_floor_usage":[8,16,16,16,33,33,33,33,50,50,50,50],"damage_taken":[{"damage":0,"enemies":"Small Slimes","floor":2,"turns":3},{"damage":3,"enemies":"Cultist","floor":3,"turns":3},{"damage":1,"enemies":"Jaw Worm","floor":4,"turns":3},{"damage":0,"enemies":"downfall:FleeingMerchant","floor":5,"turns":4},{"damage":10,"enemies":"Exordium Thugs","floor":8,"turns":3},{"damage":15,"enemies":"downfall:FleeingMerchant","floor":10,"turns":4},{"damage":15,"enemies":"downfall:FleeingMerchant","floor":12,"turns":4},{"damage":16,"enemies":"Large Slime","floor":14,"turns":3},{"damage":13,"enemies":"Gremlin Gang","floor":15,"turns":3},{"damage":3,"enemies":"DF_ARCHETYPE_STREAMLINE","floor":16,"turns":3},{"damage":0,"enemies":"Shell Parasite","floor":19,"turns":2},{"damage":0,"enemies":"Chosen","floor":21,"turns":2},{"damage":9,"enemies":"Centurion and Healer","floor":23,"turns":6},{"damage":3,"enemies":"Shelled Parasite and Fungi","floor":26,"turns":2},{"damage":3,"enemies":"3 Cultists","floor":27,"turns":4},{"damage":10,"enemies":"Snake Plant","floor":31,"turns":3},{"damage":8,"enemies":"Centurion and Healer","floor":32,"turns":4},{"damage":0,"enemies":"SI_MIRROR_ARCHETYPE","floor":33,"turns":5},{"damage":6,"enemies":"3 Darklings","floor":36,"turns":3},{"damage":22,"enemies":"Orb Walker","floor":38,"turns":4},{"damage":5,"enemies":"Sphere and 2 Shapes","floor":39,"turns":3},{"damage":10,"enemies":"Transient","floor":42,"turns":5},{"damage":16,"enemies":"3 Darklings","floor":43,"turns":4},{"damage":0,"enemies":"Writhing Mass","floor":44,"turns":3},{"damage":16,"enemies":"Spire Growth","floor":47,"turns":4},{"damage":28,"enemies":"Jaw Worm Horde","floor":49,"turns":4},{"damage":2,"enemies":"IC_BLOCK_ARCHETYPE","floor":50,"turns":5}],"seed_played":"6054082556094056291","potions_obtained":[{"floor":3,"key":"SteroidPotion"},{"floor":4,"key":"hexamod:SoulburnPotion"},{"floor":14,"key":"Block Potion"},{"floor":15,"key":"DistilledChaos"},{"floor":16,"key":"Milkshake"},{"floor":27,"key":"EssenceOfSteel"},{"floor":42,"key":"LiquidMemories"},{"floor":43,"key":"Energy Potion"}],"is_trial":false,"path_per_floor":["R","M","M","M","$","?","T","M","R","$","R","$","?","M","M","B",null,"R","M","$","M","?","M","T","$","M","M","R","?","?","M","M","B",null,"R","M","?","M","M","$","T","M","M","M","$","R","M","?","M","B",null],"character_chosen":"SLIMEBOUND","items_purchased":["aspiration:FetidBarrel","Slimebound:LeechEnergy","Mayhem","War Paint","hubris:EmptyBottle","infinitespire:Beetle Shell","hubris:ToyBattleship","HandDrill","Slimebound:SplitMire","Slimebound:Prepare","Slimebound:LeechEnergy","Metamorphosis","ClockworkSouvenir","Singing Bowl","Peace Pipe","Slimebound:DouseInSlime","expansioncontent:StudyTheSpire","Discovery","Chemical X","StoneCalendar","Simple Rune","Slimebound:SplitMire","Slimebound:LevelUp","Slimebound:WasteNot","Slimebound:SlimeBarrage+1","Slimebound:ComboTackle","Pear","aspiration:Lifesprig","OrangePellets","Slimebound:LevelUp","Slimebound:Repurpose","Slimebound:FirmFortitude","Slimebound:Equalize","Slimebound:PressTheAttack","Sling","Bag of Preparation","Slimebound:Schlurp","Slimebound:GrowthPunch","Medical Kit","TungstenRod","Potion Belt","Slimebound:RainOfGoop","Slimebound:SplitLeeching","Slimebound:GrowthPunch","expansioncontent:StudyTheSpire+1"],"campfire_rested":0,"item_purchase_floors":[5,5,5,5,5,10,10,10,10,10,10,10,12,12,12,12,12,12,20,20,20,20,20,20,20,20,25,25,25,25,25,25,25,25,40,40,40,40,45,45,45,45,45,45,45],"current_hp_per_floor":[132,132,131,132,132,132,132,126,126,119,119,112,112,98,89,94,132,132,132,132,132,132,129,129,139,139,138,138,138,138,134,130,142,142,142,140,140,122,121,121,121,127,113,129,129,129,121,88,66,76],"gold":3834,"neow_bonus":"TEN_PERCENT_HP_BONUS","is_daily":false,"chose_seed":false,"campfire_upgraded":5,"win_rate":0.0,"timestamp":1611606819,"path_taken":["R","M","M","M","$","?","T","M","R","$","R","?","?","M","M","BOSS","R","M","$","M","?","M","T","$","M","?","R","?","?","?","M","BOSS","R","M","?","M","M","$","T","M","M","M","$","R","M","?","M","BOSS"],"items_purchased_type":["Relic","Card","Card","Relic","Relic","Relic","Relic","Relic","Card","Card","Card","Card","Relic","Relic","Relic","Card","Card","Card","Relic","Relic","Relic","Card","Card","Card","Card","Card","Relic","Relic","Relic","Card","Card","Card","Card","Card","Relic","Relic","Card","Card","Relic","Relic","Relic","Card","Card","Card","Card"],"build_version":"2020-12-22","purchased_purges":7,"victory":true,"max_hp_per_floor":[132,132,132,132,132,132,132,132,132,132,132,132,132,132,132,132,132,132,132,132,132,132,132,132,142,142,142,142,142,142,142,142,142,142,142,142,142,142,142,142,142,142,142,142,142,142,142,142,142,142],"card_choices":[{"not_picked":["Slimebound:Grow","Slimebound:LivingWall"],"picked":"Slimebound:Schlurp","floor":2},{"not_picked":["Slimebound:RollThrough","Slimebound:LeechingTouch"],"picked":"Slimebound:Prepare","floor":3},{"not_picked":["Slimebound:LivingWall","Slimebound:Replication"],"picked":"Slimebound:SamplingLick","floor":4},{"not_picked":["Slimebound:ComboTackle","Slimebound:SlimeSlap"],"picked":"Slimebound:SlimeTap","floor":5},{"not_picked":["Slimebound:LivingWall","Slimebound:LeechingTouch"],"picked":"Slimebound:ViciousTackle","floor":8},{"not_picked":["Slimebound:GoopTackle","Slimebound:SlimeSpikes"],"picked":"Slimebound:SplitBruiser","floor":10},{"not_picked":["Slimebound:Chomp","Slimebound:SplitBruiser"],"picked":"Slimebound:SpikyOuterGoop","floor":12},{"not_picked":["Slimebound:BestDefense","Slimebound:LeechingTouch"],"picked":"Slimebound:Prepare","floor":14},{"not_picked":["Slimebound:SamplingLick","Slimebound:FinishingTackle"],"picked":"Slimebound:RejuvenatingLick","floor":15},{"not_picked":["Slimebound:PrepareCrush","Slimebound:MinionMaster"],"picked":"Slimebound:WasteNot","floor":16},{"not_picked":["Slimebound:ComboTackle+1","Slimebound:ForwardTackle"],"picked":"Slimebound:SamplingLick","floor":19},{"not_picked":["Slimebound:FormOfPuddle","Slimebound:PressTheAttack"],"picked":"Slimebound:ItLooksTasty","floor":21},{"not_picked":["Slimebound:ViciousTackle","Slimebound:SplitBruiser+1"],"picked":"Slimebound:SlimeBrawl","floor":23},{"not_picked":["Slimebound:TongueLash","Slimebound:Schlurp"],"picked":"Slimebound:HauntingLick+1","floor":26},{"not_picked":["Slimebound:RainOfGoop","Slimebound:SplitAcid"],"picked":"Slimebound:Gluttony+1","floor":27},{"not_picked":["Slimebound:SplitBruiser","Slimebound:LeechingTouch"],"picked":"Slimebound:Repurpose+1","floor":31},{"not_picked":["Slimebound:SplitBruiser","Slimebound:ComboTackle"],"picked":"Slimebound:SlimeTap","floor":32},{"not_picked":["Slimebound:LeechLife","Slimebound:FirmFortitude"],"picked":"Slimebound:MinionMaster","floor":33},{"not_picked":["Slimebound:GoopTackle+1","Slimebound:SplitLeeching"],"picked":"Slimebound:SlimeBarrage+1","floor":36},{"not_picked":["Slimebound:GoopSpray","Slimebound:Chomp+1"],"picked":"Slimebound:Overexert","floor":38},{"not_picked":["Slimebound:Prepare+1","Slimebound:FormOfPuddle"],"picked":"Slimebound:GoopSpray","floor":39},{"not_picked":["Slimebound:SplitMire","Slimebound:SplitBruiser+1"],"picked":"Slimebound:Prepare","floor":42},{"not_picked":["Slimebound:Prepare+1","Slimebound:BestDefense"],"picked":"Slimebound:SamplingLick+1","floor":43},{"not_picked":["Slimebound:FormOfPuddle+1","Slimebound:SplitMire"],"picked":"Slimebound:LeechEnergy+1","floor":44},{"not_picked":["Slimebound:SplitLeeching+1","Slimebound:FlameTackle+1"],"picked":"Slimebound:SamplingLick+1","floor":47},{"not_picked":["hubris:InfiniteBlow","infinitespire:UltimateForm"],"picked":"ReplayTheSpireMod:Book of Names","floor":48},{"not_picked":["Slimebound:ViciousTackle","Slimebound:SpikyOuterGoop"],"picked":"Slimebound:SplitAcid","floor":49}],"player_experience":149105,"relics_obtained":[{"floor":7,"key":"Chameleon Ring"},{"floor":18,"key":"Oddly Smooth Stone"},{"floor":24,"key":"Nunchaku"},{"floor":35,"key":"infinitespire:EmpoweringShard"},{"floor":41,"key":"Onion Ring"}],"event_choices":[{"cards_removed":["Slimebound:Strike_Slimebound"],"damage_healed":0,"gold_gain":0,"player_choice":"Card Removal","damage_taken":0,"max_hp_gain":0,"max_hp_loss":0,"event_name":"The Cleric","floor":13,"gold_loss":0},{"damage_healed":0,"gold_gain":0,"player_choice":"Read","damage_taken":0,"max_hp_gain":0,"max_hp_loss":0,"event_name":"The Library","floor":22,"gold_loss":0,"cards_obtained":["Slimebound:Gluttony"]}],"is_beta":false,"boss_relics":[{"not_picked":["aspiration:WatcherSkillbook","hubris:Stopwatch"],"picked":"Runic Dome"},{"not_picked":["Replay:Drink Me","aspiration:RitualDagger"],"picked":"hubris:ScarierMask"}],"items_purged_floors":[5,10,12,20,25,40,45],"is_endless":false,"potions_floor_spawned":[3,4,14,15,16,27,32,42,43,44],"ascension_level":0}}