{"host":"3zb3nk4wvq0dtbuh","time":1611583886,"event":{"mods":["AchievementEnabler","BaseMod","Lobotomy","Minty Spire (QoL Compilation)","Quick Restart","StSLib","SuperFastMode","The Blackbeard"],"gold_per_floor":[363,376,393,393,407,407,204,204,227,227,227,227,57,71,71,175,175,186,0,0,15,32,32,46,62,62,62,62,72,84,39,39,144,144,163,163,174,274,289,289,308,308,308,308,328,328,328,347,347,347,347],"floor_reached":50,"language":"ZHS","playtime":1193,"items_purged":["Strike_R","Strike_R"],"score":486,"play_id":"e2fe5fe4-3006-4cd7-b7ac-b08052e4fa51","local_time":"20210125221126","is_ascension_mode":false,"campfire_choices":[{"data":"Shrug It Off","floor":6.0,"key":"SMITH"},{"data":"Shrug It Off","floor":8.0,"key":"SMITH"},{"data":"Metallicize","floor":10.0,"key":"SMITH"},{"data":"Uppercut","floor":15.0,"key":"SMITH"},{"data":"Clash","floor":23.0,"key":"SMITH"},{"data":"Clash","floor":32.0,"key":"SMITH"},{"data":"Clash","floor":40.0,"key":"SMITH"},{"floor":47.0,"key":"REST"},{"floor":49.0,"key":"REST"}],"circlet_count":0,"master_deck":["Defend_R","Defend_R","Defend_R","Defend_R","Bash","Clash","Clash+1","Shrug It Off+1","Uppercut+1","Metallicize+1","Clash+1","Shrug It Off+1","Sever Soul","Clash+1","Sentinel+1","Armaments+1","Offering","Clash","Intimidate","Shrug It Off","Rage+1","Second Wind","True Grit+1","Clash","Doubt"],"relics":["Burning Blood"],"acts_visited":["Exordium","TheCity","TheBeyond"],"potions_floor_usage":[50,50],"damage_taken":[{"damage":4.0,"enemies":"Cultist","floor":1.0,"turns":4.0},{"damage":3.0,"enemies":"Jaw Worm","floor":2.0,"turns":3.0},{"damage":0.0,"enemies":"2 Louse","floor":3.0,"turns":2.0},{"damage":2.0,"enemies":"Blue Slaver","floor":5.0,"turns":3.0},{"damage":2.0,"enemies":"Large Slime","floor":14.0,"turns":6.0},{"damage":17.0,"enemies":"The Guardian","floor":16.0,"turns":9.0},{"damage":10.0,"enemies":"2 Thieves","floor":18.0,"turns":4.0},{"damage":1.0,"enemies":"Shell Parasite","floor":21.0,"turns":8.0},{"damage":0.0,"enemies":"Snake Plant","floor":22.0,"turns":4.0},{"damage":6.0,"enemies":"3 Cultists","floor":24.0,"turns":5.0},{"damage":6.0,"enemies":"Centurion and Healer","floor":25.0,"turns":5.0},{"damage":16.0,"enemies":"Sentry and Sphere","floor":29.0,"turns":4.0},{"damage":10.0,"enemies":"3 Cultists","floor":30.0,"turns":5.0},{"damage":55.0,"enemies":"Automaton","floor":33.0,"turns":12.0},{"damage":6.0,"enemies":"Orb Walker","floor":35.0,"turns":1.0},{"damage":8.0,"enemies":"3 Shapes","floor":37.0,"turns":8.0},{"damage":28.0,"enemies":"Writhing Mass","floor":39.0,"turns":6.0},{"damage":23.0,"enemies":"3 Darklings","floor":41.0,"turns":8.0},{"damage":52.0,"enemies":"Spire Growth","floor":45.0,"turns":7.0},{"damage":57.0,"enemies":"4 Shapes","floor":48.0,"turns":10.0},{"damage":7,"enemies":"Time Eater","floor":50,"turns":3}],"seed_played":"-5047552496130250219","potions_obtained":[{"floor":1.0,"key":"CultistPotion"},{"floor":3.0,"key":"DuplicationPotion"},{"floor":14.0,"key":"FearPotion"},{"floor":24.0,"key":"DistilledChaos"},{"floor":35.0,"key":"LiquidMemories"}],"is_trial":false,"path_per_floor":["M","M","M","T","M","R","$","R","T","R","?","?","$","M","R","B",null,"M","?","?","M","M","R","M","M","T","$","?","M","M","$","R","B",null,"M","?","M","?","M","R","M","?","T","?","M","?","R","M","R","B"],"character_chosen":"IRONCLAD","items_purchased":["Metallicize","Clash","Shrug It Off","Sever Soul","Shrug It Off"],"campfire_rested":2,"item_purchase_floors":[7,7,7,13,31],"current_hp_per_floor":[58,61,67,67,71,71,71,71,71,71,71,64,64,68,68,57,80,76,76,76,80,80,80,80,80,80,80,80,70,66,66,66,17,80,80,80,78,78,56,56,39,39,39,80,34,34,58,7,31,24,24],"gold":347,"neow_bonus":"TWO_FIFTY_GOLD","is_daily":false,"chose_seed":false,"campfire_upgraded":7,"win_rate":0.0,"timestamp":1611583886,"path_taken":["M","M","M","?","?","R","$","R","T","R","?","?","?","M","R","BOSS","M","?","?","M","M","R","M","?","T","?","?","M","M","$","R","BOSS","M","?","M","?","?","R","M","?","T","?","M","?","R","M","R","BOSS"],"items_purchased_type":["Card","Card","Card","Card","Card"],"build_version":"2020-12-22","purchased_purges":2,"victory":false,"max_hp_per_floor":[80,80,80,80,80,80,80,80,80,80,80,80,80,80,80,80,80,80,80,80,80,80,80,80,80,80,80,80,80,80,80,80,80,80,80,80,80,80,80,80,80,80,80,80,80,80,80,80,80,80,80],"card_choices":[{"not_picked":["Uppercut","Entrench"],"picked":"Clash","floor":1.0},{"not_picked":["Pommel Strike","Spot Weakness"],"picked":"Clash","floor":2.0},{"not_picked":["Power Through","Bloodletting"],"picked":"Shrug It Off","floor":3.0},{"not_picked":["Armaments","Cleave"],"picked":"Uppercut","floor":5.0},{"not_picked":["Seeing Red","Headbutt"],"picked":"Clash","floor":14.0},{"not_picked":["Perfected Strike","Havoc"],"picked":"Sentinel+1","floor":18.0},{"not_picked":["True Grit","Feel No Pain"],"picked":"Armaments+1","floor":21.0},{"not_picked":["Body Slam","Warcry"],"picked":"Offering","floor":22.0},{"not_picked":["Disarm","Cleave"],"picked":"Clash","floor":24.0},{"not_picked":["Clash+1","Dual Wield+1"],"picked":"Thunderclap","floor":25.0},{"not_picked":["Flex","Wild Strike"],"picked":"Intimidate","floor":29.0},{"not_picked":["Double Tap","Anger","Headbutt"],"picked":"SKIP","floor":30.0},{"not_picked":["Clothesline","Warcry"],"picked":"Rage+1","floor":35.0},{"not_picked":["Pommel Strike","Shockwave"],"picked":"Second Wind","floor":37.0},{"not_picked":["Wild Strike+1","Cleave+1"],"picked":"True Grit+1","floor":39.0},{"not_picked":["Ghostly Armor","Warcry"],"picked":"Clash","floor":41.0},{"not_picked":["Warcry","Thunderclap","Second Wind"],"picked":"SKIP","floor":45.0},{"not_picked":["Sword Boomerang","Heavy Blade+1","Iron Wave"],"picked":"SKIP","floor":48.0}],"player_experience":24456,"relics_obtained":[],"event_choices":[{"cards_removed":["Strike_R"],"damage_healed":0.0,"max_hp_gain":0.0,"max_hp_loss":0.0,"gold_gain":0.0,"event_name":"Living Wall","player_choice":"Forget","floor":11.0,"gold_loss":0.0,"damage_taken":0.0},{"cards_removed":["Strike_R"],"damage_healed":0.0,"max_hp_gain":0.0,"max_hp_loss":0.0,"gold_gain":0.0,"event_name":"Golden Wing","player_choice":"Card Removal","floor":12.0,"gold_loss":0.0,"damage_taken":7.0},{"damage_healed":0.0,"max_hp_gain":0.0,"max_hp_loss":0.0,"gold_gain":0.0,"event_name":"Masked Bandits","player_choice":"Paid Fearfully","floor":19.0,"gold_loss":186.0,"damage_taken":0.0},{"cards_removed":["Strike_R"],"damage_healed":0.0,"max_hp_gain":0.0,"max_hp_loss":0.0,"gold_gain":0.0,"event_name":"Purifier","player_choice":"Purged","floor":20.0,"gold_loss":0.0,"damage_taken":0.0},{"damage_healed":0.0,"max_hp_gain":0.0,"max_hp_loss":0.0,"gold_gain":0.0,"event_name":"Ghosts","player_choice":"Ignored","floor":28.0,"gold_loss":0.0,"damage_taken":0.0},{"cards_removed":["Thunderclap"],"damage_healed":0.0,"max_hp_gain":0.0,"max_hp_loss":0.0,"gold_gain":0.0,"event_name":"Falling","player_choice":"Removed Attack","floor":36.0,"gold_loss":0.0,"damage_taken":0.0},{"damage_healed":0.0,"max_hp_gain":0.0,"max_hp_loss":0.0,"gold_gain":100.0,"event_name":"Golden Shrine","player_choice":"Pray","floor":38.0,"gold_loss":0.0,"damage_taken":0.0},{"damage_healed":0.0,"max_hp_gain":0.0,"max_hp_loss":0.0,"gold_gain":0.0,"event_name":"SensoryStone","player_choice":"Memory 1","floor":42.0,"gold_loss":0.0,"damage_taken":0.0},{"damage_healed":41.0,"max_hp_gain":0.0,"max_hp_loss":0.0,"gold_gain":0.0,"event_name":"MindBloom","player_choice":"Heal","floor":44.0,"gold_loss":0.0,"damage_taken":0.0,"cards_obtained":["Doubt"]},{"damage_healed":0.0,"max_hp_gain":0.0,"max_hp_loss":0.0,"gold_gain":0.0,"event_name":"Tomb of Lord Red Mask","player_choice":"Ignored","floor":46.0,"gold_loss":0.0,"damage_taken":0.0}],"is_beta":false,"boss_relics":[{"not_picked":[]},{"not_picked":["Mark of Pain","Black Star","Calling Bell"]}],"items_purged_floors":[7,13],"is_endless":false,"potions_floor_spawned":[1,3,14,22,24,25,33,35,41,45,48],"killed_by":"Time Eater","ascension_level":0}}