{"host":"21h5e52imz35vo8g","time":1611587302,"event":{"mods":["AchievementEnabler","BaseMod","Colored Map","Colored Powertips","Googly Eyes","Minty Spire (QoL Compilation)","Quick Restart","Rare Cards Sparkle","StSLib"],"gold_per_floor":[119,16,31,106,106,106,135,145,145,19,19,35,35,35,35,139,139,153,165,196,121,139,166,166,176,176,176,194,204,2,2,2,99,99,117,117,17,34,44,44,44,44,44],"floor_reached":42,"language":"ZHS","playtime":1938,"items_purged":["Defend_B","Strike_B","Strike_B"],"score":463,"play_id":"b2cc9592-be76-40a1-bede-ba18968bd3b9","local_time":"20210125230822","is_ascension_mode":true,"campfire_choices":[{"data":"Hologram","floor":6.0,"key":"SMITH"},{"data":"Zap","floor":15.0,"key":"SMITH"},{"data":"Electrodynamics","floor":24,"key":"SMITH"},{"data":"Storm","floor":27,"key":"SMITH"},{"data":"Loop","floor":32,"key":"SMITH"},{"data":"Creative AI","floor":40,"key":"SMITH"}],"circlet_count":0,"master_deck":["Strike_B+1","Defend_B","Defend_B","Zap+1","Dualcast","Hologram+1","Conserve Battery+1","Self Repair+1","Conserve Battery+1","Storm+1","Reboot+1","Electrodynamics+1","Leap+1","Buffer","Self Repair","Genetic Algorithm+1","Static Discharge","Rebound+1","Self Repair","Loop+1","Shame","Creative AI+1","Leap+1"],"relics":["Cracked Core","NeowsBlessing","Toxic Egg 2","The Courier","Runic Pyramid","Red Mask","Ancient Tea Set","InkBottle","Kunai","Nuclear Battery"],"acts_visited":["Exordium","TheCity","TheBeyond"],"potions_floor_usage":[18,20,23,33,33,42],"damage_taken":[{"damage":0.0,"enemies":"2 Louse","floor":1.0,"turns":1.0},{"damage":0.0,"enemies":"Jaw Worm","floor":3.0,"turns":1.0},{"damage":0.0,"enemies":"3 Sentries","floor":7.0,"turns":1.0},{"damage":0.0,"enemies":"Cultist","floor":8.0,"turns":5.0},{"damage":1.0,"enemies":"2 Fungi Beasts","floor":12.0,"turns":3.0},{"damage":35,"enemies":"Slime Boss","floor":16,"turns":10},{"damage":30,"enemies":"2 Thieves","floor":18,"turns":3},{"damage":2,"enemies":"Shell Parasite","floor":19,"turns":6},{"damage":19,"enemies":"Masked Bandits","floor":20,"turns":4},{"damage":11,"enemies":"Centurion and Healer","floor":22,"turns":4},{"damage":21,"enemies":"Gremlin Leader","floor":23,"turns":7},{"damage":0,"enemies":"Chosen and Byrds","floor":25,"turns":3},{"damage":14,"enemies":"Snecko","floor":28,"turns":5},{"damage":7,"enemies":"Snake Plant","floor":29,"turns":3},{"damage":53,"enemies":"Champ","floor":33,"turns":11},{"damage":16,"enemies":"3 Darklings","floor":35,"turns":2},{"damage":0,"enemies":"3 Shapes","floor":38,"turns":4},{"damage":26,"enemies":"3 Darklings","floor":39,"turns":3},{"damage":90,"enemies":"Giant Head","floor":42,"turns":9}],"seed_played":"2455279335145277694","potions_obtained":[{"floor":3.0,"key":"GamblersBrew"},{"floor":8.0,"key":"SkillPotion"},{"floor":12.0,"key":"Ancient Potion"},{"floor":14.0,"key":"DuplicationPotion"},{"floor":14.0,"key":"AttackPotion"},{"floor":14.0,"key":"PotionOfCapacity"},{"floor":18,"key":"EssenceOfSteel"},{"floor":25,"key":"FearPotion"},{"floor":29,"key":"Explosive Potion"},{"floor":35,"key":"Weak Potion"}],"is_trial":false,"path_per_floor":["M","$","M","?","?","R","E","M","T","$","?","M","?","?","R","B",null,"M","M","?","?","M","E","R","M","T","R","M","M","$","?","R","B",null,"M","?","$","M","M","R","?","E"],"character_chosen":"DEFECT","items_purchased":["Conserve Battery","Self Repair","Storm","Self Repair","Loop"],"campfire_rested":0,"item_purchase_floors":[2,2,10,30,30],"current_hp_per_floor":[75,75,75,64,49,49,49,56,56,56,56,65,65,65,65,40,75,55,63,54,54,53,42,42,59,59,59,62,62,62,62,62,33,75,69,69,69,75,66,66,66,0,0],"gold":44,"neow_bonus":"THREE_ENEMY_KILL","is_daily":false,"chose_seed":false,"campfire_upgraded":6,"win_rate":0.0,"timestamp":1611587302,"path_taken":["M","$","M","?","?","R","E","M","T","$","?","?","?","?","R","BOSS","M","?","?","?","M","E","R","M","T","R","M","M","$","?","R","BOSS","M","?","$","M","M","R","?","E"],"items_purchased_type":["Card","Card","Card","Card","Card"],"build_version":"2020-12-22","purchased_purges":3,"victory":false,"max_hp_per_floor":[75,75,75,75,75,75,75,75,75,75,75,75,75,75,75,75,75,75,75,75,75,75,75,75,75,75,75,75,75,75,75,75,75,75,75,75,75,75,75,75,75,75,75],"card_choices":[{"not_picked":["Cold Snap","Ball Lightning"],"picked":"Hologram","floor":1.0},{"not_picked":["Leap","Sweeping Beam","Tempest"],"picked":"SKIP","floor":3.0},{"not_picked":["Go for the Eyes","Turbo+1","Rip and Tear"],"picked":"SKIP","floor":7.0},{"not_picked":["Redo+1","Steam+1"],"picked":"Conserve Battery+1","floor":8.0},{"not_picked":["BootSequence+1","Redo+1"],"picked":"Reboot+1","floor":12.0},{"not_picked":["Core Surge","Thunder Strike"],"picked":"Electrodynamics","floor":16},{"not_picked":["Ball Lightning","Hologram+1","Consume+1"],"picked":"SKIP","floor":18},{"not_picked":["Reprogram+1","Beam Cell","Streamline"],"picked":"SKIP","floor":19},{"not_picked":["Gash","Coolheaded+1"],"picked":"Leap+1","floor":20},{"not_picked":["Ball Lightning+1","Turbo+1"],"picked":"Buffer","floor":22},{"not_picked":["Melter","Consume+1"],"picked":"Self Repair","floor":23},{"not_picked":["Streamline","Sunder"],"picked":"Genetic Algorithm+1","floor":25},{"not_picked":["Auto Shields+1","Cold Snap"],"picked":"Static Discharge","floor":28},{"not_picked":["Turbo+1","Reprogram+1"],"picked":"Rebound+1","floor":29},{"not_picked":["Thunder Strike","Fission+1"],"picked":"Creative AI","floor":33},{"not_picked":["Scrape","Rip and Tear"],"picked":"Leap+1","floor":35},{"not_picked":["Steam+1","Coolheaded+1","Rebound"],"picked":"SKIP","floor":38},{"not_picked":["Turbo+1","Rebound","Leap+1"],"picked":"SKIP","floor":39}],"player_experience":340783,"relics_obtained":[{"floor":7.0,"key":"Toxic Egg 2"},{"floor":9.0,"key":"The Courier"},{"floor":20,"key":"Red Mask"},{"floor":23,"key":"Ancient Tea Set"},{"floor":26,"key":"InkBottle"}],"event_choices":[{"damage_healed":0.0,"max_hp_gain":0.0,"max_hp_loss":0.0,"gold_gain":75.0,"event_name":"World of Goop","player_choice":"Gather Gold","floor":4.0,"gold_loss":0.0,"damage_taken":11.0},{"damage_healed":0.0,"max_hp_gain":0.0,"max_hp_loss":0.0,"gold_gain":0.0,"event_name":"Shining Light","player_choice":"Entered Light","floor":5.0,"gold_loss":0.0,"damage_taken":15.0,"cards_upgraded":["Strike_B","Conserve Battery"]},{"damage_healed":0.0,"max_hp_gain":0.0,"max_hp_loss":0.0,"gold_gain":0.0,"event_name":"Accursed Blacksmith","player_choice":"Forge","floor":11.0,"gold_loss":0.0,"damage_taken":0.0,"cards_upgraded":["Self Repair"]},{"damage_healed":0.0,"max_hp_gain":0.0,"max_hp_loss":0.0,"gold_gain":0.0,"event_name":"The Cleric","player_choice":"Leave","floor":13.0,"gold_loss":0.0,"damage_taken":0.0},{"damage_healed":0.0,"max_hp_gain":0.0,"max_hp_loss":0.0,"gold_gain":0.0,"event_name":"Lab","player_choice":"Got Potions","floor":14.0,"gold_loss":0.0,"damage_taken":0.0},{"damage_healed":0,"gold_gain":0,"player_choice":"Fought Bandits","damage_taken":0,"max_hp_gain":0,"max_hp_loss":0,"event_name":"Masked Bandits","floor":20,"gold_loss":0},{"cards_removed":["Defend_B"],"damage_healed":0,"gold_gain":0,"player_choice":"Gave Gold","damage_taken":0,"max_hp_gain":0,"max_hp_loss":0,"event_name":"Beggar","floor":21,"gold_loss":75},{"damage_healed":0,"gold_gain":0,"player_choice":"Stole Relic","damage_taken":0,"relics_obtained":["Kunai"],"max_hp_gain":0,"max_hp_loss":0,"event_name":"Addict","floor":31,"gold_loss":0,"cards_obtained":["Shame"]},{"damage_healed":0,"gold_gain":0,"player_choice":"Memory 1","damage_taken":0,"max_hp_gain":0,"max_hp_loss":0,"event_name":"SensoryStone","floor":36,"gold_loss":0},{"cards_removed":["Strike_B"],"damage_healed":0,"gold_gain":0,"player_choice":"Removed Attack","damage_taken":0,"max_hp_gain":0,"max_hp_loss":0,"event_name":"Falling","floor":41,"gold_loss":0}],"is_beta":false,"boss_relics":[{"not_picked":["Coffee Dripper","SacredBark"],"picked":"Runic Pyramid"},{"not_picked":["Snecko Eye","Calling Bell"],"picked":"Nuclear Battery"}],"items_purged_floors":[10,30,37],"is_endless":false,"potions_floor_spawned":[3,8,12,18,25,29,35],"killed_by":"Giant Head","ascension_level":1}}