{"host":"44ptf306keujqm0c","time":1611581206,"event":{"mods":["Act Like it!","Ascension Reborn","Bard","BaseMod","Better Vampires","Challenge The Spire","Chen","Decade(王小明)","Gensokyo","Gremlin Mod","GungeonMod","Highlight Path","Hunter 猎人","Jedi Mod","KinomotoSakuraMod(木之本樱)","Koishi","LagranYue(拉格朗・月)","Luminous","Mari Mod (Legacy)","Mari\u0027s V1 Patch","Marisa（F雨　魔理沙）","Marked Mod","Minty Spire (QoL Compilation)","MostiFishMod","Pale of the Ancients","Relic Stats","Remilia（蕾米莉亚）","Replay The Spire","Shop Mod","StSLib","Td1madao Mod","The Administrix","The Alterego","The Animator","The Bladedancer","The Bug Knight","The Construct","The Cursed","The Gatherer","The Hierophant","The IronCluck","The Jungle","The Mystic","The Poker Player","The Runesmith","The Saiyan","The Senshi","The Servant 0.9.4","UnlockEverythingMod","Waifu the Spire","WarShipGirlsR/战舰少女R mod","Warlord Emblem","Youmu（魂魄妖梦）","Yuri Mod","[IsaacMod]以撒尖塔"],"gold_per_floor":[137,160,160,167,167,167,196,203,203,51,97,143,185,185,185,319,319,362,419,488,506,509,509,509,576,576,576,576,169,186,186,215,65,65,121,121],"floor_reached":35,"language":"ZHS","playtime":6491,"items_purged":["Strike_R","Defend_R","Strike_R"],"score":269,"play_id":"b87b471b-d2f4-4219-b208-65a731234703","local_time":"20210125212646","daily_mods":["Diverse"],"is_ascension_mode":false,"campfire_choices":[{"data":"Bash","floor":6,"key":"SMITH"},{"data":"Bloody Giant","floor":15,"key":"SMITH"},{"data":"rmod:acesubmarine","floor":23,"key":"SMITH"},{"data":"Provocative","floor":34,"key":"SMITH"}],"circlet_count":0,"master_deck":["Strike_R","Strike_R","Strike_R","Defend_R","Defend_R","Defend_R","Bash+1","hierophant:Doubloon","TimeWarp","Clumsy","Provocative+1","Bloody Giant+1","AdministrixMod:ImmortalPurity","TwoHundredYojanaInOneSlash","Tantrum","DemoMod:DarkMarker","FlashingScatteredFlowers","rmod:acesubmarine+1","MariMod:Mari_Self_Care","Saiyan:FingerParry+1","blademaster:LeechingStrike+1","Heal Wind+1","MariMod:Mari_Lock_On+1","Gensokyo:TekeTeke","Gatherer:Transmute+1","Koishi:FadingMemory+1"],"relics":["Burning Blood","DaveBox","HushsDoor","MostiFishMod:Haymaker","SalivaCoin","LagranYue:RandomDrawCardRelic","Gensokyo:PortableGap","Pear","Gensokyo:NagashiBinaDoll","Snack Pack","DemoMod:MonsterBlood","DemoMod:WaxWing","ReplayTheSpireMod:Shallot","jedi:arcanewood","construct:FoamFinger","HollowMod:StagPassRelic","StrikeDummy","BrkXgEgg"],"acts_visited":["Gensokyo:Gensokyo","Gensokyo:Gensokyoer"],"potions_floor_usage":[20,35,35,35],"damage_taken":[{"damage":13,"enemies":"Gensokyo:Gryphon","floor":1,"turns":4},{"damage":0,"enemies":"Gensokyo:3_Fairies","floor":2,"turns":3},{"damage":5,"enemies":"Gensokyo:Python","floor":7,"turns":3},{"damage":7,"enemies":"Gensokyo:2_Rabbits","floor":11,"turns":4},{"damage":7,"enemies":"Gensokyo:Python_and_Kodama","floor":12,"turns":5},{"damage":10,"enemies":"Gensokyo:CorruptedTreant","floor":13,"turns":4},{"damage":19,"enemies":"Gensokyo:Kokoro","floor":16,"turns":6},{"damage":20,"enemies":"Gensokyo:AngelMirror","floor":18,"turns":4},{"damage":25,"enemies":"Gensokyo:3_Dogs","floor":19,"turns":3},{"damage":14,"enemies":"Hiden Room Battle","floor":20,"turns":5},{"damage":0,"enemies":"Gensokyo:Wraith","floor":21,"turns":4},{"damage":0,"enemies":"Gensokyo:Slime_Group","floor":22,"turns":4},{"damage":46,"enemies":"Gensokyo:Koishi","floor":25,"turns":5},{"damage":0,"enemies":"Gensokyo:Swordslinger","floor":30,"turns":3},{"damage":27,"enemies":"Gensokyo:Chomper_and_Gloop","floor":32,"turns":4},{"damage":87,"enemies":"Gensokyo:Kaguya","floor":35,"turns":9}],"seed_played":"-8680325815116084305","potions_obtained":[{"floor":2,"key":"BloodPotion"},{"floor":7,"key":"EssenceOfSteel"},{"floor":19,"key":"SpeedPotion"},{"floor":20,"key":"Languid Potion"},{"floor":30,"key":"DistilledChaos"}],"is_trial":true,"path_per_floor":["M","M","?","?","?","R","M","?","T","$","M","M","M","?","R","B",null,"M","M","?","M","M","R","T","E","T","PTL","PTL","$","M","?","M","$","R","B"],"character_chosen":"IRONCLAD","items_purchased":["Bloody Giant","BrkXgEgg","MariMod:Mari_Lock_On+1","Koishi:FadingMemory+1"],"campfire_rested":0,"item_purchase_floors":[10,29,29,33],"current_hp_per_floor":[73,79,69,64,64,64,65,50,57,57,62,69,67,67,67,60,78,74,61,58,72,78,78,78,38,38,38,38,38,49,49,44,44,44,0,0],"gold":121,"neow_bonus":"","is_daily":false,"chose_seed":false,"campfire_upgraded":4,"win_rate":0.0,"timestamp":1611581206,"path_taken":["M","M","?","?","?","R","M","?","T","?","?","M","M","?","R","BOSS","M","?","?","M","?","R","?","E","T","PTL","PTL","$","?","?","?","$","R","BOSS"],"items_purchased_type":["Card","Relic","Card","Card"],"build_version":"2020-12-22","purchased_purges":3,"victory":false,"max_hp_per_floor":[80,80,69,79,79,79,76,76,83,83,83,83,83,83,83,83,78,78,78,78,78,78,78,78,78,78,78,78,78,78,71,71,71,71,71,71],"relic_stats":{"counters":[16,70],"obtain_stats":[{"KeepersGift":0,"Pear":4,"construct:FoamFinger":24,"DaveBox":0,"MostiFishMod:Haymaker":0,"LagranYue:RandomDrawCardRelic":0,"DemoMod:GlassGuonStoneRelic":2,"Gensokyo:NagashiBinaDoll":5,"BrkXgEgg":29,"Gensokyo:PortableGap":3,"HollowMod:StagPassRelic":25,"Burning Blood":0,"Frozen Eye":25,"ReplayTheSpireMod:Shallot":20,"DemoMod:MonsterBlood":9,"SalivaCoin":0,"Snack Pack":8,"DemoMod:WaxWing":17,"HushsDoor":0,"jedi:arcanewood":20,"StrikeDummy":26},{"KeepersGift":0,"Pear":2,"construct:FoamFinger":12,"DaveBox":0,"MostiFishMod:Haymaker":0,"LagranYue:RandomDrawCardRelic":0,"DemoMod:GlassGuonStoneRelic":2,"Gensokyo:NagashiBinaDoll":2,"BrkXgEgg":13,"Gensokyo:PortableGap":2,"HollowMod:StagPassRelic":13,"Burning Blood":0,"Frozen Eye":12,"ReplayTheSpireMod:Shallot":10,"DemoMod:MonsterBlood":3,"SalivaCoin":0,"Snack Pack":3,"DemoMod:WaxWing":7,"HushsDoor":0,"jedi:arcanewood":10,"StrikeDummy":13},{"KeepersGift":0,"Pear":7,"construct:FoamFinger":49,"DaveBox":0,"MostiFishMod:Haymaker":0,"LagranYue:RandomDrawCardRelic":0,"DemoMod:GlassGuonStoneRelic":7,"Gensokyo:NagashiBinaDoll":7,"BrkXgEgg":54,"Gensokyo:PortableGap":7,"HollowMod:StagPassRelic":54,"Burning Blood":0,"Frozen Eye":49,"ReplayTheSpireMod:Shallot":41,"DemoMod:MonsterBlood":10,"SalivaCoin":0,"Snack Pack":10,"DemoMod:WaxWing":29,"HushsDoor":0,"jedi:arcanewood":41,"StrikeDummy":54}],"Burning Blood":84},"card_choices":[{"not_picked":["Koishi:UnconsciousUprising","Swivel"],"picked":"hierophant:Doubloon","floor":1},{"not_picked":["AttackPoison_Giant","CutThroughFate"],"picked":"TimeWarp","floor":2},{"not_picked":["PathToVictory","AdministrixMod:WickedPunishment"],"picked":"Provocative","floor":7},{"not_picked":["ClearTheMind","blademaster:AwakeningDefend"],"picked":"AdministrixMod:ImmortalPurity","floor":11},{"not_picked":["hierophant:PassingBell","AdministrixMod:PlateOfAntiquity"],"picked":"TwoHundredYojanaInOneSlash","floor":12},{"not_picked":["MentalFortress","rmod:mineteam"],"picked":"Tantrum","floor":13},{"not_picked":["Combo Connect","Chen:Panic"],"picked":"DemoMod:DarkMarker","floor":14},{"not_picked":["DemoMod:PracticeMakesPerfect","rmod:sl"],"picked":"FlashingScatteredFlowers","floor":14},{"not_picked":["Chen:Possession","Brilliance"],"picked":"rmod:acesubmarine","floor":16},{"not_picked":["jedi:BurstLightning","FlurryOfBlows","construct:FocusedBeam"],"picked":"SKIP","floor":18},{"not_picked":["SilverBlades","hierophant:HammerAndAnvil"],"picked":"MariMod:Mari_Self_Care","floor":19},{"not_picked":["Gatherer:BambuSword","AdministrixMod:PassageOfAges+1"],"picked":"Saiyan:FingerParry+1","floor":21},{"not_picked":["hierophant:Dazzle+1","Koishi:ApparitionsStalkTheNight+1"],"picked":"blademaster:LeechingStrike+1","floor":22},{"not_picked":["Eviscerate","WarlordEmblem:UltimateCold"],"picked":"Heal Wind+1","floor":25},{"not_picked":["rmod:slowdown","mysticmod:ChargedParry","Unruled"],"picked":"SKIP","floor":30},{"not_picked":["Gensokyo:RedCapeBlueCape","Gensokyo:TurboGranny"],"picked":"Gensokyo:TekeTeke","floor":31},{"not_picked":["construct:Versatility+1","Defragment"],"picked":"Gatherer:Transmute+1","floor":32}],"player_experience":9007,"relics_obtained":[{"floor":9,"key":"DemoMod:MonsterBlood"},{"floor":20,"key":"ReplayTheSpireMod:Shallot"},{"floor":20,"key":"jedi:arcanewood"},{"floor":24,"key":"construct:FoamFinger"},{"floor":25,"key":"HollowMod:StagPassRelic"},{"floor":26,"key":"StrikeDummy"}],"event_choices":[{"damage_healed":0,"gold_gain":0,"player_choice":"Fight","damage_taken":0,"max_hp_gain":0,"max_hp_loss":0,"event_name":"HidenRoomEvent","floor":20,"gold_loss":0}],"is_beta":false,"boss_relics":[{"not_picked":["Cursed Key","Empty Cage"],"picked":"DemoMod:WaxWing"},{"not_picked":[]}],"items_purged_floors":[10,17,29],"is_endless":false,"potions_floor_spawned":[2,7,19,20,30,32],"killed_by":"Gensokyo:Kaguya","ascension_level":0}}