{"host":"nj4msrt0z6tj4wtb","time":1611600304,"event":{"mods":["AchievementEnabler","BaseMod","Colored Map","Colored Powertips","DeckTracker","Highlight Path","Minty Spire (QoL Compilation)","Quick Restart","Random Character Button","StSLib","SuperFastMode"],"gold_per_floor":[17,28,43,62,73,73,88,88,88,88,13,13,23,33,33,138,138,155,174,174,187,204,204,232,32,83,113,113,113,147,147,147,247,247,261,277,277,277,288,288,288],"floor_reached":40,"language":"KOR","playtime":1077,"items_purged":["Strike_R","Strike_R"],"score":592,"play_id":"9333898c-f93d-4a46-92df-348580090078","local_time":"20210126034504","is_ascension_mode":true,"campfire_choices":[{"data":"Blood for Blood","floor":6.0,"key":"SMITH"},{"data":"Inflame","floor":8.0,"key":"SMITH"},{"data":"1","floor":10.0,"key":"LIFT"},{"data":"2","floor":12.0,"key":"LIFT"},{"data":"3","floor":15.0,"key":"LIFT"},{"data":"Heavy Blade","floor":23.0,"key":"SMITH"},{"floor":29.0,"key":"REST"},{"floor":32.0,"key":"REST"}],"circlet_count":0,"master_deck":["Defend_R","Defend_R","Defend_R","Pommel Strike","Feel No Pain","Inflame+1","Blood for Blood+1","Sword Boomerang","Uppercut","Evolve","Offering","Shrug It Off","Twin Strike","Heavy Blade+1","Whirlwind+1","Barricade","Rage+1","Power Through","Necronomicurse","Spot Weakness","Corruption+1","Evolve+1","Dual Wield+1","Anger+1","Dark Embrace+1","Second Wind+1","Seeing Red"],"relics":["Burning Blood","Girya","Mark of Pain","Ornamental Fan","Membership Card","Dream Catcher","Unceasing Top","FossilizedHelix","Necronomicon","Astrolabe"],"acts_visited":["Exordium","TheCity","TheBeyond"],"potions_floor_usage":[40],"damage_taken":[{"damage":5.0,"enemies":"Small Slimes","floor":1.0,"turns":4.0},{"damage":1.0,"enemies":"Cultist","floor":2.0,"turns":3.0},{"damage":0.0,"enemies":"2 Louse","floor":3.0,"turns":3.0},{"damage":17.0,"enemies":"Looter","floor":4.0,"turns":3.0},{"damage":41.0,"enemies":"Exordium Wildlife","floor":5.0,"turns":5.0},{"damage":19.0,"enemies":"Exordium Thugs","floor":7.0,"turns":5.0},{"damage":8.0,"enemies":"Blue Slaver","floor":13.0,"turns":2.0},{"damage":0.0,"enemies":"3 Louse","floor":14.0,"turns":2.0},{"damage":0.0,"enemies":"Slime Boss","floor":16.0,"turns":5.0},{"damage":9.0,"enemies":"Chosen","floor":18.0,"turns":3.0},{"damage":6.0,"enemies":"Spheric Guardian","floor":19.0,"turns":2.0},{"damage":15.0,"enemies":"Centurion and Healer","floor":21.0,"turns":4.0},{"damage":15.0,"enemies":"Snake Plant","floor":22.0,"turns":2.0},{"damage":6.0,"enemies":"Gremlin Leader","floor":24.0,"turns":3.0},{"damage":36.0,"enemies":"Slavers","floor":27.0,"turns":3.0},{"damage":18.0,"enemies":"Colosseum Slavers","floor":28.0,"turns":3.0},{"damage":8.0,"enemies":"Gremlin Leader","floor":30.0,"turns":4.0},{"damage":20.0,"enemies":"Champ","floor":33.0,"turns":5.0},{"damage":0.0,"enemies":"Orb Walker","floor":35.0,"turns":2.0},{"damage":23.0,"enemies":"3 Darklings","floor":36.0,"turns":4.0},{"damage":11.0,"enemies":"Jaw Worm Horde","floor":39.0,"turns":2.0},{"damage":92,"enemies":"Reptomancer","floor":40,"turns":3}],"seed_played":"-9098031191868606227","potions_obtained":[{"floor":2.0,"key":"ColorlessPotion"},{"floor":4.0,"key":"DistilledChaos"},{"floor":7.0,"key":"LiquidMemories"},{"floor":13.0,"key":"Ancient Potion"},{"floor":19.0,"key":"SkillPotion"},{"floor":20.0,"key":"Dexterity Potion"},{"floor":20.0,"key":"CultistPotion"},{"floor":36.0,"key":"Fruit Juice"}],"is_trial":false,"path_per_floor":["M","M","M","M","M","R","M","R","T","R","$","R","M","M","R","B",null,"M","M","?","M","M","R","E","$","T","E","?","R","E","?","R","B",null,"M","M","?","?","M","E"],"character_chosen":"IRONCLAD","items_purchased":["Membership Card"],"campfire_rested":2,"item_purchase_floors":[25],"current_hp_per_floor":[80,80,80,69,34,34,21,21,21,21,21,21,19,25,25,31,80,77,77,77,68,59,59,59,59,59,29,17,41,39,23,47,33,80,80,68,68,68,63,0,0],"gold":288,"neow_bonus":"REMOVE_TWO","is_daily":false,"chose_seed":false,"campfire_upgraded":3,"win_rate":0.0,"timestamp":1611600304,"path_taken":["M","M","M","M","M","R","M","R","T","R","$","R","M","M","R","BOSS","M","M","?","M","?","R","E","?","T","E","?","R","E","?","R","BOSS","M","M","?","?","M","E"],"items_purchased_type":["Relic"],"build_version":"2020-12-22","purchased_purges":2,"victory":false,"max_hp_per_floor":[80,80,80,80,80,80,80,80,80,80,80,80,80,80,80,80,80,80,80,80,80,80,80,80,80,80,80,80,80,80,80,80,80,80,80,85,85,85,85,85,85],"card_choices":[{"not_picked":["Battle Trance","Dark Embrace"],"picked":"Pommel Strike","floor":1.0},{"not_picked":["Headbutt","Heavy Blade"],"picked":"Feel No Pain","floor":2.0},{"not_picked":["Shrug It Off","Blood for Blood"],"picked":"Inflame","floor":3.0},{"not_picked":["Anger","Rupture"],"picked":"Blood for Blood","floor":4.0},{"not_picked":["Warcry","Carnage"],"picked":"Sword Boomerang","floor":5.0},{"not_picked":["Body Slam","Sword Boomerang","Hemokinesis"],"picked":"SKIP","floor":7.0},{"not_picked":["Armaments","Anger"],"picked":"Uppercut","floor":13.0},{"not_picked":["Armaments","Shrug It Off"],"picked":"Evolve","floor":14.0},{"not_picked":["Corruption","Brutality"],"picked":"Offering","floor":16.0},{"not_picked":["Shockwave","Blood for Blood"],"picked":"Shrug It Off","floor":18.0},{"not_picked":["Shrug It Off","True Grit"],"picked":"Twin Strike","floor":19.0},{"not_picked":["Flex","Ghostly Armor"],"picked":"Heavy Blade","floor":21.0},{"not_picked":["Shrug It Off","Perfected Strike"],"picked":"Whirlwind+1","floor":22.0},{"not_picked":["Hemokinesis","Juggernaut"],"picked":"Barricade","floor":24.0},{"not_picked":["Flex","Spot Weakness"],"picked":"Rage+1","floor":27.0},{"not_picked":["Pommel Strike","Clothesline"],"picked":"Power Through","floor":30.0},{"not_picked":["Warcry","Wild Strike"],"picked":"Spot Weakness","floor":32.0},{"not_picked":["Demon Form","Offering"],"picked":"Corruption","floor":33.0},{"not_picked":["Perfected Strike+1","Armaments"],"picked":"Dark Embrace+1","floor":35.0},{"not_picked":["Sever Soul","Dual Wield+1"],"picked":"Second Wind+1","floor":36.0},{"not_picked":["Clothesline+1","Twin Strike"],"picked":"Seeing Red","floor":39.0}],"player_experience":647124,"relics_obtained":[{"floor":9.0,"key":"Girya"},{"floor":24.0,"key":"Ornamental Fan"},{"floor":26.0,"key":"Dream Catcher"},{"floor":27.0,"key":"Unceasing Top"},{"floor":30.0,"key":"FossilizedHelix"},{"floor":31.0,"key":"Necronomicon"}],"event_choices":[{"damage_healed":0.0,"max_hp_gain":0.0,"max_hp_loss":0.0,"gold_gain":0.0,"event_name":"Lab","player_choice":"Got Potions","floor":20.0,"gold_loss":0.0,"damage_taken":0.0},{"damage_healed":0.0,"max_hp_gain":0.0,"max_hp_loss":0.0,"gold_gain":0.0,"event_name":"Colosseum","player_choice":"Fight","floor":28.0,"gold_loss":0.0,"damage_taken":0.0},{"damage_healed":0.0,"max_hp_gain":0.0,"max_hp_loss":0.0,"gold_gain":0.0,"event_name":"Colosseum","player_choice":"Fled From Nobs","floor":28.0,"gold_loss":0.0,"damage_taken":0.0},{"damage_healed":0.0,"max_hp_gain":0.0,"max_hp_loss":0.0,"gold_gain":0.0,"event_name":"Cursed Tome","player_choice":"Obtained Book","floor":31.0,"gold_loss":0.0,"damage_taken":16.0},{"damage_healed":0.0,"max_hp_gain":0.0,"max_hp_loss":0.0,"gold_gain":0.0,"event_name":"Tomb of Lord Red Mask","player_choice":"Ignored","floor":37.0,"gold_loss":0.0,"damage_taken":0.0},{"damage_healed":0.0,"max_hp_gain":0.0,"max_hp_loss":0.0,"gold_gain":0.0,"event_name":"Upgrade Shrine","player_choice":"Upgraded","floor":38.0,"gold_loss":0.0,"damage_taken":0.0,"cards_upgraded":["Corruption"]}],"is_beta":false,"boss_relics":[{"not_picked":["Runic Cube","Calling Bell"],"picked":"Mark of Pain"},{"not_picked":["Busted Crown","Coffee Dripper"],"picked":"Astrolabe"}],"items_purged_floors":[11,25],"is_endless":false,"potions_floor_spawned":[2,4,7,13,19,30,33,36],"killed_by":"Reptomancer","ascension_level":3}}