{"host":"3oowddqpmj34xmzc","time":1611579299,"event":{"mods":["2.2 Compatiblity","Act Like it!","Arknights The Spire","Aspiration","BaseMod","CapriCore","Gensokyo","Gold Saver","Koishi","Marisa£®ÏF”Í°°ƒß¿Ì…≥£©","Minty Spire (QoL Compilation)","Pale of the Ancients","Reimu£®≤©¿ˆ¡È√Œ£©","Relic Stats","Remilia£®¿Ÿ√◊¿Ú—«£©","Replay The Spire","Robot Space Explorer","Spicy Shops","StSLib","The Gatherer","The Immortal","The Servant 0.9.4","Uncapped","Youmu£®ªÍ∆«—˝√Œ£©","[GremlinLeader]The Maniac"],"gold_per_floor":[873,544,474,334,334,359,378,378,401,432,444,444,444,456,456,551,551,567,581,9,9,22,22,53,53,53,64,78,78,104,124,124,227,227,245,260,50,64,64,64,92,92,115,115,142,142,172,172,172,172,172,172,172,202,202],"floor_reached":56,"language":"ZHS","playtime":5323,"items_purged":["Strike_S","Clumsy"],"score":1775,"play_id":"b1f813d7-adaa-455f-8226-caefc7c5b8e5","local_time":"20210125205459","is_ascension_mode":true,"campfire_choices":[{"data":"Revamp","floor":8.0,"key":"SMITH"},{"data":"Exchange","floor":12.0,"key":"SMITH"},{"data":"Hightail","floor":15.0,"key":"SMITH"},{"data":"Spin","floor":23.0,"key":"SMITH"},{"data":"StarChef","floor":25,"key":"SMITH"},{"floor":32,"key":"RECALL"},{"data":"Luminosity","floor":40,"key":"SMITH"},{"data":"DancingSilver","floor":42,"key":"SMITH"},{"data":"FlawlessForm","floor":44,"key":"SMITH"},{"data":"Trip","floor":46,"key":"SMITH"},{"data":"Gensokyo:PrivateSquare","floor":49,"key":"SMITH"},{"data":"Potential","floor":52,"key":"SMITH"}],"circlet_count":0,"master_deck":["Defend_S+1","Defend_S+1","Exchange+1","Revamp+1","Potential+1","Potential+1","Hightail+1","Defy+1","FlawlessForm+1","Spin+1","Advance","Luminosity+1","Dagger Throw","Skewer+1","Manipulate+1","StarChef+1","Shame","FastForward+1","Dilation+1","Collapse+1","Rewind+1","SilverBlades+1","Spin+1","BottledTime+1","DancingSilver+1","Trip+1","Luminosity+1","MurderousAura","Gensokyo:PrivateSquare+1","Pride","DualDimension+1"],"relics":["Uniform","NeowsBlessing","PreservedInsect","Torii","Onion Ring","TungstenRod","Gensokyo:NagashiBinaDoll","Sozu","Whetstone","ReplayTheSpireMod:Shallot","Tiny Chest","Quantum Egg","Replay:WaspNest","Astrolabe","Gambling Chip","Toy Ornithopter","aspiration:HiddenCompartment","Vajra","War Paint","ScarletDevilRocket"],"acts_visited":["Gensokyo:Gensokyo","Gensokyo:Gensokyoer","Gensokyo:Gensokyoest","TheEnding"],"potions_floor_usage":[41,55],"damage_taken":[{"damage":0.0,"enemies":"Gensokyo:2_Kodama","floor":1.0,"turns":1.0},{"damage":0.0,"enemies":"Gensokyo:Cirno","floor":6.0,"turns":2.0},{"damage":0.0,"enemies":"Gensokyo:3_Fairies","floor":7.0,"turns":2.0},{"damage":0.0,"enemies":"Gensokyo:Aya","floor":10.0,"turns":4.0},{"damage":0.0,"enemies":"Gensokyo:Gryphon","floor":11.0,"turns":2.0},{"damage":0.0,"enemies":"Gensokyo:5_Fairies","floor":14.0,"turns":6.0},{"damage":0.0,"enemies":"Gensokyo:Yukari","floor":16.0,"turns":14.0},{"damage":6.0,"enemies":"Gensokyo:3_Dogs","floor":18.0,"turns":7.0},{"damage":0.0,"enemies":"Gensokyo:2_Gloops","floor":19.0,"turns":4.0},{"damage":0.0,"enemies":"Gensokyo:Slime_Group","floor":22.0,"turns":4.0},{"damage":0,"enemies":"Gensokyo:Reisen","floor":24,"turns":6},{"damage":6,"enemies":"Gensokyo:Monolith_and_Dog","floor":27,"turns":3},{"damage":0,"enemies":"Gensokyo:3_Gloops","floor":28,"turns":2},{"damage":0,"enemies":"Gensokyo:Koishi","floor":30,"turns":5},{"damage":0,"enemies":"Gensokyo:Wraith","floor":31,"turns":4},{"damage":5,"enemies":"Gensokyo:Kaguya","floor":33,"turns":10},{"damage":0,"enemies":"Gensokyo:3_Bats","floor":35,"turns":3},{"damage":0,"enemies":"Gensokyo:3_Boulders","floor":36,"turns":5},{"damage":1,"enemies":"Gensokyo:Rafflesia","floor":38,"turns":6},{"damage":0,"enemies":"Gensokyo:Marisa","floor":41,"turns":5},{"damage":0,"enemies":"Gensokyo:Kasen","floor":47,"turns":3},{"damage":14,"enemies":"Gensokyo:Yuyuko","floor":50,"turns":6},{"damage":49,"enemies":"Shield and Spear","floor":54,"turns":10},{"damage":0,"enemies":"The Heart","floor":55,"turns":11}],"seed_played":"-2582947995931122812","potions_obtained":[{"floor":1.0,"key":"SpeedPotion"},{"floor":11.0,"key":"Adrenaline Potion"},{"floor":16.0,"key":"Elixir"}],"is_trial":false,"path_per_floor":["M","$","?","?","?","E","M","R","T","E","M","R","?","M","R","B",null,"M","M","$","?","M","R","E","R","T","M","M","?","E","M","R","B",null,"M","M","$","M","?","R","E","R","T","R","T","R","E","?","R","B",null,"R","$","E","B",null],"character_chosen":"THE_SERVANT","items_purchased":["PreservedInsect","Revamp","Whetstone","Luminosity","ReplayTheSpireMod:Shallot","Gambling Chip","DancingSilver","Trip"],"campfire_rested":0,"item_purchase_floors":[2,2,20,20,20,37,37,37],"current_hp_per_floor":[59,59,59,59,59,59,59,59,59,59,59,59,59,59,59,59,64,58,58,58,58,58,58,58,58,58,52,52,52,52,52,52,47,61,61,61,61,60,60,60,60,60,60,60,60,60,60,60,60,60,64,64,64,15,20],"gold":202,"neow_bonus":"THREE_ENEMY_KILL","is_daily":false,"chose_seed":false,"campfire_upgraded":11,"win_rate":0.0,"timestamp":1611579299,"path_taken":["M","$","?","?","?","E","M","R","T","E","M","R","?","M","R","BOSS","M","M","$","?","M","R","E","R","T","?","M","?","E","M","R","BOSS","M","M","$","M","?","R","E","R","T","R","?","R","E","?","R","BOSS","R","$","E","BOSS"],"items_purchased_type":["Relic","Card","Relic","Card","Relic","Relic","Card","Card"],"build_version":"2020-12-22","purchased_purges":2,"victory":true,"max_hp_per_floor":[65,65,65,65,65,65,65,65,65,65,65,65,65,65,65,65,65,65,65,65,65,65,65,65,65,65,65,65,65,65,65,65,65,65,65,65,65,65,65,65,65,65,65,65,65,65,65,65,65,65,65,65,65,65,65],"relic_stats":{"Sozu":6,"Torii":116,"counters":[24,125],"Astrolabe":["Collapse","Rewind","SilverBlades"],"Gambling Chip":[15],"Tiny Chest":1,"PreservedInsect":343,"Whetstone":["Strike_S","Strike_S"],"War Paint":["Dilation","BottledTime"],"obtain_stats":[{"ScarletDevilRocket":54,"NeowsBlessing":0,"Torii":4,"Quantum Egg":26,"Astrolabe":34,"Vajra":45,"PreservedInsect":2,"Gensokyo:NagashiBinaDoll":13,"Replay:WaspNest":30,"Uniform":0,"Whetstone":20,"War Paint":47,"aspiration:HiddenCompartment":43,"Sozu":17,"Frozen Eye":30,"ReplayTheSpireMod:Shallot":20,"Gambling Chip":37,"Onion Ring":6,"Tiny Chest":24,"TungstenRod":10,"Toy Ornithopter":41},{"ScarletDevilRocket":23,"NeowsBlessing":0,"Torii":1,"Quantum Egg":11,"Astrolabe":16,"Vajra":20,"PreservedInsect":1,"Gensokyo:NagashiBinaDoll":5,"Replay:WaspNest":14,"Uniform":0,"Whetstone":9,"War Paint":21,"aspiration:HiddenCompartment":20,"Sozu":7,"Frozen Eye":13,"ReplayTheSpireMod:Shallot":9,"Gambling Chip":18,"Onion Ring":2,"Tiny Chest":11,"TungstenRod":4,"Toy Ornithopter":20},{"ScarletDevilRocket":114,"NeowsBlessing":0,"Torii":1,"Quantum Egg":52,"Astrolabe":76,"Vajra":95,"PreservedInsect":1,"Gensokyo:NagashiBinaDoll":11,"Replay:WaspNest":62,"Uniform":0,"Whetstone":42,"War Paint":98,"aspiration:HiddenCompartment":95,"Sozu":31,"Frozen Eye":57,"ReplayTheSpireMod:Shallot":42,"Gambling Chip":84,"Onion Ring":3,"Tiny Chest":52,"TungstenRod":9,"Toy Ornithopter":95}],"TungstenRod":128,"Toy Ornithopter":5},"card_choices":[{"not_picked":["Starlight","Foresight","Revamp"],"picked":"SKIP","floor":1.0},{"not_picked":["Sabotage","Advance"],"picked":"Potential","floor":6.0},{"not_picked":["StarChef","TheWorld"],"picked":"Potential","floor":7.0},{"not_picked":["Reset","ForgedInTime"],"picked":"Hightail","floor":10.0},{"not_picked":["Replace","ShatteredReality"],"picked":"Defy","floor":11.0},{"not_picked":["Spin","Hightail","TimeWarp"],"picked":"SKIP","floor":14.0},{"not_picked":["MurderousAura","TrueSight"],"picked":"FlawlessForm","floor":16.0},{"not_picked":["InstantArmor","Replace+1"],"picked":"Spin","floor":18.0},{"not_picked":["BottledTime","Unruled"],"picked":"Advance","floor":19.0},{"not_picked":["Contraction","Desolation"],"picked":"Manipulate+1","floor":22.0},{"not_picked":["Rewind","WasteNot"],"picked":"StarChef","floor":24},{"not_picked":["StarChef","Spin","Reset"],"picked":"SKIP","floor":27},{"not_picked":["StarChef","Spin","Reset"],"picked":"SKIP","floor":27},{"not_picked":["SurpressingFire","Moondial+1","InstantArmor"],"picked":"SKIP","floor":28},{"not_picked":["Potential","Foresight"],"picked":"FastForward+1","floor":30},{"not_picked":["FastForward","Potential","Shuttle"],"picked":"SKIP","floor":31},{"not_picked":["ForgedInTime","SoulSculpture"],"picked":"Dilation","floor":33},{"not_picked":["FastForward","Revamp+1"],"picked":"Spin+1","floor":35},{"not_picked":["Duplication","Unruled+1"],"picked":"BottledTime","floor":36},{"not_picked":["Deadline+1","Revamp"],"picked":"Luminosity+1","floor":38},{"not_picked":["Replace+1","DualDimension+1"],"picked":"MurderousAura","floor":41},{"not_picked":["Unruled","Potential","Starlight"],"picked":"SKIP","floor":47},{"not_picked":["GearUp+1","Initiator"],"picked":"DualDimension+1","floor":54}],"player_experience":165860,"relics_obtained":[{"floor":6.0,"key":"Onion Ring"},{"floor":10.0,"key":"TungstenRod"},{"floor":24,"key":"Tiny Chest"},{"floor":26,"key":"Quantum Egg"},{"floor":30,"key":"Replay:WaspNest"},{"floor":41,"key":"Toy Ornithopter"},{"floor":43,"key":"aspiration:HiddenCompartment"},{"floor":45,"key":"Vajra"},{"floor":47,"key":"War Paint"},{"floor":54,"key":"ScarletDevilRocket"}],"event_choices":[],"is_beta":false,"boss_relics":[{"not_picked":["Ectoplasm","Snecko Eye"],"picked":"Sozu"},{"not_picked":["aspiration:MarisaSkillbook","Black Star"],"picked":"Astrolabe"}],"items_purged_floors":[2,20],"is_endless":false,"potions_floor_spawned":[1,11,16,18,22,31,36,38,47],"ascension_level":6}}