{"host":"sc0o2qwpf9j16a4i","time":1611573383,"event":{"mods":["AchievementEnabler","BaseMod","BetterRewards","Block Reminder","Colored Map","Colored Powertips","Custom Start","Highlight Path","Minty Spire (QoL Compilation)","Relic Stats"],"gold_per_floor":[113,128,128,76,76,106,122,136,162,194,194,210,238,254,254,352,352,367,147,162,184,196,243,268,315,354,366,378,390,402,446,458,574,636,668,668],"floor_reached":35,"language":"ENG","playtime":1079,"items_purged":["Force Field"],"score":612,"play_id":"957784f2-5b29-4009-a991-c70ef33c7109","local_time":"20210125131623","daily_mods":["Insanity","Vintage","Lethality"],"is_ascension_mode":false,"campfire_choices":[{"data":"Hologram","floor":11,"key":"SMITH"},{"data":"Hologram","floor":15,"key":"SMITH"},{"floor":27,"key":"REST"},{"data":"Rebound","floor":29,"key":"PURGE"},{"data":"Rebound","floor":32,"key":"PURGE"}],"circlet_count":0,"master_deck":["Heatsinks","Stack","Gash","Cold Snap","Undo","Chill","Genetic Algorithm","Darkness","Sweeping Beam","Hologram","Hologram+1","Consume","Leap","Conserve Battery","Steam","Hologram+1","Stack","Stack","FTL+1","Hologram","Static Discharge","Streamline","Conserve Battery","Redo","Storm","Hologram","Doom and Gloom","Compile Driver","Compile Driver","Rebound","Leap","Gash","Redo","Cold Snap","Redo","Skim","Stack","Double Energy+1","Capacitor","Scrape","BootSequence","Redo","Coolheaded","Glacier","Gash","Barrage","FTL","Electrodynamics","Go for the Eyes","Turbo+1","Sweeping Beam","Creative AI","Coolheaded+1"],"relics":["Cracked Core","Regal Pillow","Akabeko","Boot","Bronze Scales","PreservedInsect","Pen Nib","Matryoshka","Vajra","TungstenRod","Symbiotic Virus","Sozu","Peace Pipe","Lee\u0027s Waffle","MawBank","Bottled Tornado","Mercury Hourglass","Bag of Preparation","Art of War","Pantograph","Omamori","Meat on the Bone","Tiny House","Singing Bowl"],"acts_visited":["Exordium","TheCity","TheBeyond"],"potions_floor_usage":[6,8,16,18,18],"damage_taken":[{"damage":0,"enemies":"Jaw Worm","floor":1,"turns":2},{"damage":0,"enemies":"Small Slimes","floor":2,"turns":2},{"damage":0,"enemies":"3 Sentries","floor":6,"turns":7},{"damage":0,"enemies":"Cultist","floor":7,"turns":2},{"damage":0,"enemies":"Blue Slaver","floor":8,"turns":2},{"damage":15,"enemies":"Gremlin Nob","floor":10,"turns":3},{"damage":6,"enemies":"Red Slaver","floor":12,"turns":2},{"damage":1,"enemies":"3 Sentries","floor":13,"turns":3},{"damage":0,"enemies":"Exordium Wildlife","floor":14,"turns":1},{"damage":4,"enemies":"The Guardian","floor":16,"turns":9},{"damage":12,"enemies":"3 Byrds","floor":18,"turns":3},{"damage":10,"enemies":"2 Thieves","floor":20,"turns":2},{"damage":16,"enemies":"Centurion and Healer","floor":21,"turns":3},{"damage":19,"enemies":"Book of Stabbing","floor":23,"turns":4},{"damage":0,"enemies":"Snecko","floor":24,"turns":3},{"damage":0,"enemies":"Gremlin Leader","floor":25,"turns":4},{"damage":2,"enemies":"Slavers","floor":31,"turns":2},{"damage":30,"enemies":"Champ","floor":33,"turns":10},{"damage":0,"enemies":"Orb Walker","floor":35,"turns":4}],"seed_played":"-1698957613098999960","potions_obtained":[{"floor":1,"key":"GamblersBrew"},{"floor":2,"key":"EssenceOfSteel"},{"floor":12,"key":"EssenceOfSteel"},{"floor":13,"key":"PowerPotion"},{"floor":16,"key":"PowerPotion"}],"is_trial":true,"path_per_floor":["M","M","?","$","?","E","M","M","T","E","R","M","E","M","R","B",null,"M","$","M","M","?","E","M","E","T","R","?","R","?","E","R","B",null,"M"],"character_chosen":"DEFECT","items_purchased":["Strength Potion","Lee\u0027s Waffle"],"campfire_rested":1,"item_purchase_floors":[4,19],"current_hp_per_floor":[75,75,75,75,75,75,75,75,75,60,60,54,53,53,53,49,75,63,82,72,56,56,37,37,37,37,76,76,76,76,74,74,52,87,87,87],"gold":668,"neow_bonus":"","is_daily":false,"chose_seed":false,"campfire_upgraded":2,"win_rate":0.0,"timestamp":1611573383,"path_taken":["M","M","?","?","?","E","?","M","T","E","R","M","E","M","R","BOSS","M","$","?","M","?","E","M","E","T","R","?","R","?","E","R","BOSS","M"],"items_purchased_type":["Potion","Relic"],"build_version":"2020-12-22","purchased_purges":1,"victory":false,"max_hp_per_floor":[75,75,75,75,75,75,75,75,75,75,75,75,75,75,75,75,75,75,82,82,82,82,82,82,82,82,82,82,82,82,82,82,82,87,87,87],"relic_stats":{"Regal Pillow":15,"Lee\u0027s Waffle":19,"Singing Bowl":0,"counters":[19,68],"PreservedInsect":178,"Pen Nib":[9],"Bag of Preparation":[8],"Boot":[14],"MawBank":180,"Mercury Hourglass":[90],"Sozu":7,"Peace Pipe":2,"Bronze Scales":[148],"Pantograph":8,"Art of War":[5],"obtain_stats":[{"Regal Pillow":1,"Lee\u0027s Waffle":19,"Tiny House":34,"Singing Bowl":35,"Vajra":12,"PreservedInsect":8,"Pen Nib":9,"Bag of Preparation":24,"Omamori":26,"Bottled Tornado":21,"Boot":6,"MawBank":20,"Akabeko":2,"Mercury Hourglass":23,"Sozu":17,"Peace Pipe":18,"Matryoshka":10,"Bronze Scales":7,"Pantograph":26,"Art of War":25,"Cracked Core":0,"Symbiotic Virus":14,"TungstenRod":13,"Meat on the Bone":31},{"Regal Pillow":1,"Lee\u0027s Waffle":11,"Tiny House":18,"Singing Bowl":19,"Vajra":7,"PreservedInsect":5,"Pen Nib":5,"Bag of Preparation":15,"Omamori":16,"Bottled Tornado":13,"Boot":3,"MawBank":12,"Akabeko":2,"Mercury Hourglass":14,"Sozu":10,"Peace Pipe":11,"Matryoshka":6,"Bronze Scales":4,"Pantograph":16,"Art of War":16,"Cracked Core":0,"Symbiotic Virus":9,"TungstenRod":8,"Meat on the Bone":17},{"Regal Pillow":2,"Lee\u0027s Waffle":36,"Tiny House":64,"Singing Bowl":68,"Vajra":20,"PreservedInsect":15,"Pen Nib":15,"Bag of Preparation":48,"Omamori":52,"Bottled Tornado":41,"Boot":11,"MawBank":38,"Akabeko":4,"Mercury Hourglass":45,"Sozu":33,"Peace Pipe":36,"Matryoshka":18,"Bronze Scales":13,"Pantograph":52,"Art of War":52,"Cracked Core":0,"Symbiotic Virus":24,"TungstenRod":23,"Meat on the Bone":54}],"TungstenRod":15,"Meat on the Bone":0},"card_choices":[{"not_picked":["Steam","Coolheaded"],"picked":"Barrage","floor":6},{"not_picked":["Conserve Battery","Redo"],"picked":"FTL","floor":10},{"not_picked":["Blizzard","Consume","Barrage"],"picked":"SKIP","floor":13},{"not_picked":["All For One","Thunder Strike"],"picked":"Electrodynamics","floor":16},{"not_picked":["BootSequence","Go for the Eyes"],"picked":"Turbo+1","floor":23},{"not_picked":["Genetic Algorithm","Leap","Heatsinks"],"picked":"SKIP","floor":25},{"not_picked":["Rip and Tear","Cold Snap"],"picked":"Sweeping Beam","floor":31},{"not_picked":["Seek","Reboot"],"picked":"Creative AI","floor":33},{"not_picked":["Leap","Rebound+1"],"picked":"Coolheaded+1","floor":34}],"player_experience":936368,"relics_obtained":[{"floor":1,"key":"Regal Pillow"},{"floor":2,"key":"Akabeko"},{"floor":6,"key":"Boot"},{"floor":7,"key":"Bronze Scales"},{"floor":8,"key":"PreservedInsect"},{"floor":9,"key":"Pen Nib"},{"floor":10,"key":"Matryoshka"},{"floor":12,"key":"Vajra"},{"floor":13,"key":"TungstenRod"},{"floor":14,"key":"Symbiotic Virus"},{"floor":18,"key":"Peace Pipe"},{"floor":20,"key":"MawBank"},{"floor":21,"key":"Bottled Tornado"},{"floor":23,"key":"Mercury Hourglass"},{"floor":24,"key":"Bag of Preparation"},{"floor":25,"key":"Art of War"},{"floor":26,"key":"Pantograph"},{"floor":26,"key":"Omamori"},{"floor":31,"key":"Meat on the Bone"},{"floor":35,"key":"Singing Bowl"}],"event_choices":[{"damage_healed":0,"gold_gain":0,"player_choice":"Upgraded","damage_taken":0,"max_hp_gain":0,"max_hp_loss":0,"event_name":"Upgrade Shrine","floor":3,"gold_loss":0,"cards_upgraded":["Double Energy"]},{"cards_removed":["Hello World"],"damage_healed":0,"gold_gain":0,"player_choice":"Purged","damage_taken":0,"max_hp_gain":0,"max_hp_loss":0,"event_name":"Purifier","floor":5,"gold_loss":0},{"damage_healed":0,"gold_gain":0,"player_choice":"Read","damage_taken":0,"max_hp_gain":0,"max_hp_loss":0,"event_name":"The Library","floor":22,"gold_loss":0,"cards_obtained":["Go for the Eyes"]},{"cards_removed":["Tempest"],"damage_healed":0,"gold_gain":0,"player_choice":"Elegance","damage_taken":0,"max_hp_gain":0,"max_hp_loss":0,"event_name":"Back to Basics","floor":28,"gold_loss":0},{"damage_healed":0,"gold_gain":0,"player_choice":"Bought 0 Potions","damage_taken":0,"max_hp_gain":0,"max_hp_loss":0,"event_name":"The Woman in Blue","floor":30,"gold_loss":0}],"is_beta":false,"boss_relics":[{"not_picked":["Astrolabe","Fusion Hammer"],"picked":"Sozu"},{"not_picked":["Runic Dome","Velvet Choker"],"picked":"Tiny House"}],"items_purged_floors":[19],"is_endless":false,"potions_floor_spawned":[1,2,12,13,16,18,21,24,25,33,35],"killed_by":"Orb Walker","ascension_level":0}}