{"host":"v3mpq6flurzldi5g","time":1611589337,"event":{"mods":["AchievementEnabler","BaseMod","Colored Powertips","Highlight Path","Minty Spire (QoL Compilation)","StSLib"],"gold_per_floor":[216,228,240,10,0,0,16,16,96,125,125,125,150,164,164,260,260,235,235,150,29,46,46,61,78,78,98,117,117,117,135,135,239,239,254,304,320,0,0,0,16,16,16,16,16,28,41,57,57,57],"floor_reached":51,"language":"ENG","playtime":2589,"items_purged":["Strike_R"],"score":1153,"play_id":"6816a8ac-2363-463f-9f26-d8798a766c6f","local_time":"20210125104217","is_ascension_mode":true,"campfire_choices":[{"data":"Armaments","floor":6.0,"key":"SMITH"},{"floor":8.0,"key":"REST"},{"floor":12.0,"key":"REST"},{"floor":15.0,"key":"REST"},{"floor":23.0,"key":"REST"},{"floor":30.0,"key":"REST"},{"floor":32.0,"key":"REST"},{"floor":40.0,"key":"DIG"},{"floor":45.0,"key":"DIG"},{"floor":49,"key":"DIG"}],"circlet_count":0,"master_deck":["AscendersBane","Strike_R","Strike_R","Strike_R","Defend_R+1","Defend_R","Defend_R+1","Bash","Clothesline","Armaments+1","Disarm","Metallicize","Heavy Blade","Battle Trance","Limit Break","Necronomicurse","Flex+1","Cleave","Feed","CurseOfTheBell","Shockwave"],"relics":["Burning Blood","Red Skull","Ornamental Fan","Bag of Marbles","The Courier","Busted Crown","Necronomicon","Mummified Hand","War Paint","Shuriken","Calling Bell","Anchor","Gremlin Horn","TungstenRod","Shovel","Singing Bowl","Bronze Scales","Eternal Feather","Smiling Mask","HornCleat","Lantern"],"acts_visited":["Exordium","TheCity","TheBeyond"],"potions_floor_usage":[46],"damage_taken":[{"damage":3.0,"enemies":"Jaw Worm","floor":1.0,"turns":6.0},{"damage":6.0,"enemies":"Cultist","floor":2.0,"turns":5.0},{"damage":0.0,"enemies":"Small Slimes","floor":3.0,"turns":3.0},{"damage":15.0,"enemies":"Looter","floor":5.0,"turns":5.0},{"damage":20.0,"enemies":"Blue Slaver","floor":7.0,"turns":5.0},{"damage":52.0,"enemies":"Gremlin Nob","floor":10.0,"turns":6.0},{"damage":22.0,"enemies":"Lagavulin","floor":13.0,"turns":7.0},{"damage":13.0,"enemies":"3 Louse","floor":14.0,"turns":4.0},{"damage":39.0,"enemies":"The Guardian","floor":16.0,"turns":22.0},{"damage":21.0,"enemies":"2 Thieves","floor":18.0,"turns":5.0},{"damage":24.0,"enemies":"3 Byrds","floor":22.0,"turns":5.0},{"damage":10.0,"enemies":"Shelled Parasite and Fungi","floor":24.0,"turns":4.0},{"damage":1.0,"enemies":"Cultist and Chosen","floor":25.0,"turns":3.0},{"damage":9.0,"enemies":"Snake Plant","floor":27.0,"turns":2.0},{"damage":0.0,"enemies":"Chosen and Byrds","floor":28.0,"turns":4.0},{"damage":7.0,"enemies":"Snecko","floor":31.0,"turns":4.0},{"damage":57.0,"enemies":"Collector","floor":33.0,"turns":8.0},{"damage":0.0,"enemies":"3 Shapes","floor":35.0,"turns":3.0},{"damage":11.0,"enemies":"Mind Bloom Boss Battle","floor":36.0,"turns":6.0},{"damage":0.0,"enemies":"Orb Walker","floor":37.0,"turns":2.0},{"damage":13.0,"enemies":"Spire Growth","floor":41.0,"turns":4.0},{"damage":25,"enemies":"Transient","floor":46,"turns":5},{"damage":1,"enemies":"Maw","floor":47,"turns":7},{"damage":6,"enemies":"3 Darklings","floor":48,"turns":5},{"damage":75,"enemies":"Time Eater","floor":50,"turns":11}],"seed_played":"2606165733060174003","potions_obtained":[{"floor":3.0,"key":"BloodPotion"},{"floor":7.0,"key":"LiquidBronze"},{"floor":13.0,"key":"PowerPotion"},{"floor":14.0,"key":"LiquidMemories"},{"floor":18.0,"key":"Dexterity Potion"},{"floor":22.0,"key":"SteroidPotion"},{"floor":24.0,"key":"Fire Potion"},{"floor":27.0,"key":"Block Potion"},{"floor":35.0,"key":"FearPotion"},{"floor":36.0,"key":"ElixirPotion"},{"floor":47,"key":"FairyPotion"}],"is_trial":false,"path_per_floor":["M","M","M","$","M","R","M","R","T","E","?","R","E","M","R","B",null,"M","?","?","$","M","R","M","M","T","M","M","?","R","M","R","B",null,"M","?","M","$","?","R","M","$","T","?","R","M","M","M","R","B",null],"character_chosen":"IRONCLAD","items_purchased":["Red Skull","War Paint","Singing Bowl","Bronze Scales"],"campfire_rested":6,"item_purchase_floors":[4,21,38,38],"current_hp_per_floor":[75,75,80,80,71,71,57,80,80,50,50,74,58,51,75,42,71,56,40,40,40,22,46,42,47,47,44,50,35,60,59,84,33,72,78,73,82,82,84,84,79,79,79,79,91,74,81,83,95,26],"gold":57,"neow_bonus":"HUNDRED_GOLD","is_daily":false,"chose_seed":false,"campfire_upgraded":1,"win_rate":0.0,"timestamp":1611589337,"path_taken":["M","M","M","$","M","R","M","R","T","E","?","R","E","?","R","BOSS","M","?","?","$","M","R","M","M","T","M","M","?","R","M","R","BOSS","M","?","M","$","?","R","M","$","T","?","R","M","?","M","R","BOSS"],"items_purchased_type":["Relic","Relic","Relic","Relic"],"build_version":"2020-12-22","purchased_purges":1,"victory":true,"max_hp_per_floor":[80,80,80,80,80,80,80,80,80,80,80,80,80,80,80,80,80,80,80,80,80,80,80,80,80,80,80,80,85,85,85,85,85,85,85,85,88,88,90,90,92,92,92,92,92,94,96,98,98,98],"card_choices":[{"not_picked":["Sword Boomerang","Bloodletting"],"picked":"Clothesline","floor":1.0},{"not_picked":["Anger","Blood for Blood","Warcry"],"picked":"SKIP","floor":2.0},{"not_picked":["True Grit","Intimidate"],"picked":"Armaments","floor":3.0},{"not_picked":["Havoc","Combust"],"picked":"Disarm","floor":5.0},{"not_picked":["Armaments","Flex","Thunderclap"],"picked":"SKIP","floor":7.0},{"not_picked":["Blood for Blood","Burning Pact"],"picked":"Metallicize","floor":10.0},{"not_picked":["Fiend Fire","Combust"],"picked":"Heavy Blade","floor":13.0},{"not_picked":["Wild Strike","Flex"],"picked":"Battle Trance","floor":14.0},{"not_picked":["Exhume","Bludgeon"],"picked":"Limit Break","floor":16.0},{"not_picked":["Dark Embrace"],"picked":"SKIP","floor":18.0},{"not_picked":[],"picked":"Flex+1","floor":22.0},{"not_picked":["Thunderclap"],"picked":"SKIP","floor":24.0},{"not_picked":["Searing Blow"],"picked":"SKIP","floor":25.0},{"not_picked":["Warcry+1"],"picked":"SKIP","floor":27.0},{"not_picked":["Dual Wield+1"],"picked":"SKIP","floor":28.0},{"not_picked":[],"picked":"Cleave","floor":31.0},{"not_picked":[],"picked":"Feed","floor":33.0},{"not_picked":["Clothesline"],"picked":"SKIP","floor":35.0},{"not_picked":[],"picked":"Shockwave","floor":37.0},{"not_picked":["Trip"],"picked":"Singing Bowl","floor":39.0},{"not_picked":["Cleave"],"picked":"Singing Bowl","floor":41.0},{"not_picked":["Sever Soul"],"picked":"Singing Bowl","floor":46},{"not_picked":["Thunderclap+1"],"picked":"Singing Bowl","floor":47},{"not_picked":["Dark Embrace"],"picked":"Singing Bowl","floor":48}],"player_experience":1044433,"relics_obtained":[{"floor":9.0,"key":"Ornamental Fan"},{"floor":10.0,"key":"Bag of Marbles"},{"floor":13.0,"key":"The Courier"},{"floor":19.0,"key":"Necronomicon"},{"floor":26.0,"key":"Shuriken"},{"floor":34.0,"key":"Anchor"},{"floor":34.0,"key":"Gremlin Horn"},{"floor":34.0,"key":"TungstenRod"},{"floor":36.0,"key":"Shovel"},{"floor":40.0,"key":"Eternal Feather"},{"floor":43.0,"key":"Smiling Mask"},{"floor":45.0,"key":"HornCleat"},{"floor":49,"key":"Lantern"}],"event_choices":[{"cards_removed":["Defend_R"],"damage_healed":0.0,"max_hp_gain":0.0,"max_hp_loss":0.0,"gold_gain":0.0,"event_name":"Bonfire Elementals","player_choice":"Offered Basic","floor":11.0,"gold_loss":0.0,"damage_taken":0.0},{"damage_healed":0.0,"max_hp_gain":0.0,"max_hp_loss":0.0,"gold_gain":0.0,"event_name":"Cursed Tome","player_choice":"Obtained Book","floor":19.0,"gold_loss":0.0,"damage_taken":16.0},{"damage_healed":0.0,"max_hp_gain":0.0,"max_hp_loss":0.0,"gold_gain":0.0,"event_name":"Addict","player_choice":"Obtained Relic","floor":20.0,"gold_loss":85.0,"damage_taken":0.0,"relics_obtained":["Mummified Hand"]},{"damage_healed":0.0,"max_hp_gain":5.0,"max_hp_loss":0.0,"gold_gain":0.0,"event_name":"Forgotten Altar","player_choice":"Shed Blood","floor":29.0,"gold_loss":0.0,"damage_taken":20.0},{"damage_healed":0.0,"max_hp_gain":0.0,"max_hp_loss":0.0,"gold_gain":0.0,"event_name":"MindBloom","player_choice":"Fight","floor":36.0,"gold_loss":0.0,"damage_taken":0.0},{"damage_healed":0.0,"max_hp_gain":0.0,"max_hp_loss":0.0,"gold_gain":0.0,"event_name":"SensoryStone","player_choice":"Memory 1","floor":39.0,"gold_loss":0.0,"damage_taken":0.0},{"cards_removed":["Strike_R"],"damage_healed":0.0,"max_hp_gain":0.0,"max_hp_loss":0.0,"gold_gain":0.0,"event_name":"Purifier","player_choice":"Purged","floor":44.0,"gold_loss":0.0,"damage_taken":0.0}],"is_beta":false,"boss_relics":[{"not_picked":["Empty Cage","Mark of Pain"],"picked":"Busted Crown"},{"not_picked":["Velvet Choker","Tiny House"],"picked":"Calling Bell"}],"items_purged_floors":[4],"is_endless":false,"potions_floor_spawned":[3,7,13,14,18,22,24,27,35,36,47],"ascension_level":12}}