{"host":"w5vfr18i2ft1pzo2","time":1611570349,"event":{"mods":["AchievementEnabler","Act Like it!","Aspiration","BaseMod","Better Debug","Better Third Choice","BetterRewards","Colored Map","Colored Powertips","Conspire","Curses Come First","DNKmod","Defuse TimeMaze Blight","Dota2Spire","Elementarium","Energized Spire","Evolution","Force Act Four","Fox Events","Friendly Minions","Gensokyo","GifTheSpireLib","Gold Saver","Halation","Hallownest","Hubris","Hyrulean Relics","Infinite Spire","Jedi Mod","Marisa????????","Minty Spire (QoL Compilation)","MostiFishMod","Poor People Problems","Prisma Mod","Reimu??????","Relic Filter Mod","Reliquary","Remilia??????","Replay The Spire","RumiaBox-????????","SacredBarkPlus","Shop Mod","Small Relic Pack","Spicy Shops","Spikes Relics","Spire Arcade","StS++","StSLib","Stuff the Spire","SuperFastMode","Synergy Search","The Animator","The Blue Laboratory","The Servant 0.9.4","Trackpad","Treasure Hunter","Uncapped","Wandering Minibosses","Yakumo Yukari mod","noobMod","??????REMEMod"],"gold_per_floor":[1422,1433,33,26,42,70,70,84,111,139,155,80,112,127,127,229,329,349,349,359,375,375,406,426,445,445,445,455,455,473,500,500,605,605,623,623,623,639,660,691,780,881,881,976,1012,1055,1055,1164,1164,1396,1396,1396,948,1009,1145],"floor_reached":56,"language":"ENG","playtime":1985,"items_purged":["Pain","Strike_G","Strike_G","Strike_G"],"score":2352,"play_id":"5bf4858f-aa1c-40aa-b0b9-b4e4c9abf790","local_time":"20210125182549","is_ascension_mode":true,"campfire_choices":[{"floor":15,"key":"RECALL"},{"data":"Venomology","floor":29,"key":"SMITH"},{"data":"jedi:studypoison","floor":47,"key":"SMITH"},{"data":"ReplayTheSpireMod:Scrap Shanks","floor":52,"key":"SMITH"}],"circlet_count":0,"master_deck":["Strike_G","Strike_G","Defend_G","Defend_G","Defend_G","Survivor","Neutralize","Eruption","PrismaMod:IllyaInstallArcher","Backflip","jedi:pocketpoison+1","Backflip","ReplayTheSpireMod:Scrap Shanks","ReplayTheSpireMod:Scrap Shanks+1","Well Laid Plans","ReplayTheSpireMod:Tripwire","TH:BikiniMail","jedi:studypoison+1","Riddle With Holes","TH:DeckOfManyThings","TH:DeckOfManyThings","REME_GreenPollution","StSpp:FiercePoison","TH:DeckOfManyThings","jedi:pocketpoison","Acrobatics","TH:DeckOfManyThings","Phantasmal Killer","wanderingMiniBosses:FinaleOfPromise","StuffTheSpire:CopiaOfFamine","jedi:pocketpoison+1","Venomology+1","TH:TreasureMap","ReplayTheSpireMod:Speed Training","MostiFishMod:LethalBlade","Underhanded Strike","TH:DeckOfManyThings","Expertise","MostiFishMod:PerfectParry","TH:CopperCoins","Quick Slash","TH:TreasureMap","jedi:studyshivs","Dagger Spray+1","ReplayTheSpireMod:Echoes of Time","Blade Dance+1","Poisoned Stab+1","TH:TreasureMap","MostiFishMod:PoisonShield+1","StuffTheSpire:Incantation+1","TH:BikiniMail","Finisher+1","TH:CursedSword","Quick Slash","Noxious Fumes+1","StuffTheSpire:Repulse","TH:DeckOfManyThings","MostiFishMod:Opportunism","Poisoned Stab","Finesse","ReplayTheSpireMod:Scrap Shanks","Sadistic Nature","Dash","StuffTheSpire:BrimstoneBlast","TH:TreasureMap","jedi:acidrain"],"relics":["Ring of the Snake","EVO:Axolotl","DaveBox","ice","REME_ComplimentaryCards","Jackal-EndForJourney","SynthV:TestCard","Mummified Hand","Dota2Spire:Mjollnir","jedi:cryingmask","REME_LimitBreaker","StSpp:JackpotMachine","Sling","infinitespire:Lucky Rock","WarpedTongs","hubris:ToyBattleship","conspire:DecoderRing","Replay:Wanted Poster","wanderingMiniBosses:Blackblade","BicycleWheel","infinitespire:BottledMercury","trackpad:DisasterInABottle","halation:EternalFortune","Philosopher\u0027s Stone","Replay:Bandana","Tingsha","aspiration:FetidBarrel","Dota2Spire:BladeMail","Dota2Spire:DivineRapier","DiscerningMonocle","BirthdayGift-Icosahedron","Paper Crane","Dota2Spire:EtherealBlade","Dota2Spire:MantaStyle","Dota2Spire:AssaultCuirass"],"acts_visited":["Exordium","TheCity","TheBeyond","TheEnding"],"potions_floor_usage":[23,25,38,39,50,50],"damage_taken":[{"damage":0.0,"enemies":"Cultist","floor":1.0,"turns":2.0},{"damage":0,"enemies":"Small Slimes","floor":2,"turns":2},{"damage":0,"enemies":"2 Louse","floor":5,"turns":5},{"damage":8,"enemies":"Replay:BlueRogue","floor":6,"turns":3},{"damage":6,"enemies":"Gremlin Gang","floor":8,"turns":2},{"damage":2,"enemies":"Gremlin Nob","floor":10,"turns":3},{"damage":1,"enemies":"3 Louse","floor":11,"turns":3},{"damage":0,"enemies":"Replay:BlueRogue","floor":13,"turns":2},{"damage":0,"enemies":"2 Fungi Beasts","floor":14,"turns":2},{"damage":0,"enemies":"Fading Forest","floor":16,"turns":8},{"damage":64,"enemies":"3 Byrds","floor":18,"turns":4},{"damage":11,"enemies":"2 Thieves","floor":20,"turns":4},{"damage":0,"enemies":"Sentry and Sphere","floor":21,"turns":3},{"damage":1,"enemies":"Replay:Snechameleon","floor":23,"turns":2},{"damage":0,"enemies":"Centurion and Healer","floor":24,"turns":3},{"damage":0,"enemies":"conspire:HollyBat","floor":25,"turns":5},{"damage":20,"enemies":"Snecko","floor":28,"turns":3},{"damage":0,"enemies":"Snake Plant","floor":30,"turns":1},{"damage":0,"enemies":"REME_1_Revenger","floor":31,"turns":2},{"damage":5,"enemies":"hubris:MusketHawk","floor":33,"turns":3},{"damage":0,"enemies":"Orb Walker","floor":35,"turns":2},{"damage":0,"enemies":"3 Darklings","floor":38,"turns":2},{"damage":1,"enemies":"Writhing Mass","floor":39,"turns":3},{"damage":0,"enemies":"Reptomancer","floor":40,"turns":1},{"damage":6,"enemies":"Transient","floor":41,"turns":5},{"damage":31,"enemies":"R_Hoarder","floor":42,"turns":5},{"damage":0,"enemies":"3 Darklings","floor":44,"turns":1},{"damage":32,"enemies":"Jaw Worm Horde","floor":45,"turns":3},{"damage":5,"enemies":"Sphere and 2 Shapes","floor":46,"turns":2},{"damage":0,"enemies":"Giant Head","floor":48,"turns":4},{"damage":76,"enemies":"LordOfAnnihilation","floor":50,"turns":6},{"damage":0,"enemies":"Shield and Spear","floor":54,"turns":1},{"damage":15,"enemies":"The Heart","floor":55,"turns":3}],"seed_played":"-9091196684401189011","potions_obtained":[{"floor":1,"key":"blueLaboratory:SuffocatingSmog"},{"floor":2,"key":"SpeedPotion"},{"floor":6,"key":"blueLaboratory:PhilterOfMotion"},{"floor":21,"key":"blueLaboratory:FruitPunch"},{"floor":33,"key":"SkillPotion"}],"is_trial":false,"path_per_floor":["M","M","$","$","M","E","?","M","T","E","M","$","E","M","R","B",null,"M","?","M","M","?","E","M","M","T","$","M","R","M","E","R_BF","B",null,"M","?","AVR","M","M","E","M","E","T","M","M","M","R","E","R_BF","B",null,"R","$","E","B",null],"character_chosen":"THE_SILENT","items_purchased":["Backflip","Mummified Hand","ReplayTheSpireMod:Scrap Shanks","Dota2Spire:Mjollnir","jedi:cryingmask","REME_LimitBreaker","StSpp:JackpotMachine","Sling","Well Laid Plans","Finesse","ReplayTheSpireMod:Scrap Shanks","Dota2Spire:DivineRapier","DiscerningMonocle","BirthdayGift-Icosahedron","Paper Crane","Dota2Spire:EtherealBlade","Dota2Spire:MantaStyle","Sadistic Nature","Dash","StuffTheSpire:BrimstoneBlast","Energy Potion"],"campfire_rested":0,"item_purchase_floors":[3,3,3,3,3,3,3,3,4,53,53,53,53,53,53,53,53,53,53,53,53],"current_hp_per_floor":[63,63,63,63,63,55,55,49,49,47,46,46,46,46,46,54,66,70,50,39,39,39,40,40,40,40,40,20,20,20,23,26,21,72,72,72,72,72,71,71,68,37,37,37,104,99,99,99,99,23,88,88,88,89,75],"gold":1145,"neow_bonus":"RANDOM_EVENT","is_daily":false,"chose_seed":false,"campfire_upgraded":3,"win_rate":0.0,"timestamp":1611570349,"path_taken":["M","?","?","$","M","E","?","M","T","E","?","$","E","M","R","BOSS","M","?","M","M","?","E","M","M","T","$","M","R","M","E","R_BF","BOSS","M","?","AVR","?","M","E","M","E","T","M","M","M","R","E","R_BF","BOSS","R","$","E","BOSS"],"items_purchased_type":["Card","Relic","Card","Relic","Relic","Relic","Relic","Relic","Card","Card","Card","Relic","Relic","Relic","Relic","Relic","Relic","Card","Card","Card","Potion"],"build_version":"2020-12-22","purchased_purges":4,"victory":true,"max_hp_per_floor":[70,70,70,70,70,70,70,70,70,70,70,70,70,70,70,70,70,70,70,74,75,75,80,81,83,83,83,84,84,84,84,87,89,89,90,90,90,90,91,91,98,102,102,102,105,107,107,108,108,110,110,110,110,110,192],"card_choices":[{"not_picked":["Dodge and Roll","StSpp:StrikeFirst"],"picked":"Backflip","floor":1},{"not_picked":["StuffTheSpire:Incursion","PiercingWail","StuffTheSpire:Python","StuffTheSpire:ClusterCrunch"],"picked":"jedi:pocketpoison","floor":2},{"not_picked":["Underhanded Strike","StuffTheSpire:ClusterCrunch","Prepared","Cloak And Dagger"],"picked":"ReplayTheSpireMod:Tripwire","floor":5},{"not_picked":["TH:Mimic","TH:ElvenBoots","TH:ArmorSpikes"],"picked":"TH:BikiniMail","floor":6},{"not_picked":["StSpp:PoisonousPunch","Backflip","Blur","Poisoned Stab"],"picked":"jedi:studypoison","floor":6},{"not_picked":["StuffTheSpire:BumpUp","Flying Knee","Backflip","MostiFishMod:InvigoratingSolution"],"picked":"Riddle With Holes","floor":8},{"not_picked":["TH:PixieDust","TH:EnergyPotion","TH:CursedSword"],"picked":"TH:DeckOfManyThings","floor":9},{"not_picked":["TH:BikiniMail","TH:EnergyPotion","TH:TreasureMap"],"picked":"TH:DeckOfManyThings","floor":10},{"not_picked":["Bouncing Flask","StuffTheSpire:BumpUp","Deadly Poison","Underhanded Strike"],"picked":"REME_GreenPollution","floor":10},{"not_picked":["ReplayTheSpireMod:The Works","StuffTheSpire:Shiver","Well Laid Plans","Dagger Throw"],"picked":"StSpp:FiercePoison","floor":11},{"not_picked":["TH:CursedSword","TH:Mimic","TH:TreasureMap"],"picked":"TH:DeckOfManyThings","floor":13},{"not_picked":["StSpp:AbandonFlesh","infinitespire:Neurotoxin","StSpp:ChainedTrap","Replay:Poison Smokescreen"],"picked":"jedi:pocketpoison","floor":13},{"not_picked":["Prepared","hubris:SlightOfHand","MostiFishMod:InvigoratingSolution","Underhanded Strike"],"picked":"Acrobatics","floor":14},{"not_picked":["TH:ArmorSpikes","TH:TreasureMap","TH:CursedSword"],"picked":"TH:DeckOfManyThings","floor":16},{"not_picked":["Wraith Form v2","MostiFishMod:GrandStart","REME_SpectralBlade","REME_CopyPotion"],"picked":"Phantasmal Killer","floor":16},{"not_picked":[],"picked":"wanderingMiniBosses:FinaleOfPromise","floor":18},{"not_picked":["Deflect","StSpp:FiercePoison","MostiFishMod:PreservedThorns","Cloak And Dagger+1","StSpp:PoisonousPunch"],"picked":"SKIP","floor":18},{"not_picked":["Outmaneuver+1","Dash","hubris:SlightOfHand","Quick Slash+1"],"picked":"jedi:pocketpoison+1","floor":20},{"not_picked":["Draining Mist","StuffTheSpire:BrimstoneBlast","StuffTheSpire:Repulse","Choke"],"picked":"Venomology","floor":21},{"not_picked":["TH:Mimic","TH:CopperCoins","TH:EnergyPotion"],"picked":"TH:TreasureMap","floor":23},{"not_picked":["ReplayTheSpireMod:Scrap Shanks","hubris:SlightOfHand+1","StuffTheSpire:Incantation","Well Laid Plans"],"picked":"ReplayTheSpireMod:Speed Training","floor":23},{"not_picked":["hubris:SlightOfHand","Acrobatics","Backstab","MostiFishMod:PerfectParry"],"picked":"MostiFishMod:LethalBlade","floor":24},{"not_picked":["hubris:SlightOfHand","Sucker Punch+1","Reflex","StuffTheSpire:BumpUp"],"picked":"Underhanded Strike","floor":25},{"not_picked":["TH:Mimic","TH:TreasureMap","TH:PixieDust"],"picked":"TH:DeckOfManyThings","floor":26},{"not_picked":["Quick Slash","Hidden Blade","Flying Knee","infinitespire:Neurotoxin"],"picked":"Expertise","floor":28},{"not_picked":["jedi:unstablefumes","StSpp:PoisonousPunch","PiercingWail","StuffTheSpire:ClusterCrunch"],"picked":"MostiFishMod:PerfectParry","floor":30},{"not_picked":["TH:PixieDust","TH:CursedSword","TH:EnergyPotion"],"picked":"TH:CopperCoins","floor":31},{"not_picked":["Deadly Poison","jedi:collectorvenom","Sucker Punch","StSpp:TimeParadox"],"picked":"Quick Slash","floor":31},{"not_picked":["TH:EnergyPotion","TH:ArmorSpikes","TH:BikiniMail"],"picked":"TH:TreasureMap","floor":33},{"not_picked":["After Image","MostiFishMod:SpreadingSpore","MostiFishMod:GrandStart","Atom Bomb"],"picked":"jedi:studyshivs","floor":33},{"not_picked":["Blur","Outmaneuver+1","Predator","All Out Attack+1"],"picked":"Dagger Spray+1","floor":35},{"not_picked":["MostiFishMod:PerfectParry","Cloak And Dagger+1","Outmaneuver","Flying Knee+1"],"picked":"Blade Dance+1","floor":38},{"not_picked":["Dodge and Roll","Reflex+1","Slice+1","Expertise"],"picked":"Poisoned Stab+1","floor":39},{"not_picked":["TH:CursedSword","TH:BikiniMail","TH:DeckOfManyThings"],"picked":"TH:TreasureMap","floor":40},{"not_picked":["ReplayTheSpireMod:Shiv Toss+1","Expertise","Outmaneuver","Blade Dance+1"],"picked":"MostiFishMod:PoisonShield+1","floor":40},{"not_picked":["Deflect+1","StSpp:PoisonousPunch","Dagger Spray","Choke"],"picked":"StuffTheSpire:Incantation+1","floor":41},{"not_picked":["TH:PixieDust","TH:CopperCoins","TH:CursedSword"],"picked":"TH:BikiniMail","floor":42},{"not_picked":["Reflex+1","StuffTheSpire:Fury+1","StSpp:SpareBlade+1","Deflect"],"picked":"Finisher+1","floor":42},{"not_picked":["TH:ArmorSpikes","TH:Mimic","TH:PixieDust"],"picked":"TH:CursedSword","floor":43},{"not_picked":["Prepared+1","Cloak And Dagger","jedi:unstablefumes","Underhanded Strike+1"],"picked":"Quick Slash","floor":44},{"not_picked":["MostiFishMod:FrostNova+1","jedi:poisonivy+1","StuffTheSpire:Incursion+1","Distraction+1"],"picked":"Noxious Fumes+1","floor":45},{"not_picked":["Predator+1","Hidden Blade+1","Dagger Throw+1","Blade Dance"],"picked":"StuffTheSpire:Repulse","floor":46},{"not_picked":["TH:Mimic","TH:TreasureMap","TH:BikiniMail"],"picked":"TH:DeckOfManyThings","floor":48},{"not_picked":["All Out Attack+1","Masterful Stab","Terror","PiercingWail+1"],"picked":"MostiFishMod:Opportunism","floor":48},{"not_picked":["TH:PixieDust","TH:CursedSword","TH:Mimic"],"picked":"TH:TreasureMap","floor":54},{"not_picked":["Cloak And Dagger","StuffTheSpire:Python+1","Prepared","Deflect+1"],"picked":"jedi:acidrain","floor":54}],"player_experience":486577,"relics_obtained":[{"floor":1,"key":"SynthV:TestCard"},{"floor":6,"key":"infinitespire:Lucky Rock"},{"floor":10,"key":"hubris:ToyBattleship"},{"floor":13,"key":"conspire:DecoderRing"},{"floor":18,"key":"wanderingMiniBosses:Blackblade"},{"floor":23,"key":"BicycleWheel"},{"floor":26,"key":"infinitespire:BottledMercury"},{"floor":31,"key":"trackpad:DisasterInABottle"},{"floor":40,"key":"Replay:Bandana"},{"floor":41,"key":"halation:EternalFortune"},{"floor":42,"key":"Tingsha"},{"floor":43,"key":"aspiration:FetidBarrel"},{"floor":48,"key":"Dota2Spire:BladeMail"},{"floor":54,"key":"Dota2Spire:AssaultCuirass"}],"event_choices":[{"damage_healed":0,"gold_gain":0,"player_choice":"Rummage","damage_taken":0,"relics_obtained":["WarpedTongs"],"max_hp_gain":0,"max_hp_loss":0,"event_name":"Accursed Blacksmith","floor":7,"gold_loss":0,"cards_obtained":["Pain"]},{"damage_healed":0,"gold_gain":0,"player_choice":"Upgraded","damage_taken":0,"max_hp_gain":0,"max_hp_loss":0,"event_name":"Upgrade Shrine","floor":36,"gold_loss":0,"cards_upgraded":["jedi:pocketpoison"]},{"damage_healed":0,"gold_gain":0,"cards_transformed":["Defend_G"],"player_choice":"Transformed","damage_taken":0,"max_hp_gain":0,"max_hp_loss":0,"event_name":"Transmorgrifier","floor":49,"gold_loss":0,"cards_obtained":["Poisoned Stab"]}],"is_beta":false,"boss_relics":[{"not_picked":["Ectoplasm","conspire:SeveredTorchhead"],"picked":"Replay:Wanted Poster"},{"not_picked":["OneHitWonderSystem","energizedSpire:RedRose"],"picked":"Philosopher\u0027s Stone"}],"items_purged_floors":[12,37,53,53],"is_endless":false,"potions_floor_spawned":[1,2,6,13,14,20,21,31,33,35,39,42,44,46,48],"ascension_level":8}}