{"host":"1zjc08c6hob33401","time":1611594853,"event":{"mods":["AchievementEnabler","Act Like it!","Aspiration","BaseMod","Downfall","Elementarium","Energized Spire","Evolution","Friendly Minions","Gensokyo","GifTheSpireLib","Hubris","Infinite Spire","Jedi Mod","Menagerie","Minty Spire (QoL Compilation)","Pale of the Ancients","Quick Restart","Reliquary","Replay The Spire","Retaliation","Shop Mod","Spire Arcade","StS++","StSLib","Stuff the Spire","The Blue Laboratory","Wandering Minibosses","??????REMEMod"],"gold_per_floor":[20,50,61,61,79,79,111,111,111,125,143,143,143,143,143,140,140,212,212,1027,1027,1027,1039,1091,1091,1091],"floor_reached":25,"language":"RUS","playtime":1450,"items_purged":[],"score":397,"play_id":"5de3d24f-9d79-4e3a-90fa-963f660131aa","local_time":"20210125191413","is_ascension_mode":true,"campfire_choices":[{"data":"Guardian:CompilePackage","floor":6.0,"key":"SMITH"},{"data":"FIFO Queue","floor":8.0,"key":"SMITH"},{"floor":14.0,"key":"REST"},{"data":"REME_DataAnalysis","floor":17.0,"key":"SMITH"}],"circlet_count":0,"master_deck":["AscendersBane","Ball Lightning","Ball Lightning","Ball Lightning","Defend_B","Defend_B","Defend_B","Defend_B","Zap","Dualcast","Guardian:CompilePackage+1","Violence","FIFO Queue+1","jedi:sharpshooter","Lockon","Compile Driver","Coolheaded","REME_DataAnalysis+1","Barrage","Coolheaded","Biased Cognition","Slimebound:Tackle+1","Slimebound:Tackle+1","Slimebound:Tackle+1","ReplayTheSpireMod:Calculation Training","Go for the Eyes","Coolheaded"],"relics":["Cracked Core","EVO:Axolotl","REME_ComplimentaryCards","Happy Flower","StuffTheSpire:DarkSteelAnvil","Garlic","energizedSpire:EnergizedDie","wanderingMiniBosses:MasterThiefsPresence","Blood Vial"],"acts_visited":["Exordium","TheCity"],"potions_floor_usage":[],"damage_taken":[{"damage":15.0,"enemies":"2 Louse","floor":1.0,"turns":2.0},{"damage":2.0,"enemies":"Jaw Worm","floor":3.0,"turns":2.0},{"damage":6.0,"enemies":"Cultist","floor":5.0,"turns":3.0},{"damage":6.0,"enemies":"Gremlin Nob","floor":7.0,"turns":4.0},{"damage":11.0,"enemies":"Large Slime","floor":10.0,"turns":4.0},{"damage":9.0,"enemies":"3 Louse","floor":11.0,"turns":3.0},{"damage":7.0,"enemies":"Looter","floor":16.0,"turns":5.0},{"damage":31.0,"enemies":"The Guardian","floor":18.0,"turns":9.0},{"damage":0.0,"enemies":"3 Byrds","floor":20.0,"turns":4.0},{"damage":7.0,"enemies":"Spheric Guardian","floor":23.0,"turns":3.0},{"damage":33,"enemies":"REME_1_Revenger","floor":25,"turns":2}],"seed_played":"790350308298101523","potions_obtained":[{"floor":2.0,"key":"blueLaboratory:FrostheartPotion"},{"floor":3.0,"key":"blueLaboratory:SavagePotion"},{"floor":5.0,"key":"ColorlessPotion"},{"floor":11.0,"key":"Languid Potion"},{"floor":16.0,"key":"blueLaboratory:EmptyBottle"}],"is_trial":false,"path_per_floor":["M","?","M","T","M","R","E","R","T","M","M","PTL","PTL","R","?","M","R","B",null,"M","?","?","M","?","E"],"character_chosen":"DEFECT","items_purchased":[],"campfire_rested":1,"item_purchase_floors":[],"current_hp_per_floor":[49,49,47,47,41,41,35,35,35,24,15,15,15,36,40,33,33,2,54,54,54,54,47,24,0,0],"gold":1091,"neow_bonus":"RANDOM_COLORLESS_2","is_daily":false,"chose_seed":false,"campfire_upgraded":3,"win_rate":0.0,"timestamp":1611594853,"path_taken":["M","?","M","?","M","R","E","R","T","M","M","PTL","PTL","R","?","M","R","BOSS","M","?","?","M","?","E"],"items_purchased_type":[],"build_version":"2020-12-22","purchased_purges":0,"victory":false,"max_hp_per_floor":[71,71,71,71,71,71,71,71,71,71,71,71,71,71,71,71,71,71,71,71,71,71,71,71,71,71],"card_choices":[{"not_picked":["Replay:Dark Deal","jedi:RedIncense"],"picked":"Violence","floor":0.0},{"not_picked":["Hologram","ReplayTheSpireMod:Repulse"],"picked":"FIFO Queue","floor":1.0},{"not_picked":["Aggregate","Turbo"],"picked":"jedi:sharpshooter","floor":2.0},{"not_picked":["StuffTheSpire:LoadUp","StuffTheSpire:Plugnplay"],"picked":"Lockon","floor":3.0},{"not_picked":["Scrape","Streamline"],"picked":"Compile Driver","floor":5.0},{"not_picked":["Darkness","jedi:BurstLightning"],"picked":"Coolheaded","floor":7.0},{"not_picked":["Conserve Battery","Redo"],"picked":"REME_DataAnalysis","floor":10.0},{"not_picked":["Gash","BasicCrystalCard"],"picked":"Barrage","floor":11.0},{"not_picked":["jedi:BurstFrost","Hello World"],"picked":"Coolheaded","floor":16.0},{"not_picked":["Seek","hubris:Prefetch"],"picked":"Biased Cognition","floor":18.0},{"not_picked":["jedi:BurstLightning","Compile Driver","Redo"],"picked":"SKIP","floor":20.0},{"not_picked":["jedi:spotbugs+1","Beam Cell"],"picked":"ReplayTheSpireMod:Calculation Training","floor":23.0},{"not_picked":["Stack","Rebound"],"picked":"Go for the Eyes","floor":24},{"not_picked":["Hologram","Turbo"],"picked":"Coolheaded","floor":24}],"player_experience":699272,"relics_obtained":[{"floor":4.0,"key":"Happy Flower"},{"floor":7.0,"key":"StuffTheSpire:DarkSteelAnvil"},{"floor":9.0,"key":"Garlic"},{"floor":20.0,"key":"wanderingMiniBosses:MasterThiefsPresence"},{"floor":24,"key":"Blood Vial"}],"event_choices":[],"is_beta":false,"boss_relics":[{"not_picked":["hubris:Stopwatch","Replay:Bronze Core"],"picked":"energizedSpire:EnergizedDie"}],"items_purged_floors":[],"is_endless":false,"potions_floor_spawned":[3,5,11,16,23],"killed_by":"REME_1_Revenger","ascension_level":17}}