{"host":"c2vrdknshfutmcsq","time":1611574120,"event":{"mods":["BaseMod","Minty Spire (QoL Compilation)"],"gold_per_floor":[119,130,143,123,138,167,187,207,207,219,219,132,144,157,157,235,285,261,280,296,296,296,296,296,296],"floor_reached":24,"language":"ENG","playtime":2495,"items_purged":["Strike_B"],"score":388,"play_id":"69a0ccc2-bcd7-44a3-bbfc-96bff163236c","local_time":"20210125122840","is_ascension_mode":true,"campfire_choices":[{"floor":11.0,"key":"REST"},{"data":"Dualcast","floor":15.0,"key":"SMITH"},{"floor":23.0,"key":"REST"}],"circlet_count":0,"master_deck":["AscendersBane","Strike_B","Strike_B","Strike_B","Defend_B","Defend_B","Defend_B","Defend_B","Zap","Dualcast+1","Glacier","Barrage","Rainbow","Rebound","Genetic Algorithm","Beam Cell","FTL+1","Compile Driver","Doom and Gloom","Go for the Eyes","Conserve Battery","All For One","Melter","Streamline","Reboot","FTL","Genetic Algorithm"],"relics":["Cracked Core","NeowsBlessing","Smiling Mask","Regal Pillow","Tiny House","Enchiridion"],"acts_visited":["Exordium","TheCity"],"potions_floor_usage":[24],"damage_taken":[{"damage":0.0,"enemies":"Jaw Worm","floor":1.0,"turns":1.0},{"damage":0.0,"enemies":"Cultist","floor":2.0,"turns":1.0},{"damage":0.0,"enemies":"2 Louse","floor":3.0,"turns":1.0},{"damage":6.0,"enemies":"Blue Slaver","floor":5.0,"turns":3.0},{"damage":14.0,"enemies":"3 Sentries","floor":6.0,"turns":7.0},{"damage":16.0,"enemies":"Exordium Thugs","floor":7.0,"turns":7.0},{"damage":11.0,"enemies":"2 Fungi Beasts","floor":8.0,"turns":4.0},{"damage":0.0,"enemies":"Large Slime","floor":10.0,"turns":4.0},{"damage":2.0,"enemies":"Looter","floor":13.0,"turns":3.0},{"damage":9.0,"enemies":"3 Louse","floor":14.0,"turns":2.0},{"damage":14.0,"enemies":"Slime Boss","floor":16.0,"turns":9.0},{"damage":5.0,"enemies":"2 Thieves","floor":18.0,"turns":4.0},{"damage":20.0,"enemies":"3 Byrds","floor":19.0,"turns":6.0},{"damage":0.0,"enemies":"Sentry and Sphere","floor":20.0,"turns":2.0},{"damage":4,"enemies":"Gremlin Leader","floor":24,"turns":7}],"seed_played":"2351846462535424582","potions_obtained":[{"floor":2.0,"key":"Energy Potion"},{"floor":4.0,"key":"LiquidBronze"},{"floor":6.0,"key":"DuplicationPotion"},{"floor":7.0,"key":"EssenceOfSteel"},{"floor":17.0,"key":"ColorlessPotion"},{"floor":18.0,"key":"SpeedPotion"}],"is_trial":false,"path_per_floor":["M","M","M","?","M","E","M","M","T","M","R","$","M","M","R","B",null,"M","M","M","?","?","R","E"],"character_chosen":"DEFECT","items_purchased":["Doom and Gloom"],"campfire_rested":2,"item_purchase_floors":[12],"current_hp_per_floor":[64,64,64,64,58,44,28,17,17,17,53,53,51,42,42,28,65,60,40,40,19,19,56,52,52],"gold":296,"neow_bonus":"THREE_ENEMY_KILL","is_daily":false,"chose_seed":false,"campfire_upgraded":1,"win_rate":0.0,"timestamp":1611574120,"path_taken":["M","M","M","?","M","E","M","?","T","M","R","?","?","M","R","BOSS","M","M","M","?","?","R","E"],"items_purchased_type":["Card"],"build_version":"2020-12-22","purchased_purges":1,"victory":false,"max_hp_per_floor":[71,71,71,71,71,71,71,71,71,71,71,71,71,71,71,71,76,76,76,76,76,76,76,76,76],"card_choices":[{"not_picked":["Hologram","Go for the Eyes"],"picked":"Glacier","floor":1.0},{"not_picked":["Turbo","Capacitor"],"picked":"Barrage","floor":2.0},{"not_picked":["Streamline","Skim"],"picked":"Rainbow","floor":3.0},{"not_picked":["White Noise","Redo"],"picked":"Rebound","floor":5.0},{"not_picked":["Steam","Heatsinks"],"picked":"Genetic Algorithm","floor":6.0},{"not_picked":["Meteor Strike","White Noise"],"picked":"Beam Cell","floor":7.0},{"not_picked":["Gash","Coolheaded"],"picked":"FTL","floor":8.0},{"not_picked":["Steam","Self Repair"],"picked":"Compile Driver","floor":10.0},{"not_picked":["Genetic Algorithm","Steam"],"picked":"Go for the Eyes","floor":13.0},{"not_picked":["Streamline","Barrage"],"picked":"Conserve Battery","floor":14.0},{"not_picked":["Hyperbeam","Rainbow"],"picked":"All For One","floor":16.0},{"not_picked":["Turbo","Static Discharge"],"picked":"Melter","floor":17.0},{"not_picked":["Sweeping Beam","Recycle"],"picked":"Streamline","floor":18.0},{"not_picked":["Coolheaded","Hologram+1"],"picked":"Reboot","floor":19.0},{"not_picked":["Stack","Hologram"],"picked":"FTL","floor":20.0}],"player_experience":1296509,"relics_obtained":[{"floor":6.0,"key":"Smiling Mask"},{"floor":9.0,"key":"Regal Pillow"},{"floor":21.0,"key":"Enchiridion"}],"event_choices":[{"damage_healed":0.0,"max_hp_gain":0.0,"max_hp_loss":0.0,"gold_gain":0.0,"event_name":"The Woman in Blue","player_choice":"Bought 1 Potion","floor":4.0,"gold_loss":0.0,"damage_taken":0.0},{"damage_healed":0.0,"max_hp_gain":0.0,"max_hp_loss":0.0,"gold_gain":0.0,"event_name":"Cursed Tome","player_choice":"Obtained Book","floor":21.0,"gold_loss":0.0,"damage_taken":21.0},{"damage_healed":0.0,"max_hp_gain":0.0,"max_hp_loss":0.0,"gold_gain":0.0,"event_name":"Duplicator","player_choice":"Copied","floor":22.0,"gold_loss":0.0,"damage_taken":0.0,"cards_obtained":["Genetic Algorithm"]}],"is_beta":false,"boss_relics":[{"not_picked":["Empty Cage","Snecko Eye"],"picked":"Tiny House"}],"items_purged_floors":[12],"is_endless":false,"potions_floor_spawned":[2,6,7,8,10,18],"killed_by":"Gremlin Leader","ascension_level":18}}