{"host":"yqa5il53nhlo2jdd","time":1611549361,"event":{"mods":["AchievementEnabler","Arknights The Spire","BaseMod","BetterRewards","Minty Spire (QoL Compilation)","StSLib","[IsaacMod]ÒÔÈö¼âËþ"],"gold_per_floor":[213,228,73,6,26,26,39,59,59,9,9,26,26,26],"floor_reached":13,"language":"ZHS","playtime":583,"items_purged":[],"score":100,"play_id":"7d780718-9821-420f-a56c-ab42631b0625","local_time":"20210125123601","is_ascension_mode":true,"campfire_choices":[{"data":"ats:Emotion Absorption","floor":6,"key":"SMITH"},{"floor":11,"key":"REST"}],"circlet_count":0,"master_deck":["ats:Strike C","ats:Strike G","ats:Strike S","ats:Strike V","ats:Defend","ats:Defend","ats:Defend","ats:Defend","ats:Emotion Absorption+1","ats:Hammer On","ats:Red Shift"],"relics":["ats:Sanity","HushsDoor","DeadEye","Happy Flower","Art of War","ats:Bonebreaker"],"acts_visited":["Exordium"],"potions_floor_usage":[12,13],"damage_taken":[{"damage":10,"enemies":"Cultist","floor":1,"turns":4},{"damage":0,"enemies":"2 Louse","floor":2,"turns":3},{"damage":7,"enemies":"Small Slimes","floor":5,"turns":2},{"damage":16,"enemies":"Exordium Thugs","floor":7,"turns":4},{"damage":8,"enemies":"Blue Slaver","floor":8,"turns":4},{"damage":11,"enemies":"Lots of Slimes","floor":12,"turns":5},{"damage":35,"enemies":"3 Sentries","floor":13,"turns":5}],"seed_played":"5715848263296766420","potions_obtained":[{"floor":5,"key":"Dexterity Potion"},{"floor":8,"key":"ats:Top Emergency Sanity Potion"},{"floor":12,"key":"Explosive Potion"}],"is_trial":false,"path_per_floor":["M","M","$","?","M","R","M","M","T","?","R","M","E"],"character_chosen":"DOCTOR_CLASS","items_purchased":["Happy Flower"],"campfire_rested":1,"item_purchase_floors":[3],"current_hp_per_floor":[55,55,55,55,48,48,32,24,24,24,45,34,0,0],"gold":26,"neow_bonus":"HUNDRED_GOLD","is_daily":false,"chose_seed":false,"campfire_upgraded":1,"win_rate":0.0,"timestamp":1611549361,"path_taken":["M","?","$","?","M","R","M","M","T","?","R","M","E"],"items_purchased_type":["Relic"],"build_version":"2020-12-22","purchased_purges":0,"victory":false,"max_hp_per_floor":[72,72,72,72,72,72,72,72,72,72,72,72,72,72],"card_choices":[{"not_picked":["ats:Shell Defense","ats:Flame Of Heaven"],"picked":"ats:Hammer On","floor":1},{"not_picked":["ats:Phantom","ats:Powerful Strike","ats:Flame Of Heaven"],"picked":"SKIP","floor":2},{"not_picked":["ats:Defend Order","ats:Consecutive Shot Auto","ats:Cat Scratch"],"picked":"SKIP","floor":5},{"not_picked":["ats:Part Time Job","ats:Neurotoxin","ats:Cat Scratch"],"picked":"SKIP","floor":7},{"not_picked":["ats:Ignite","ats:Assault Order","ats:Consecutive Shot Auto"],"picked":"SKIP","floor":8},{"not_picked":["ats:Very Hot Blade","ats:Leaping Hammer"],"picked":"ats:Red Shift","floor":12}],"player_experience":683373,"relics_obtained":[{"floor":9,"key":"ats:Bonebreaker"}],"event_choices":[{"damage_healed":0,"gold_gain":0,"player_choice":"Paid Gold","damage_taken":0,"relics_obtained":["Art of War"],"max_hp_gain":0,"max_hp_loss":0,"event_name":"WeMeetAgain","floor":4,"gold_loss":67},{"cards_removed":["ats:Armor Crushing Shot"],"damage_healed":0,"gold_gain":0,"player_choice":"Card Removal","damage_taken":0,"max_hp_gain":0,"max_hp_loss":0,"event_name":"The Cleric","floor":10,"gold_loss":50}],"is_beta":false,"boss_relics":[],"items_purged_floors":[],"is_endless":false,"potions_floor_spawned":[5,8,12],"killed_by":"3 Sentries","ascension_level":6}}