{"host":"fligtxqnrbjmaaid","time":1611553020,"event":{"mods":["ATMod(°¢èªMod)","AchievementEnabler","Act Like it!","BaseMod","Dota2Spire","Downfall","Hallownest","Infinite Spire","Lobotomy","Marisa£¨ìFÓê¡¡Ä§ÀíÉ³£©","Minty Spire (QoL Compilation)","Replay The Spire","StSLib","The Blackbeard","The Construct","The Cursed","The Gatherer","The Runesmith","[IsaacMod]ÒÔÈö¼âËþ"],"gold_per_floor":[110,129,139,139,154,185,185,204,204,204,53,72,82,82,82,184,184,184,184],"floor_reached":18,"language":"ZHS","playtime":894,"items_purged":[],"score":164,"play_id":"18d0c24c-73bd-4ba7-8447-0c642f28654b","local_time":"20210125133700","is_ascension_mode":false,"campfire_choices":[{"floor":7,"key":"RECALL"},{"data":"Life Link","floor":10,"key":"SMITH"},{"data":"Anger","floor":15,"key":"SMITH"}],"circlet_count":0,"master_deck":["Strike_R","Strike_R","Strike_R","Strike_R","Strike_R","Defend_R","Defend_R","Defend_R","Defend_R","Bash","Anger","ReplayTheSpireMod:Stacked","Anger+1","Second Wind","Defend_R","Life Link+1","Replay:Undeath\u0027s Touch","Demonic Infusion"],"relics":["Burning Blood","HushsDoor","AT_ATBox","PillsDrop","Dota2Spire:LotusOrb","AnarchistCookbook","AT_SunfireAegis","ChewingGum","Incubus"],"acts_visited":["Exordium","TheCity"],"potions_floor_usage":[16,16,16],"damage_taken":[{"damage":8,"enemies":"Jaw Worm","floor":1,"turns":3},{"damage":6,"enemies":"Cultist","floor":2,"turns":3},{"damage":0,"enemies":"Small Slimes","floor":3,"turns":4},{"damage":5,"enemies":"2 Fungi Beasts","floor":5,"turns":4},{"damage":14,"enemies":"Gremlin Nob","floor":6,"turns":3},{"damage":8,"enemies":"Blue Slaver","floor":8,"turns":4},{"damage":8,"enemies":"3 Louse","floor":12,"turns":4},{"damage":4,"enemies":"Red Slaver","floor":13,"turns":2},{"damage":66,"enemies":"The Guardian","floor":16,"turns":7},{"damage":0,"enemies":"Shell Parasite","floor":18,"turns":1}],"seed_played":"4762338412058835838","potions_obtained":[{"floor":2,"key":"Fire Potion"},{"floor":5,"key":"BloodPotion"},{"floor":12,"key":"ElixirPotion"},{"floor":13,"key":"Toxic Potion"},{"floor":16,"key":"Toxic Potion"}],"is_trial":false,"path_per_floor":["M","M","M","?","M","E","R","M","T","R","$","M","M","?","R","B",null,"M"],"character_chosen":"IRONCLAD","items_purchased":["AT_SunfireAegis","Incubus"],"campfire_rested":0,"item_purchase_floors":[11,17],"current_hp_per_floor":[78,78,80,80,80,72,72,70,70,70,70,68,70,70,70,25,55,55,55],"gold":184,"neow_bonus":"THREE_CARDS","is_daily":false,"chose_seed":false,"campfire_upgraded":2,"win_rate":0.0,"timestamp":1611553020,"path_taken":["M","M","M","?","M","E","R","M","T","R","$","?","M","?","R","BOSS","M"],"items_purchased_type":["Relic","Relic"],"build_version":"2020-12-22","purchased_purges":0,"victory":false,"max_hp_per_floor":[80,80,80,80,80,80,80,75,75,75,75,75,75,75,75,75,55,55,55],"card_choices":[{"not_picked":[],"picked":"SuicideKing","floor":0},{"not_picked":["Seeing Red","Dark Embrace"],"picked":"Anger","floor":0},{"not_picked":["Thunderclap","Seeing Red"],"picked":"ReplayTheSpireMod:Stacked","floor":1},{"not_picked":["Flame Barrier","Bomb"],"picked":"Anger","floor":2},{"not_picked":["Pommel Strike","Warcry"],"picked":"Second Wind","floor":3},{"not_picked":["Clash","Body Slam"],"picked":"Bomb","floor":5},{"not_picked":["Dual Wield","Rupture"],"picked":"Life Link","floor":6},{"not_picked":["Clash","ReplayTheSpireMod:Strike From Hell","Defy Death"],"picked":"SKIP","floor":8},{"not_picked":["Bloodletting","ReplayReversal","Twin Strike"],"picked":"SKIP","floor":12},{"not_picked":["Shrug It Off","Clash"],"picked":"Replay:Undeath\u0027s Touch","floor":13},{"not_picked":["Immolate","Berserk"],"picked":"Demonic Infusion","floor":16}],"player_experience":69531,"relics_obtained":[{"floor":6,"key":"Dota2Spire:LotusOrb"},{"floor":9,"key":"AnarchistCookbook"}],"event_choices":[{"cards_removed":["SuicideKing"],"damage_healed":0,"gold_gain":0,"player_choice":"Took Card","damage_taken":0,"max_hp_gain":0,"max_hp_loss":0,"event_name":"NoteForYourself","floor":4,"gold_loss":0,"cards_obtained":["Defend_R"]}],"is_beta":false,"boss_relics":[{"not_picked":["bronze:MakeshiftBattery","ReplayTheSpireMod:SealedPack"],"picked":"ChewingGum"},{"not_picked":[]}],"items_purged_floors":[],"is_endless":false,"potions_floor_spawned":[2,5,12,13,16],"killed_by":"Shell Parasite","ascension_level":0}}