{"host":"ecaj4hn004xnnrw9","time":1611532289,"event":{"mods":["AchievementEnabler","BaseMod","Better Third Choice","Card Forge","Hermit","Hubris","Infinite Spire","Jorbs\u0027s Wanderer Trilogy","Minty Spire (QoL Compilation)","Quick Restart","Relic Stats","Shop Mod","StSLib","The Construct","The Jungle","The Runesmith"],"gold_per_floor":[116,116,116,136,152,181,195,195,222,251,269,304,317,330,330,408,408,427,427,121,171,182,182,199,199,199,199,224,224,224,236,236,311,311,327,327,62,79,79,79],"floor_reached":39,"language":"ENG","playtime":1577,"items_purged":["Strike_R","Decay","Demon Form"],"score":1017,"play_id":"ea6c429e-c3c6-491f-a586-61191fd0a909","local_time":"20210124235129","is_ascension_mode":true,"campfire_choices":[{"data":"Inflame","floor":8,"key":"SMITH"},{"data":"Perfected Strike","floor":15,"key":"SMITH"},{"data":"Perfected Strike","floor":23,"key":"SMITH"},{"data":"Perfected Strike","floor":32,"key":"SMITH"}],"circlet_count":0,"master_deck":["AscendersBane","Strike_R","Strike_R","Strike_R","Strike_R","Defend_R","Defend_R","Defend_R","Defend_R","Bash","infinitespire:OneForAll","infinitespire:FinalStrike","Twin Strike","Whirlwind","Inflame+1","Perfected Strike+1","Perfected Strike+1","Ghostly Armor","Perfected Strike","Feed","Sentinel+1","Necronomicurse","Perfected Strike+1","infinitespire:Collect","Double Tap","hubris:StunningStrike","Shrug It Off+1","hermit:Dive"],"relics":["Burning Blood","Hammer of Thor","Seething Fire","Anvil of the Gods","NeowsBlessing","Gremlin Horn","Blue Candle","Juzu Bracelet","Potion Belt","MealTicket","Cursed Key","Necronomicon","Anchor","Bottled Lightning","Runic Dome","hubris:IronBody","Runic Pyramid","PrismaticShard"],"acts_visited":["Exordium","TheCity","TheBeyond"],"potions_floor_usage":[16,39,39,39],"damage_taken":[{"damage":0,"enemies":"Cultist","floor":1,"turns":1},{"damage":0,"enemies":"Jaw Worm","floor":4,"turns":1},{"damage":0,"enemies":"2 Louse","floor":5,"turns":1},{"damage":30,"enemies":"Lagavulin","floor":6,"turns":6},{"damage":7,"enemies":"Large Slime","floor":7,"turns":5},{"damage":15,"enemies":"3 Sentries","floor":10,"turns":5},{"damage":0,"enemies":"Blue Slaver","floor":11,"turns":1},{"damage":20,"enemies":"Lagavulin","floor":12,"turns":5},{"damage":0,"enemies":"Gremlin Gang","floor":13,"turns":3},{"damage":12,"enemies":"Looter","floor":14,"turns":3},{"damage":0,"enemies":"Slime Boss","floor":16,"turns":3},{"damage":12,"enemies":"2 Thieves","floor":18,"turns":2},{"damage":0,"enemies":"3 Byrds","floor":22,"turns":1},{"damage":0,"enemies":"Centurion and Healer","floor":24,"turns":2},{"damage":0,"enemies":"Slavers","floor":28,"turns":1},{"damage":0,"enemies":"Snake Plant","floor":31,"turns":1},{"damage":11,"enemies":"Champ","floor":33,"turns":5},{"damage":0,"enemies":"3 Shapes","floor":35,"turns":2},{"damage":0,"enemies":"Orb Walker","floor":38,"turns":1},{"damage":0,"enemies":"infinitespire:Three Voidlings","floor":39,"turns":1},{"damage":85,"enemies":"Nightmare_Alpha","floor":39,"turns":7}],"seed_played":"-1624228032008139030","potions_obtained":[{"floor":5,"key":"Explosive Potion"},{"floor":7,"key":"Strength Potion"},{"floor":11,"key":"Fire Potion"},{"floor":13,"key":"Weak Potion"},{"floor":18,"key":"construct:ShiftPotion"},{"floor":38,"key":"PowerPotion"}],"is_trial":false,"path_per_floor":["M","?","T","M","M","E","M","R","T","E","M","E","M","M","R","B",null,"M","?","$","?","M","R","M","T","T","AVR","E","?","?","M","R","B",null,"M","?","$","M","?"],"character_chosen":"IRONCLAD","items_purchased":["Anchor","Perfected Strike","PrismaticShard"],"campfire_rested":0,"item_purchase_floors":[20,20,37],"current_hp_per_floor":[74,56,56,62,68,44,43,43,43,34,40,26,32,26,26,32,64,58,37,52,52,58,58,64,64,64,64,70,70,70,75,75,70,74,78,78,78,78,0,0],"gold":79,"neow_bonus":"THREE_ENEMY_KILL","is_daily":false,"chose_seed":false,"campfire_upgraded":4,"win_rate":0.0,"timestamp":1611532289,"path_taken":["M","?","?","M","?","E","M","R","T","E","M","E","M","M","R","BOSS","M","?","$","?","M","R","M","?","T","AVR","E","?","?","M","R","BOSS","M","?","$","M","?"],"items_purchased_type":["Relic","Card","Relic"],"build_version":"2020-12-22","purchased_purges":3,"victory":false,"max_hp_per_floor":[75,75,75,75,75,75,75,75,75,75,75,75,75,75,75,75,75,75,75,75,75,75,75,75,75,75,75,75,75,75,75,75,75,75,78,78,78,78,81,81],"relic_stats":{"Gremlin Horn":[16,16],"counters":[21,57],"Blue Candle":[3],"MealTicket":15,"Juzu Bracelet":2,"Necronomicon":[17],"Cursed Key":1,"obtain_stats":[{"Potion Belt":10,"NeowsBlessing":0,"Gremlin Horn":3,"Blue Candle":6,"Hammer of Thor":0,"Juzu Bracelet":9,"Seething Fire":0,"Cursed Key":17,"PrismaticShard":37,"Burning Blood":0,"Runic Dome":27,"Anchor":20,"Anvil of the Gods":0,"MealTicket":12,"hubris:IronBody":28,"Necronomicon":19,"Bottled Lightning":27,"Runic Pyramid":34},{"Potion Belt":6,"NeowsBlessing":0,"Gremlin Horn":1,"Blue Candle":4,"Hammer of Thor":0,"Juzu Bracelet":5,"Seething Fire":0,"Cursed Key":11,"PrismaticShard":18,"Burning Blood":0,"Runic Dome":14,"Anchor":12,"Anvil of the Gods":0,"MealTicket":8,"hubris:IronBody":15,"Necronomicon":12,"Bottled Lightning":14,"Runic Pyramid":17},{"Potion Belt":19,"NeowsBlessing":0,"Gremlin Horn":1,"Blue Candle":9,"Hammer of Thor":0,"Juzu Bracelet":14,"Seething Fire":0,"Cursed Key":34,"PrismaticShard":48,"Burning Blood":0,"Runic Dome":39,"Anchor":36,"Anvil of the Gods":0,"MealTicket":25,"hubris:IronBody":40,"Necronomicon":36,"Bottled Lightning":39,"Runic Pyramid":46}],"Burning Blood":102},"card_choices":[{"not_picked":["Sword Boomerang","Clash"],"picked":"infinitespire:OneForAll","floor":1},{"not_picked":["infinitespire:Starlight","infinitespire:UltimateForm"],"picked":"infinitespire:FinalStrike","floor":2},{"not_picked":["Rupture","Warcry"],"picked":"Twin Strike","floor":4},{"not_picked":["Metallicize","Carnage"],"picked":"Whirlwind","floor":5},{"not_picked":["Clothesline","hubris:SharpeningStone"],"picked":"Inflame","floor":6},{"not_picked":["Wild Strike","Cleave"],"picked":"Perfected Strike","floor":7},{"not_picked":["Infernal Blade","Bludgeon"],"picked":"Perfected Strike","floor":10},{"not_picked":["Body Slam","Headbutt","Heavy Blade"],"picked":"SKIP","floor":11},{"not_picked":["Seeing Red","Flex"],"picked":"Pommel Strike","floor":12},{"not_picked":["Clash","Blood for Blood"],"picked":"Ghostly Armor","floor":13},{"not_picked":["Clash","Armaments"],"picked":"Perfected Strike","floor":14},{"not_picked":["Juggernaut","hubris:StunningStrike"],"picked":"Feed","floor":16},{"not_picked":["Spot Weakness","Sword Boomerang"],"picked":"Sentinel+1","floor":18},{"not_picked":["Clash","Thunderclap","Bloodletting"],"picked":"SKIP","floor":22},{"not_picked":["Havoc","Warcry","Blood for Blood"],"picked":"SKIP","floor":24},{"not_picked":["Clothesline","Pommel Strike"],"picked":"Double Tap","floor":28},{"not_picked":["Hemokinesis+1","Headbutt","Infernal Blade"],"picked":"SKIP","floor":31},{"not_picked":["Fiend Fire","Reaper"],"picked":"hubris:StunningStrike","floor":33},{"not_picked":["Pommel Strike","True Grit"],"picked":"Shrug It Off+1","floor":35},{"not_picked":["stsjorbsmod:AnimateObjects","PiercingWail"],"picked":"hermit:Dive","floor":38}],"player_experience":409390,"relics_obtained":[{"floor":3,"key":"Gremlin Horn"},{"floor":6,"key":"Blue Candle"},{"floor":9,"key":"Juzu Bracelet"},{"floor":10,"key":"Potion Belt"},{"floor":12,"key":"MealTicket"},{"floor":19,"key":"Necronomicon"},{"floor":28,"key":"hubris:IronBody"}],"event_choices":[{"damage_healed":0,"gold_gain":0,"player_choice":"Obtained Book","damage_taken":21,"max_hp_gain":0,"max_hp_loss":0,"event_name":"Cursed Tome","floor":19,"gold_loss":0},{"damage_healed":0,"gold_gain":50,"player_choice":"Steal","damage_taken":0,"max_hp_gain":0,"max_hp_loss":0,"event_name":"betterThird:BetterNest","floor":21,"gold_loss":0},{"damage_healed":0,"gold_gain":0,"player_choice":"Ignored","damage_taken":0,"max_hp_gain":0,"max_hp_loss":0,"event_name":"Vampires","floor":29,"gold_loss":0},{"damage_healed":0,"gold_gain":0,"cards_transformed":["Pommel Strike"],"player_choice":"Transformed","damage_taken":0,"max_hp_gain":0,"max_hp_loss":0,"event_name":"Transmorgrifier","floor":30,"gold_loss":0,"cards_obtained":["Demon Form"]},{"damage_healed":0,"gold_gain":0,"player_choice":"Ignored","damage_taken":0,"max_hp_gain":0,"max_hp_loss":0,"event_name":"Tomb of Lord Red Mask","floor":36,"gold_loss":0}],"is_beta":false,"boss_relics":[{"not_picked":["hubris:HollowSoul","Runic Cube"],"picked":"Cursed Key"},{"not_picked":["hubris:BlackHole","hubris:GrandSneckoEye"],"picked":"Runic Pyramid"}],"items_purged_floors":[20,27,37],"is_endless":false,"potions_floor_spawned":[5,7,11,13,14,18,22,24,31,38,39],"killed_by":"Nightmare_Alpha","ascension_level":20}}