{"host":"1p8eqzpvl5sxeu5t","time":1611585324,"event":{"mods":["BaseMod","Bestiary","Block Reminder","Colored Map","Colored Powertips","Curses Come First","Downfall","Highlight Path","Minty Spire (QoL Compilation)","Relic Stats","StSLib","The IronCluck","Waifu the Spire","everything is the same but u backflip on backflip","slay the spire mod where everything is the same but ironclad has a cowboy hat"],"gold_per_floor":[99,111,111,123,139,171,247,277,294,305,32,51,78,96,115,218,218,118,133,133,146,245,245,245,245,258,258,58,58,92,105,123,218,218,218,230,1,18,28,28,51,84,84,96,96,131,131,165,184,184,184,210,66,66,66,66],"floor_reached":57,"language":"ENG","playtime":3221,"items_purged":[],"score":1440,"play_id":"7db8ae33-de5e-4f5e-9fa8-aa0bd55ad790","local_time":"20210125223524","is_ascension_mode":true,"campfire_choices":[{"data":"bronze:Goto","floor":1.0,"key":"SMITH"},{"floor":18,"key":"RECALL"},{"floor":28,"key":"REST"},{"data":"bronze:HardenedForm","floor":35,"key":"SMITH"},{"data":"bronze:Library","floor":40,"key":"SMITH"},{"data":"bronze:CloningBeam","floor":45,"key":"SMITH"},{"data":"bronze:Repulsor","floor":47,"key":"SMITH"},{"data":"bronze:Iterate","floor":54,"key":"SMITH"}],"circlet_count":0,"master_deck":["bronze:Defend","bronze:Defend","bronze:Defend","bronze:Defend","bronze:Replicate","bronze:Goto+1","bronze:Virus","bronze:Iterate+1","bronze:Boost","bronze:CloningBeam+1","bronze:Assembly","bronze:ChosenStrike","bronze:Deprecate","bronze:HyperBeam","bronze:ForLoop","bronze:Terminator","bronze:Library+1","Slimebound:Tackle+1","Slimebound:Tackle+1","Slimebound:Tackle+1","bronze:Repulsor+1","Necronomicurse","bronze:Boost","bronze:Fortify+1","bronze:HardenedForm+1","bronze:Iterate+1","bronze:ThunderWave"],"relics":["bronze:BronzeCore","Ancient Tea Set","InkBottle","Shuriken","Eternal Feather","Philosopher\u0027s Stone","downfall:HeartBlessingGreen","Vajra","downfall:RedIOU","Gremlin Horn","Necronomicon","downfall:HeartBlessingRed","downfall:HeartBlessingBlue","Question Card","Busted Crown","OrangePellets","Lantern","Toy Ornithopter","Potion Belt","Dead Branch"],"acts_visited":["Exordium","TheCity","TheBeyond","TheEnding"],"potions_floor_usage":[13,15,16,33,50,55,56,56,56],"damage_taken":[{"damage":3.0,"enemies":"Small Slimes","floor":2.0,"turns":2.0},{"damage":0.0,"enemies":"Cultist","floor":4.0,"turns":3.0},{"damage":2.0,"enemies":"Jaw Worm","floor":5.0,"turns":3.0},{"damage":2.0,"enemies":"Gremlin Nob","floor":6.0,"turns":4.0},{"damage":15.0,"enemies":"3 Sentries","floor":8.0,"turns":4.0},{"damage":0.0,"enemies":"Blue Slaver","floor":9.0,"turns":1.0},{"damage":1.0,"enemies":"2 Fungi Beasts","floor":10.0,"turns":2.0},{"damage":0,"enemies":"downfall:FleeingMerchant","floor":11,"turns":4},{"damage":6,"enemies":"Lots of Slimes","floor":12,"turns":3},{"damage":0,"enemies":"Gremlin Nob","floor":13,"turns":3},{"damage":9,"enemies":"Red Slaver","floor":14,"turns":2},{"damage":15,"enemies":"Gremlin Gang","floor":15,"turns":3},{"damage":7,"enemies":"IC_STATUS_ARCHETYPE","floor":16,"turns":3},{"damage":6,"enemies":"3 Byrds","floor":19,"turns":3},{"damage":0,"enemies":"3 Cultists","floor":21,"turns":3},{"damage":20,"enemies":"downfall:FleeingMerchant","floor":22,"turns":4},{"damage":11,"enemies":"Chosen and Byrds","floor":26,"turns":3},{"damage":0,"enemies":"Gremlin Leader","floor":30,"turns":3},{"damage":0,"enemies":"Centurion and Healer","floor":31,"turns":2},{"damage":16,"enemies":"Shelled Parasite and Fungi","floor":32,"turns":3},{"damage":44,"enemies":"SI_MIRROR_ARCHETYPE","floor":33,"turns":5},{"damage":4,"enemies":"3 Shapes","floor":36,"turns":4},{"damage":12,"enemies":"Orb Walker","floor":38,"turns":3},{"damage":9,"enemies":"4 Shapes","floor":39,"turns":3},{"damage":15,"enemies":"Reptomancer","floor":42,"turns":4},{"damage":5,"enemies":"Jaw Worm Horde","floor":44,"turns":2},{"damage":7,"enemies":"Giant Head","floor":46,"turns":5},{"damage":31,"enemies":"Nemesis","floor":48,"turns":3},{"damage":0,"enemies":"3 Darklings","floor":49,"turns":1},{"damage":20,"enemies":"DF_ARCHETYPE_ORBS","floor":50,"turns":5},{"damage":0,"enemies":"downfall:CharBossMerchant","floor":52,"turns":4},{"damage":6,"enemies":"downfall:NeowBoss","floor":55,"turns":6},{"damage":88,"enemies":"downfall:NeowBossFinal","floor":56,"turns":7}],"seed_played":"1543898324275622555","potions_obtained":[{"floor":5.0,"key":"PowerPotion"},{"floor":6.0,"key":"Fire Potion"},{"floor":8.0,"key":"Guardian:BlockOnCardUsePotion"},{"floor":9.0,"key":"PowerPotion"},{"floor":14,"key":"Explosive Potion"},{"floor":16,"key":"champ:CounterPotion"},{"floor":26,"key":"GamblersBrew"},{"floor":36,"key":"hexamod:SoulburnPotion"},{"floor":46,"key":"sneckomod:MuddlingPotion"},{"floor":48,"key":"Slimebound:ThreeZeroPotion"},{"floor":52,"key":"FearPotion"}],"is_trial":false,"path_per_floor":["R","M","?","M","M","E","T","E","M","M","$","M","E","M","M","B",null,"R","M","?","M","$","?","T","T","M","?","R","?","E","M","M","B",null,"R","M","$","M","M","R","T","E","$","M","R","E","R","E","M","B",null,"E","$","R","B","B",null],"character_chosen":"THE_AUTOMATON","items_purchased":["Shuriken","Vajra","bronze:Repulsor","OrangePellets","DuplicationPotion","bronze:ThunderWave"],"campfire_rested":1,"item_purchase_floors":[11,22,22,37,37,53],"current_hp_per_floor":[70,67,67,67,65,63,63,48,48,47,47,41,41,32,17,10,70,70,64,64,64,44,44,44,44,33,17,63,63,63,63,47,3,80,80,76,76,64,55,70,70,55,55,50,65,58,73,42,42,27,80,80,80,80,74,1],"gold":66,"neow_bonus":"THREE_RARE_CARDS","is_daily":false,"chose_seed":false,"campfire_upgraded":6,"win_rate":0.0,"timestamp":1611585324,"path_taken":["R","M","?","?","?","E","T","E","M","M","$","M","E","M","M","BOSS","R","M","?","M","$","?","T","?","M","?","R","?","E","M","M","BOSS","R","M","?","?","M","R","T","E","$","?","R","E","R","E","M","BOSS","E","$","R","BOSS","BOSS"],"items_purchased_type":["Relic","Relic","Card","Relic","Potion","Card"],"build_version":"2020-12-22","purchased_purges":0,"victory":true,"max_hp_per_floor":[70,70,70,70,70,70,70,70,70,70,70,70,70,70,70,70,70,70,70,70,70,70,70,70,70,70,70,80,80,80,80,80,80,80,80,80,80,80,80,80,80,80,80,80,80,80,80,80,80,80,80,80,80,80,80,80],"relic_stats":{"OrangePellets":[4],"Busted Crown":18,"Gremlin Horn":[23,24],"counters":[33,110],"Shuriken":[79],"Dead Branch":[72],"Eternal Feather":57,"Necronomicon":[28],"Question Card":12,"obtain_stats":[{"Potion Belt":46,"Lantern":41,"bronze:BronzeCore":0,"Gremlin Horn":25,"downfall:HeartBlessingRed":28,"Dead Branch":48,"Vajra":22,"Eternal Feather":13,"downfall:HeartBlessingGreen":18,"Ancient Tea Set":6,"Question Card":30,"Akabeko":8,"OrangePellets":37,"Busted Crown":34,"Shuriken":11,"downfall:HeartBlessingBlue":28,"Philosopher\u0027s Stone":17,"downfall:RedIOU":23,"Necronomicon":27,"InkBottle":7,"Toy Ornithopter":42},{"Potion Belt":27,"Lantern":24,"bronze:BronzeCore":0,"Gremlin Horn":16,"downfall:HeartBlessingRed":17,"Dead Branch":28,"Vajra":16,"Eternal Feather":10,"downfall:HeartBlessingGreen":13,"Ancient Tea Set":4,"Question Card":18,"Akabeko":5,"OrangePellets":22,"Busted Crown":21,"Shuriken":8,"downfall:HeartBlessingBlue":17,"Philosopher\u0027s Stone":13,"downfall:RedIOU":16,"Necronomicon":17,"InkBottle":4,"Toy Ornithopter":25},{"Potion Belt":84,"Lantern":73,"bronze:BronzeCore":0,"Gremlin Horn":47,"downfall:HeartBlessingRed":50,"Dead Branch":87,"Vajra":47,"Eternal Feather":29,"downfall:HeartBlessingGreen":37,"Ancient Tea Set":12,"Question Card":53,"Akabeko":16,"OrangePellets":67,"Busted Crown":63,"Shuriken":23,"downfall:HeartBlessingBlue":50,"Philosopher\u0027s Stone":37,"downfall:RedIOU":47,"Necronomicon":50,"InkBottle":12,"Toy Ornithopter":77}],"InkBottle":[51],"Toy Ornithopter":20},"card_choices":[{"not_picked":["bronze:AlphaBuild","bronze:Mutator"],"picked":"bronze:Virus","floor":0.0},{"not_picked":["bronze:Allocate","bronze:Flail"],"picked":"bronze:Iterate","floor":2.0},{"not_picked":["bronze:Backtrace","bronze:Repulsor"],"picked":"bronze:Boost","floor":4.0},{"not_picked":["bronze:BugBarrage","bronze:Frontload"],"picked":"bronze:CloningBeam","floor":5.0},{"not_picked":["bronze:ItsAFeature","bronze:DigitalCarnage"],"picked":"bronze:Assembly","floor":6.0},{"not_picked":["bronze:DelayedSlice","bronze:OilSpill"],"picked":"bronze:ChosenStrike","floor":8.0},{"not_picked":["bronze:Frontload","bronze:DigitalCarnage"],"picked":"bronze:Deprecate","floor":9.0},{"not_picked":["bronze:DelayedSlice","bronze:BitShift"],"picked":"bronze:HyperBeam","floor":10.0},{"not_picked":["bronze:Shell","bronze:DelayedGuard","bronze:Philosophize"],"picked":"SKIP","floor":11},{"not_picked":["bronze:CutThrough","bronze:ClassDefault","bronze:WildBeam"],"picked":"SKIP","floor":12},{"not_picked":["bronze:Repair","bronze:Allocate"],"picked":"bronze:ForLoop","floor":13},{"not_picked":["bronze:Shield","bronze:Safeguard","bronze:Allocate"],"picked":"SKIP","floor":14},{"not_picked":["bronze:Separator","bronze:Invalidate"],"picked":"bronze:Terminator","floor":15},{"not_picked":["bronze:Break","bronze:HyperBeam"],"picked":"bronze:Library","floor":16},{"not_picked":["bronze:Frontload+1","bronze:FineTuning","bronze:GetLatest"],"picked":"SKIP","floor":19},{"not_picked":["bronze:Frontload+1","bronze:ForceShield","bronze:ChosenStrike"],"picked":"SKIP","floor":21},{"not_picked":["bronze:FineTuning","bronze:Backtrace","bronze:Fortify+1"],"picked":"SKIP","floor":22},{"not_picked":["bronze:Backtrace","bronze:Constructor","bronze:Frontload"],"picked":"SKIP","floor":26},{"not_picked":["bronze:DarkDash","bronze:WhirlingStrike","bronze:DigitalCarnage"],"picked":"SKIP","floor":30},{"not_picked":["bronze:Format","bronze:Frontload","bronze:BronzeArmor"],"picked":"bronze:Boost","floor":31},{"not_picked":["bronze:Philosophize+1","bronze:Overheat+1","bronze:BitShift","bronze:Fortify+1"],"picked":"SKIP","floor":32},{"not_picked":["bronze:Philosophize+1","bronze:Overheat+1","bronze:BitShift"],"picked":"bronze:Fortify+1","floor":32},{"not_picked":["bronze:InfiniteLoop","bronze:Virus","bronze:AlphaBuild"],"picked":"bronze:HardenedForm","floor":33},{"not_picked":["bronze:DelayedSlice","bronze:OilSpill"],"picked":"SKIP","floor":36},{"not_picked":["bronze:Branch","bronze:BugBarrage+1"],"picked":"SKIP","floor":38},{"not_picked":["bronze:Iterate","bronze:Shield"],"picked":"SKIP","floor":39},{"not_picked":["bronze:Shield+1","bronze:GetLatest+1"],"picked":"SKIP","floor":42},{"not_picked":["bronze:Separator+1","bronze:Shell+1"],"picked":"SKIP","floor":44},{"not_picked":["bronze:BronzeOrb+1"],"picked":"bronze:Iterate+1","floor":46},{"not_picked":["bronze:Turbo","bronze:Frontload"],"picked":"SKIP","floor":48},{"not_picked":["bronze:Iterate","bronze:Deprecate+1"],"picked":"SKIP","floor":49},{"not_picked":["bronze:DigitalCarnage","bronze:Backtrace"],"picked":"SKIP","floor":52}],"player_experience":855025,"relics_obtained":[{"floor":6.0,"key":"Ancient Tea Set"},{"floor":7.0,"key":"InkBottle"},{"floor":8.0,"key":"Akabeko"},{"floor":13,"key":"Eternal Feather"},{"floor":25,"key":"Gremlin Horn"},{"floor":27,"key":"Necronomicon"},{"floor":30,"key":"Question Card"},{"floor":41,"key":"Lantern"},{"floor":42,"key":"Toy Ornithopter"},{"floor":46,"key":"Potion Belt"},{"floor":48,"key":"Dead Branch"}],"event_choices":[],"is_beta":false,"boss_relics":[{"not_picked":["Pandora\u0027s Box","SlaversCollar"],"picked":"Philosopher\u0027s Stone"},{"not_picked":["Cursed Key","Calling Bell"],"picked":"Busted Crown"}],"items_purged_floors":[],"is_endless":false,"potions_floor_spawned":[5,6,8,9,14,16,26,30,31,36,38,46,48,52],"ascension_level":2}}