{"host":"9kxnbj80f46l6gnh","time":1611550644,"event":{"mods":["AchievementEnabler","Aspiration","Bard","BaseMod","Beaked The Cultist","Better Altar","Better Match","Better Note","Better Sensory Stone","Better Skull","Better Third Choice","BetterRewards","CCEM","Clawfect","Colored Map","Conspire","Downfall","GifTheSpireLib","Halation","Hermit","Highlight Path","Hubris","Hunter ??","Infinite Spire","Jedi Mod","Jorbs\u0027s Wanderer Trilogy","Mad Scientist","Marisa????????","Mimic Mod","Minty Spire (QoL Compilation)","Permanent Neow","Replay The Spire","Shade Mod","Shop Mod","Spicy Shops","StSLib","Stuff the Spire","The Administrix","The Blackbeard","The Bug Knight","The Construct","The Cursed","The Disciple","The Gatherer","The Hierophant","The Jungle","The Mystic","The Necromancer","The Problem Sleuth","The Runesmith","The Servant 0.9.4","The Spell Scribe","The Witch","Unceasing Turn Reminder","everything is the same but u backflip on backflip"],"gold_per_floor":[214,94,104,165,179,179,194,208,260,271,304,304,315,315,315,413,413,424,424,129,129,167,167,180,190,228,254,266,278,278],"floor_reached":29,"language":"ENG","playtime":3330,"items_purged":["beaked:Defend_Y","Decay","beaked:Defend_Y"],"score":245,"play_id":"f872f436-5e03-49f0-872d-c99525bfa52b","local_time":"20210124215724","is_ascension_mode":false,"campfire_choices":[{"data":"beaked:VigorBurst","floor":6,"key":"SMITH"},{"data":"beaked:Evade","floor":12,"key":"SMITH"},{"data":"beaked:Ceremony","floor":15,"key":"SMITH"},{"data":"beaked:ScreechingChant","floor":23,"key":"SMITH"}],"circlet_count":0,"master_deck":["beaked:Strike_Y","beaked:Strike_Y","beaked:Strike_Y","beaked:Strike_Y","beaked:Strike_Y","beaked:Strike_Y","beaked:Defend_Y","beaked:Defend_Y","beaked:Ceremony+1","beaked:Ceremony+1","beaked:Ceremony","beaked:WarriorEssence","beaked:TuckingFeathers","beaked:VigorBurst+1","beaked:TuckingFeathers","beaked:Evade+1","beaked:Daydream","beaked:Daydream","beaked:ScreechingChant+1","beaked:VigorBurst","beaked:Evade","beaked:Insight","beaked:Evade+1","beaked:Daydream","beaked:Windmill"],"relics":["beaked:BlessedCoat","conspire:DeflatedDodgeball","hubris:SlimyHat","BargainBundle","Du-Vu Doll","Letter Opener","MawBank","hubris:EvacipatedBox","Blood Vial"],"acts_visited":["Exordium","TheCity"],"potions_floor_usage":[16,16,16,16,18,22,22,22,29],"damage_taken":[{"damage":8,"enemies":"conspire:RoseBush","floor":1,"turns":5},{"damage":21,"enemies":"Jaw Worm","floor":3,"turns":5},{"damage":8,"enemies":"2 Louse","floor":5,"turns":5},{"damage":18,"enemies":"Red Slaver","floor":7,"turns":6},{"damage":4,"enemies":"Large Slime","floor":8,"turns":6},{"damage":34,"enemies":"Exordium Thugs","floor":10,"turns":8},{"damage":23,"enemies":"Lagavulin","floor":11,"turns":8},{"damage":34,"enemies":"Exordium Wildlife","floor":13,"turns":7},{"damage":54,"enemies":"Fading Forest","floor":16,"turns":11},{"damage":72,"enemies":"3 Byrds","floor":18,"turns":9},{"damage":80,"enemies":"conspire:MimicChest","floor":22,"turns":9},{"damage":45,"enemies":"Snecko","floor":24,"turns":8},{"damage":18,"enemies":"conspire:HollyBat","floor":25,"turns":8},{"damage":23,"enemies":"Snake Plant","floor":26,"turns":10},{"damage":28,"enemies":"conspire:Head Lice","floor":27,"turns":9},{"damage":62,"enemies":"Snake Plant","floor":29,"turns":5}],"seed_played":"-632035801907967468","potions_obtained":[{"floor":4,"key":"jedi:wingpotion"},{"floor":5,"key":"Elixir"},{"floor":7,"key":"hexamod:SoulburnPotion"},{"floor":8,"key":"FearPotion"},{"floor":10,"key":"Block Potion"},{"floor":13,"key":"EntropicBrew"},{"floor":18,"key":"hexamod:SoulburnPotion"},{"floor":24,"key":"SteroidPotion"},{"floor":25,"key":"SneckoOil"}],"is_trial":false,"path_per_floor":["M","$","M","?","M","R","M","M","T","M","E","R","M","?","R","B",null,"M","?","$","?","?","R","M","M","MIM","E","$","M"],"character_chosen":"BEAKED_THE_CULTIST","items_purchased":["beaked:TuckingFeathers","BargainBundle","Adrenaline Potion","beaked:VigorBurst","beaked:Evade","beaked:Insight","hubris:EvacipatedBox","Blood Vial"],"campfire_rested":0,"item_purchase_floors":[2,20,20,20,20,20,28,28],"current_hp_per_floor":[46,46,45,45,55,55,55,55,55,46,51,51,51,51,51,35,55,31,31,36,36,58,58,60,60,49,60,26,0,0],"gold":278,"neow_bonus":"HUNDRED_GOLD","is_daily":false,"chose_seed":false,"campfire_upgraded":4,"win_rate":0.0,"timestamp":1611550644,"path_taken":["M","$","M","?","M","R","M","M","T","M","E","R","M","?","R","BOSS","M","?","$","?","?","R","M","M","MIM","E","?","?"],"items_purchased_type":["Card","Relic","Potion","Card","Card","Card","Relic","Relic"],"build_version":"2020-12-22","purchased_purges":3,"victory":false,"max_hp_per_floor":[50,50,55,55,55,55,55,55,55,55,55,55,55,55,55,55,55,55,55,60,60,60,60,60,60,60,60,60,60,60],"card_choices":[{"not_picked":["beaked:Cower","beaked:Negation"],"picked":"beaked:WarriorEssence","floor":1},{"not_picked":["beaked:Tradeoff","beaked:StickSmack"],"picked":"beaked:VigorBurst","floor":3},{"not_picked":["beaked:Brace","beaked:CursingBlood"],"picked":"beaked:TuckingFeathers","floor":4},{"not_picked":["beaked:FeelMyPain","beaked:Flinch","beaked:Poke"],"picked":"SKIP","floor":5},{"not_picked":["beaked:Pecker","beaked:Molting","beaked:Resilience"],"picked":"SKIP","floor":7},{"not_picked":["beaked:Insight","beaked:Resilience"],"picked":"beaked:Evade","floor":8},{"not_picked":["beaked:RitualOfBody","beaked:DigDeep"],"picked":"beaked:Daydream","floor":10},{"not_picked":["beaked:WarriorSpirit","beaked:CursingBlood"],"picked":"beaked:Daydream","floor":11},{"not_picked":["beaked:Redirect","beaked:VolatileMisfortune","beaked:Tweet"],"picked":"SKIP","floor":13},{"not_picked":["beaked:MachineEssence","beaked:LiftOff"],"picked":"beaked:ScreechingChant","floor":16},{"not_picked":["beaked:Foresight","beaked:Tweet","beaked:BloodForTheGods"],"picked":"SKIP","floor":18},{"not_picked":["beaked:SurvivalInstinct","beaked:Brace"],"picked":"beaked:Evade+1","floor":24},{"not_picked":["beaked:SacrificialAttack","beaked:Insight","beaked:HuntressEssence"],"picked":"SKIP","floor":25},{"not_picked":["beaked:RitualOfBody","ReplayTheSpireMod:Wings of Steel+1"],"picked":"beaked:Daydream","floor":26},{"not_picked":["beaked:Poke","beaked:Daydream"],"picked":"beaked:Windmill","floor":27}],"player_experience":138015,"relics_obtained":[{"floor":4,"key":"conspire:DeflatedDodgeball"},{"floor":11,"key":"hubris:SlimyHat"},{"floor":22,"key":"Du-Vu Doll"},{"floor":26,"key":"Letter Opener"},{"floor":27,"key":"MawBank"}],"event_choices":[{"damage_healed":0,"gold_gain":0,"player_choice":"Cursed","damage_taken":0,"max_hp_gain":0,"max_hp_loss":0,"event_name":"Wheel of Change","floor":19,"gold_loss":0,"cards_obtained":["Decay"]},{"damage_healed":0,"gold_gain":0,"player_choice":"Ignored","damage_taken":0,"max_hp_gain":0,"max_hp_loss":0,"event_name":"betterNote:BetterNote","floor":21,"gold_loss":0,"cards_obtained":["Headbutt"]}],"is_beta":false,"boss_relics":[{"not_picked":["aspiration:RitualDagger","StuffTheSpire:RunicHypercube"],"picked":"beaked:BlessedCoat"}],"items_purged_floors":[2,20,28],"is_endless":false,"potions_floor_spawned":[5,7,8,10,13,18,24,25],"killed_by":"Snake Plant","ascension_level":0}}