{"host":"qxt9611uhnemh1bn","time":1611540976,"event":{"mods":["BaseMod","Minty Spire (QoL Compilation)","StSLib"],"gold_per_floor":[118,118,118,136,136,165,184,41,66,66,85,100,113,131,131,232,232,246,256,266,283,382,382,398,398,398,24,24,44,44,44],"floor_reached":30,"language":"ENG","playtime":949,"items_purged":["Strike_B","Decay"],"score":236,"play_id":"056246ce-7f23-48f6-ab03-d54bbef1ef60","local_time":"20210124201616","is_ascension_mode":false,"campfire_choices":[{"data":"Chill","floor":10,"key":"SMITH"},{"data":"Capacitor","floor":15,"key":"SMITH"},{"data":"Defragment","floor":23,"key":"SMITH"}],"circlet_count":0,"master_deck":["Strike_B","Defend_B","Defend_B","Defend_B","Defend_B","Zap+1","Dualcast+1","Ball Lightning","Coolheaded","Consume","Chill+1","Static Discharge","Ball Lightning","Capacitor+1","Buffer","Fusion+1","Defragment+1","Cold Snap","Glacier","Defragment+1","Recycle","Leap+1"],"relics":["Cracked Core","Ancient Tea Set","Oddly Smooth Stone","Nuclear Battery","Frozen Egg 2","Strawberry"],"acts_visited":["Exordium","TheCity"],"potions_floor_usage":[16,16,16,19,24,29,30],"damage_taken":[{"damage":0,"enemies":"Small Slimes","floor":1,"turns":2},{"damage":3,"enemies":"2 Louse","floor":4,"turns":2},{"damage":19,"enemies":"3 Sentries","floor":6,"turns":7},{"damage":0,"enemies":"Cultist","floor":7,"turns":2},{"damage":0,"enemies":"Lots of Slimes","floor":11,"turns":3},{"damage":0,"enemies":"3 Louse","floor":12,"turns":3},{"damage":3,"enemies":"Blue Slaver","floor":13,"turns":3},{"damage":2,"enemies":"Lots of Slimes","floor":14,"turns":4},{"damage":6,"enemies":"Slime Boss","floor":16,"turns":7},{"damage":2,"enemies":"Shell Parasite","floor":18,"turns":6},{"damage":8,"enemies":"Spheric Guardian","floor":19,"turns":4},{"damage":20,"enemies":"Snake Plant","floor":20,"turns":4},{"damage":14,"enemies":"Centurion and Healer","floor":21,"turns":8},{"damage":1,"enemies":"Chosen and Byrds","floor":24,"turns":4},{"damage":0,"enemies":"Cultist and Chosen","floor":29,"turns":6},{"damage":16,"enemies":"Slavers","floor":30,"turns":3}],"seed_played":"-2662118469138962029","potions_obtained":[{"floor":6,"key":"Strength Potion"},{"floor":7,"key":"Block Potion"},{"floor":12,"key":"Block Potion"},{"floor":16,"key":"PowerPotion"},{"floor":19,"key":"LiquidBronze"},{"floor":21,"key":"Fire Potion"},{"floor":29,"key":"GamblersBrew"}],"is_trial":false,"path_per_floor":["M","?","?","M","?","E","M","$","T","R","M","M","M","M","R","B",null,"M","M","M","M","?","R","M","?","T","$","?","M","E"],"character_chosen":"DEFECT","items_purchased":["Static Discharge","Strawberry","Strength Potion","Defragment+1"],"campfire_rested":0,"item_purchase_floors":[8,27,27,27],"current_hp_per_floor":[75,75,80,77,77,58,58,58,58,58,58,58,55,53,53,47,80,78,70,50,36,36,36,35,35,35,42,42,42,26,26],"gold":44,"neow_bonus":"UPGRADE_CARD","is_daily":false,"chose_seed":false,"campfire_upgraded":3,"win_rate":0.0,"timestamp":1611540976,"path_taken":["M","?","?","M","?","E","M","$","T","R","M","M","?","M","R","BOSS","M","?","M","M","?","R","M","?","T","$","?","?","E"],"items_purchased_type":["Card","Relic","Potion","Card"],"build_version":"2020-12-22","purchased_purges":2,"victory":false,"max_hp_per_floor":[75,75,80,80,80,80,80,80,80,80,80,80,80,80,80,80,80,80,80,80,80,80,80,80,80,80,87,87,87,87,87],"card_choices":[{"not_picked":["Beam Cell","Storm"],"picked":"Ball Lightning","floor":1},{"not_picked":["Melter","Beam Cell"],"picked":"Coolheaded","floor":4},{"not_picked":["Go for the Eyes","Cold Snap"],"picked":"Consume","floor":6},{"not_picked":["Ball Lightning","White Noise"],"picked":"Chill","floor":7},{"not_picked":["Barrage","Double Energy"],"picked":"Ball Lightning","floor":11},{"not_picked":["Sweeping Beam","Scrape","Aggregate"],"picked":"SKIP","floor":12},{"not_picked":["Static Discharge","Beam Cell","Aggregate"],"picked":"SKIP","floor":13},{"not_picked":["Glacier","Ball Lightning"],"picked":"Capacitor","floor":14},{"not_picked":["Creative AI","Hyperbeam"],"picked":"Buffer","floor":16},{"not_picked":["Stack+1","Consume","Gash"],"picked":"SKIP","floor":18},{"not_picked":["Barrage","Sweeping Beam+1"],"picked":"Fusion+1","floor":19},{"not_picked":["White Noise","Hologram"],"picked":"Defragment","floor":20},{"not_picked":["Conserve Battery","Lockon+1"],"picked":"Cold Snap","floor":21},{"not_picked":["Aggregate","Rip and Tear"],"picked":"Glacier","floor":24},{"not_picked":["Capacitor+1","Hologram"],"picked":"Leap+1","floor":29}],"player_experience":213964,"relics_obtained":[{"floor":6,"key":"Ancient Tea Set"},{"floor":9,"key":"Oddly Smooth Stone"},{"floor":26,"key":"Frozen Egg 2"}],"event_choices":[{"damage_healed":0,"gold_gain":0,"player_choice":"Grow","damage_taken":0,"max_hp_gain":0,"max_hp_loss":0,"event_name":"Living Wall","floor":2,"gold_loss":0,"cards_upgraded":["Dualcast"]},{"damage_healed":0,"gold_gain":0,"player_choice":"Donut","damage_taken":0,"max_hp_gain":5,"max_hp_loss":0,"event_name":"Big Fish","floor":3,"gold_loss":0},{"cards_removed":["Strike_B"],"damage_healed":0,"gold_gain":0,"player_choice":"Offered Basic","damage_taken":0,"max_hp_gain":0,"max_hp_loss":0,"event_name":"Bonfire Elementals","floor":5,"gold_loss":0},{"damage_healed":0,"gold_gain":99,"player_choice":"Stole From Cult","damage_taken":0,"max_hp_gain":0,"max_hp_loss":0,"event_name":"Nest","floor":22,"gold_loss":0},{"damage_healed":0,"gold_gain":0,"player_choice":"Smashed Altar","damage_taken":0,"max_hp_gain":0,"max_hp_loss":0,"event_name":"Forgotten Altar","floor":25,"gold_loss":0,"cards_obtained":["Decay"]},{"damage_healed":0,"gold_gain":0,"cards_transformed":["Strike_B"],"player_choice":"Transformed","damage_taken":0,"max_hp_gain":0,"max_hp_loss":0,"event_name":"Transmorgrifier","floor":28,"gold_loss":0,"cards_obtained":["Recycle"]}],"is_beta":false,"boss_relics":[{"not_picked":["Fusion Hammer","Philosopher\u0027s Stone"],"picked":"Nuclear Battery"}],"items_purged_floors":[8,27],"is_endless":false,"potions_floor_spawned":[6,7,12,16,19,21,29],"killed_by":"Slavers","ascension_level":0}}