{"host":"szp1d6dso4pv7ddl","time":1611554518,"event":{"mods":["AchievementEnabler","Alarm Clock","BaseMod","Bestiary","Block Reminder","Colored Map","Colored Powertips","Curses Come First","Dark Map","Displayed Cursed Tome","Highlight Path","Minty Spire (QoL Compilation)","Permanent Neow","Quick Restart","Relic Sorter","Relic Stats","StSLib","Synergy Search"],"gold_per_floor":[366,316,26,26,44,44,44,44,69,69,82,121,140,140,140],"floor_reached":14,"language":"ENG","playtime":394,"items_purged":[],"score":141,"play_id":"60431bd6-e0b6-4df2-b95e-12d23fa77536","local_time":"20210124220158","is_ascension_mode":true,"campfire_choices":[{"data":"Beam Cell","floor":7,"key":"SMITH"}],"circlet_count":0,"master_deck":["AscendersBane","Strike_B","Strike_B","Strike_B","Defend_B","Defend_B","Defend_B","Defend_B","Zap","Dualcast","Beam Cell+1","Gash","Conserve Battery"],"relics":["Cracked Core","Shuriken","Ice Cream","Golden Idol","Lantern"],"acts_visited":["Exordium"],"potions_floor_usage":[12],"damage_taken":[{"damage":14,"enemies":"Small Slimes","floor":1,"turns":3},{"damage":4,"enemies":"Jaw Worm","floor":5,"turns":3},{"damage":6,"enemies":"Cultist","floor":11,"turns":3},{"damage":32,"enemies":"Gremlin Nob","floor":12,"turns":4},{"damage":0,"enemies":"Large Slime","floor":13,"turns":4},{"damage":15,"enemies":"3 Sentries","floor":14,"turns":5}],"seed_played":"8495430796907306711","potions_obtained":[{"floor":5,"key":"Strength Potion"}],"is_trial":false,"path_per_floor":["M","?","$","?","M","?","R","$","T","$","M","E","M","E"],"character_chosen":"DEFECT","items_purchased":["Ice Cream"],"campfire_rested":0,"item_purchase_floors":[3],"current_hp_per_floor":[54,54,54,54,50,50,50,50,50,50,44,12,12,0,0],"gold":140,"neow_bonus":"TWO_FIFTY_GOLD","is_daily":false,"chose_seed":false,"campfire_upgraded":1,"win_rate":0.0,"timestamp":1611554518,"path_taken":["M","?","$","?","?","?","R","$","T","$","M","E","M","E"],"items_purchased_type":["Relic"],"build_version":"2020-12-22","purchased_purges":0,"victory":false,"max_hp_per_floor":[75,75,75,75,75,69,69,69,69,69,69,69,69,69,69],"relic_stats":{"counters":[6,22],"Shuriken":[3],"Golden Idol":15,"obtain_stats":[{"Ice Cream":3,"Lantern":9,"Golden Idol":6,"Shuriken":12,"Cracked Core":0},{"Ice Cream":1,"Lantern":2,"Golden Idol":2,"Shuriken":4,"Cracked Core":0},{"Ice Cream":3,"Lantern":6,"Golden Idol":6,"Shuriken":13,"Cracked Core":0}]},"card_choices":[{"not_picked":["Turbo","Redo"],"picked":"Beam Cell","floor":1},{"not_picked":["Cold Snap","Turbo"],"picked":"Gash","floor":5},{"not_picked":["Beam Cell","Steam Power"],"picked":"Conserve Battery","floor":11},{"not_picked":["White Noise","Genetic Algorithm","Glacier"],"picked":"SKIP","floor":12},{"not_picked":["Creative AI","Chaos","Stack"],"picked":"SKIP","floor":13}],"player_experience":1272297,"relics_obtained":[{"floor":9,"key":"Lantern"},{"floor":12,"key":"Shuriken"}],"event_choices":[{"cards_removed":["Pain"],"damage_healed":0,"gold_gain":0,"player_choice":"Card Removal","damage_taken":0,"max_hp_gain":0,"max_hp_loss":0,"event_name":"The Cleric","floor":2,"gold_loss":50},{"cards_removed":["Strike_B"],"damage_healed":0,"gold_gain":0,"player_choice":"Offered Basic","damage_taken":0,"max_hp_gain":0,"max_hp_loss":0,"event_name":"Bonfire Elementals","floor":4,"gold_loss":0},{"damage_healed":0,"gold_gain":0,"player_choice":"Lose Max HP","damage_taken":0,"relics_obtained":["Golden Idol"],"max_hp_gain":0,"max_hp_loss":6,"event_name":"Golden Idol","floor":6,"gold_loss":0}],"is_beta":false,"boss_relics":[],"items_purged_floors":[],"is_endless":false,"potions_floor_spawned":[5],"killed_by":"3 Sentries","ascension_level":12}}