{"host":"y24pqu7jih1n8m3t","time":1611615164,"event":{"mods":["AchievementEnabler","BaseMod","Bestiary","Block Reminder","Colored Map","Colored Powertips","DeckTracker","Highlight Path","Minty Spire (QoL Compilation)","Permanent Neow","Quick Restart","Rare Cards Sparkle","Relic Stats"],"gold_per_floor":[115,115,129,140,160,160,170,170,170,198,11,36,47,58,58,157,157,168,168,188,204,221,252,252,252,299,299,314,314,314,314],"floor_reached":30,"language":"ENG","playtime":2753,"items_purged":[],"score":303,"play_id":"f3a57a7b-a425-4b73-8305-7b1d8ae4fdf2","local_time":"20210125175244","is_ascension_mode":true,"campfire_choices":[{"data":"Vault","floor":6.0,"key":"SMITH"},{"data":"Eruption","floor":8.0,"key":"SMITH"},{"data":"Apotheosis","floor":15.0,"key":"SMITH"},{"floor":24,"key":"REST"},{"data":"Wish","floor":27,"key":"SMITH"},{"floor":29,"key":"REST"}],"circlet_count":0,"master_deck":["Strike_P","Strike_P","Strike_P","Strike_P","Defend_P","Defend_P","Defend_P","Defend_P","Eruption+1","Vigilance","WheelKick","Wallop","FlurryOfBlows","Vault+1","FollowUp","Vengeance","Apotheosis+1","Ragnarok","Tantrum","BowlingBash","Wish+1","Wallop","CrushJoints","EmptyBody","ClearTheMind","Halt","Shame","Halt"],"relics":["Runic Pyramid","Frozen Egg 2","Centennial Puzzle","Gambling Chip","Philosopher\u0027s Stone","MutagenicStrength","Lantern","Ginger","Regal Pillow"],"acts_visited":["Exordium","TheCity"],"potions_floor_usage":[23,28,30],"damage_taken":[{"damage":0.0,"enemies":"2 Louse","floor":1.0,"turns":2.0},{"damage":10.0,"enemies":"Small Slimes","floor":3.0,"turns":3.0},{"damage":0.0,"enemies":"Jaw Worm","floor":4.0,"turns":3.0},{"damage":3.0,"enemies":"Lots of Slimes","floor":5.0,"turns":2.0},{"damage":3.0,"enemies":"Exordium Thugs","floor":7.0,"turns":4.0},{"damage":4.0,"enemies":"Lagavulin","floor":10.0,"turns":5.0},{"damage":0.0,"enemies":"Gremlin Nob","floor":12.0,"turns":3.0},{"damage":5.0,"enemies":"3 Louse","floor":13.0,"turns":2.0},{"damage":2.0,"enemies":"Looter","floor":14.0,"turns":2.0},{"damage":11.0,"enemies":"The Guardian","floor":16.0,"turns":7.0},{"damage":1.0,"enemies":"Shell Parasite","floor":18.0,"turns":3.0},{"damage":18.0,"enemies":"3 Byrds","floor":20.0,"turns":3.0},{"damage":18.0,"enemies":"Centurion and Healer","floor":21.0,"turns":2.0},{"damage":0.0,"enemies":"Chosen and Byrds","floor":22.0,"turns":4.0},{"damage":12,"enemies":"Gremlin Leader","floor":23,"turns":4},{"damage":42,"enemies":"Snake Plant","floor":28,"turns":3},{"damage":0,"enemies":"Slavers","floor":30,"turns":1}],"seed_played":"4205847217352615106","potions_obtained":[{"floor":1.0,"key":"Weak Potion"},{"floor":3.0,"key":"BottledMiracle"},{"floor":7.0,"key":"Explosive Potion"},{"floor":14.0,"key":"ColorlessPotion"},{"floor":21.0,"key":"AttackPotion"},{"floor":23,"key":"DuplicationPotion"},{"floor":28,"key":"PowerPotion"}],"is_trial":false,"path_per_floor":["M","?","M","M","M","R","M","R","T","E","$","E","M","M","R","B",null,"M","?","M","M","M","E","R","?","T","R","M","R","E"],"character_chosen":"WATCHER","items_purchased":["Apotheosis"],"campfire_rested":2,"item_purchase_floors":[11],"current_hp_per_floor":[72,72,62,62,59,59,56,56,56,52,52,52,47,45,45,34,72,71,71,53,35,35,23,44,44,44,44,2,38,38,38],"gold":314,"neow_bonus":"BOSS_RELIC","is_daily":false,"chose_seed":false,"campfire_upgraded":4,"win_rate":0.0,"timestamp":1611615164,"path_taken":["M","?","M","M","M","R","M","R","T","E","$","E","M","M","R","BOSS","M","?","M","M","M","E","R","?","T","R","M","R","E"],"items_purchased_type":["Card"],"build_version":"2020-12-22","purchased_purges":0,"victory":false,"max_hp_per_floor":[72,72,72,72,72,72,72,72,72,72,72,72,72,72,72,72,72,72,72,72,72,72,72,72,72,72,72,72,72,72,72],"relic_stats":{"Centennial Puzzle":[22],"Regal Pillow":15,"counters":[17,53],"Gambling Chip":[18],"Ginger":[0],"obtain_stats":[{"Centennial Puzzle":10,"Lantern":23,"Regal Pillow":26,"Gambling Chip":12,"MutagenicStrength":19,"Philosopher\u0027s Stone":17,"Ginger":25,"PureWater":0,"Frozen Egg 2":9,"Runic Pyramid":0},{"Centennial Puzzle":6,"Lantern":15,"Regal Pillow":15,"Gambling Chip":7,"MutagenicStrength":11,"Philosopher\u0027s Stone":10,"Ginger":15,"PureWater":0,"Frozen Egg 2":5,"Runic Pyramid":0},{"Centennial Puzzle":19,"Lantern":49,"Regal Pillow":49,"Gambling Chip":22,"MutagenicStrength":36,"Philosopher\u0027s Stone":33,"Ginger":49,"PureWater":0,"Frozen Egg 2":14,"Runic Pyramid":0}]},"card_choices":[{"not_picked":["EmptyBody","Weave"],"picked":"WheelKick","floor":1.0},{"not_picked":["ThirdEye","CrushJoints"],"picked":"Wallop","floor":3.0},{"not_picked":["Study","Meditate"],"picked":"FlurryOfBlows","floor":4.0},{"not_picked":["SashWhip","Indignation"],"picked":"Vault","floor":5.0},{"not_picked":["JustLucky","EmptyBody"],"picked":"FollowUp","floor":7.0},{"not_picked":["ThirdEye","SignatureMove"],"picked":"Vengeance","floor":10.0},{"not_picked":["EmptyBody","Protect"],"picked":"Ragnarok","floor":12.0},{"not_picked":["Adaptation+1","CarveReality"],"picked":"Tantrum","floor":13.0},{"not_picked":["Nirvana+1","InnerPeace"],"picked":"BowlingBash","floor":14.0},{"not_picked":["Scrawl","Establishment+1"],"picked":"Wish","floor":16.0},{"not_picked":["SignatureMove","FlurryOfBlows"],"picked":"Wallop","floor":18.0},{"not_picked":["WaveOfTheHand","FlyingSleeves"],"picked":"CrushJoints","floor":20.0},{"not_picked":["InnerPeace","ThirdEye"],"picked":"EmptyBody","floor":21.0},{"not_picked":["FollowUp","DeusExMachina"],"picked":"ClearTheMind","floor":22.0},{"not_picked":["Evaluate","SpiritShield"],"picked":"Halt","floor":23},{"not_picked":["Protect","Evaluate"],"picked":"Halt","floor":28}],"player_experience":177270,"relics_obtained":[{"floor":9.0,"key":"Frozen Egg 2"},{"floor":10.0,"key":"Centennial Puzzle"},{"floor":12.0,"key":"Gambling Chip"},{"floor":23,"key":"Lantern"},{"floor":26,"key":"Regal Pillow"}],"event_choices":[{"damage_healed":0.0,"max_hp_gain":0.0,"max_hp_loss":0.0,"gold_gain":0.0,"event_name":"Liars Game","player_choice":"Ignored","floor":2.0,"gold_loss":0.0,"damage_taken":0.0},{"damage_healed":0.0,"max_hp_gain":0.0,"max_hp_loss":0.0,"gold_gain":0.0,"event_name":"Drug Dealer","player_choice":"Inject Mutagens","floor":19.0,"gold_loss":0.0,"damage_taken":0.0,"relics_obtained":["MutagenicStrength"]},{"damage_healed":0,"gold_gain":0,"player_choice":"Stole Relic","damage_taken":0,"relics_obtained":["Ginger"],"max_hp_gain":0,"max_hp_loss":0,"event_name":"Addict","floor":25,"gold_loss":0,"cards_obtained":["Shame"]}],"is_beta":false,"boss_relics":[{"not_picked":["Busted Crown","Velvet Choker"],"picked":"Philosopher\u0027s Stone"}],"items_purged_floors":[],"is_endless":false,"potions_floor_spawned":[1,3,7,14,21,23,28],"killed_by":"Slavers","ascension_level":1}}