{"host":"njo8qgvy2a57fcny","time":1611556027,"event":{"mods":["Ascension Unlocker","Aspiration","BaseMod","BetterRewards","CCEM","Colored Map","Colored Powertips","Conspire","Custom Start","Downfall","Energized Spire","GifTheSpireLib","Halation","Hermit","Hubris","Infinite Spire","Jedi Mod","Jorbs\u0027s Wanderer Trilogy","Mimic Mod","Minty Spire (QoL Compilation)","Quick Restart","Random Character Button","Random Character Mod","Rare Cards Sparkle","Relic Sorter","Replay The Spire","Shop Mod","StSLib","Stuff the Spire","The Animator","The Jungle","The Runesmith","The Servant 0.9.4","Unceasing Turn Reminder","thorton"],"gold_per_floor":[116,116,8,18,33,33,33],"floor_reached":6,"language":"ENG","playtime":375,"items_purged":[],"score":72,"play_id":"a76cb9a9-564a-4d9e-bebb-cac27892c46a","local_time":"20210125172707","is_ascension_mode":true,"campfire_choices":[],"circlet_count":0,"master_deck":["AscendersBane","Strike_S","Strike_S","Strike_S","Defend_S","Defend_S","Defend_S","Defend_S","KidneyShot","Exchange","Foresight","Foresight","Starlight","FastForward","TimeWarp","ShatteredReality"],"relics":["Uniform"],"acts_visited":["Exordium"],"potions_floor_usage":[6],"damage_taken":[{"damage":8,"enemies":"Cultist","floor":1,"turns":4},{"damage":21,"enemies":"Jaw Worm","floor":4,"turns":8},{"damage":3,"enemies":"Small Slimes","floor":5,"turns":5},{"damage":24,"enemies":"Gremlin Nob","floor":6,"turns":4}],"seed_played":"-7638694135068880670","potions_obtained":[{"floor":5,"key":"Languid Potion"}],"is_trial":false,"path_per_floor":["M","?","$","M","M","E"],"character_chosen":"THE_SERVANT","items_purchased":["Starlight","FastForward"],"campfire_rested":0,"item_purchase_floors":[3,3],"current_hp_per_floor":[52,52,52,31,28,4,4],"gold":33,"neow_bonus":"TEN_PERCENT_HP_BONUS","is_daily":false,"chose_seed":false,"campfire_upgraded":0,"win_rate":0.0,"timestamp":1611556027,"path_taken":["M","?","?","M","M","E"],"items_purchased_type":["Card","Card"],"build_version":"2020-12-22","purchased_purges":0,"victory":false,"max_hp_per_floor":[66,66,66,66,66,66,66],"card_choices":[{"not_picked":["TimeWarp","Defy"],"picked":"Foresight","floor":1},{"not_picked":["Starlight","BottledTime"],"picked":"TimeWarp","floor":4},{"not_picked":["Unruled","Collapse"],"picked":"ShatteredReality","floor":5}],"player_experience":694631,"relics_obtained":[],"event_choices":[{"damage_healed":0,"gold_gain":0,"cards_transformed":["Strike_S"],"player_choice":"Change","damage_taken":0,"max_hp_gain":0,"max_hp_loss":0,"event_name":"Living Wall","floor":2,"gold_loss":0,"cards_obtained":["Foresight"]}],"is_beta":false,"boss_relics":[],"items_purged_floors":[],"is_endless":false,"potions_floor_spawned":[5],"killed_by":"Gremlin Nob","ascension_level":20}}