{"host":"rpg32ugylimeqbxt","time":1611545826,"event":{"mods":["AchievementEnabler","BaseMod","BetterRewards","Colored Powertips","Hermit","Highlight Path","Minty Spire (QoL Compilation)","Replay The Spire","StSLib","The Animator","The Bug Knight","The Cursed","The Disciple","The Hierophant","The Runesmith","The Servant 0.9.4"],"gold_per_floor":[119,119,138,138,138,165,176,208,233,233,233,2,13,27,27,27,27],"floor_reached":16,"language":"ENG","playtime":1040,"items_purged":["Strike_G"],"score":135,"play_id":"4cc24bae-8dfa-4d8d-a362-ed4a291dd6ee","local_time":"20210124193706","is_ascension_mode":false,"campfire_choices":[{"data":"Poisoned Stab","floor":10,"key":"SMITH"},{"data":"Bouncing Flask","floor":15,"key":"SMITH"}],"circlet_count":0,"master_deck":["Strike_G","Strike_G","Strike_G","Strike_G","Defend_G","Defend_G","Defend_G","Defend_G","Defend_G","Neutralize","ReplayTheSpireMod:Scrap Shanks","Cloak And Dagger+1","Poisoned Stab+1","Bouncing Flask+1","Footwork","Deadly Poison","Prepared"],"relics":["Ring of the Snake","NeowsBlessing","Blood Vial","Durian","Vajra","Replay:Mystery Machine"],"acts_visited":["Exordium"],"potions_floor_usage":[1,8,8,16],"damage_taken":[{"damage":0,"enemies":"2 Louse","floor":1,"turns":1},{"damage":0,"enemies":"Jaw Worm","floor":3,"turns":1},{"damage":0,"enemies":"Gremlin Nob","floor":6,"turns":1},{"damage":0,"enemies":"Small Slimes","floor":7,"turns":3},{"damage":16,"enemies":"Lagavulin","floor":8,"turns":8},{"damage":6,"enemies":"2 Fungi Beasts","floor":13,"turns":3},{"damage":8,"enemies":"3 Louse","floor":14,"turns":3},{"damage":19,"enemies":"Fading Forest","floor":16,"turns":5}],"seed_played":"8769776500028727514","potions_obtained":[{"floor":1,"key":"Fruit Juice"},{"floor":6,"key":"SpeedPotion"},{"floor":7,"key":"Languid Potion"},{"floor":14,"key":"Block Potion"}],"is_trial":false,"path_per_floor":["M","?","M","T","?","E","M","E","T","R","?","$","M","M","R","B"],"character_chosen":"THE_SILENT","items_purchased":["Bouncing Flask","Footwork"],"campfire_rested":0,"item_purchase_floors":[12,12],"current_hp_per_floor":[75,75,75,75,75,75,75,64,64,64,57,57,53,47,47,40,40],"gold":27,"neow_bonus":"THREE_ENEMY_KILL","is_daily":false,"chose_seed":false,"campfire_upgraded":2,"win_rate":0.0,"timestamp":1611545826,"path_taken":["M","?","M","?","?","E","M","E","T","R","?","$","M","M","R","BOSS"],"items_purchased_type":["Card","Card"],"build_version":"2020-12-22","purchased_purges":1,"victory":false,"max_hp_per_floor":[75,75,75,75,75,75,75,80,80,80,80,80,80,80,80,80,80],"card_choices":[{"not_picked":["Dagger Spray","Expertise"],"picked":"ReplayTheSpireMod:Scrap Shanks","floor":1},{"not_picked":["All Out Attack","Skewer"],"picked":"Poisoned Stab","floor":3},{"not_picked":["Distraction","Grand Finale","Dagger Spray"],"picked":"SKIP","floor":6},{"not_picked":["All Out Attack","Dash","ReplayTheSpireMod:The Works"],"picked":"SKIP","floor":7},{"not_picked":["ReplayTheSpireMod:From All Sides","Slice","Dash"],"picked":"SKIP","floor":8},{"not_picked":["Prepared","Acrobatics"],"picked":"Deadly Poison","floor":13},{"not_picked":["ReplayTheSpireMod:Exploit Weakness","Flechettes"],"picked":"Prepared","floor":14}],"player_experience":455934,"relics_obtained":[{"floor":6,"key":"Blood Vial"},{"floor":8,"key":"Durian"},{"floor":9,"key":"Vajra"}],"event_choices":[{"damage_healed":0,"gold_gain":0,"player_choice":"Ignored","damage_taken":0,"max_hp_gain":0,"max_hp_loss":0,"event_name":"Liars Game","floor":5,"gold_loss":0},{"damage_healed":0,"gold_gain":0,"player_choice":"Success","damage_taken":7,"relics_obtained":["Replay:Mystery Machine"],"max_hp_gain":0,"max_hp_loss":0,"event_name":"Scrap Ooze","floor":11,"gold_loss":0}],"is_beta":false,"boss_relics":[],"items_purged_floors":[12],"is_endless":false,"potions_floor_spawned":[1,6,7,14],"killed_by":"Fading Forest","ascension_level":0}}