{"host":"bfjg2gtnqo0q4f32","time":1611541618,"event":{"mods":["BaseMod","BetterRewards","DeckTracker","Dio Mod","Hero for Fun","Jorbs\u0027s Wanderer Trilogy","Mad Scientist","Minty Spire (QoL Compilation)","READ ME - Guardian Mod","Shop Mod","StSLib","The Bladedancer","The Construct","The Cursed","The Disciple","The Forsaken","The Necromancer","The Saiyan","The Servant 0.9.4","The Wild Card","TheHero","thorton"],"gold_per_floor":[113,63,80,80,91,122,74,89,140,140,140,65,78,94,94,199,199,199,199,199,149,149,149,149,149,149,149,149,3,3,3,3,3,3,3,3,3],"floor_reached":36,"language":"ENG","playtime":1939,"items_purged":["Strike_G"],"score":434,"play_id":"1db75f87-d0f4-475f-a1d9-5421f7ceb438","local_time":"20210124212658","is_ascension_mode":false,"campfire_choices":[{"floor":15,"key":"REST"},{"data":"Noxious Fumes","floor":23,"key":"SMITH"},{"data":"Catalyst","floor":25,"key":"SMITH"},{"floor":30,"key":"REST"},{"floor":32,"key":"REST"}],"circlet_count":0,"master_deck":["Strike_G","Strike_G","Defend_G+1","Defend_G","Defend_G+1","Defend_G","Defend_G","Survivor","Neutralize","Slice","Infinite Blades","Endless Agony","Poisoned Stab","Backflip","Grand Finale","Corpse Explosion","Noxious Fumes+1","theForsaken:PlagueCurse","Bouncing Flask","Catalyst+1","Dagger Spray+1","Night Terror","Catalyst"],"relics":["construct:ClawGrip","Bottled Flame","War Paint","theForsaken:Kindling","Ectoplasm","theForsaken:PlagueMask","Orichalcum","Bag of Preparation","Happy Flower","Black Star"],"acts_visited":["Exordium","TheCity","TheBeyond"],"potions_floor_usage":[14,16,27,27,28,28,35,36],"damage_taken":[{"damage":4,"enemies":"Small Slimes","floor":1,"turns":5},{"damage":0,"enemies":"2 Louse","floor":3,"turns":4},{"damage":0,"enemies":"Jaw Worm","floor":5,"turns":4},{"damage":41,"enemies":"3 Sentries","floor":6,"turns":12},{"damage":3,"enemies":"Exordium Wildlife","floor":8,"turns":4},{"damage":0,"enemies":"3 Louse","floor":13,"turns":4},{"damage":0,"enemies":"Looter","floor":14,"turns":4},{"damage":22,"enemies":"Hexaghost","floor":16,"turns":10},{"damage":8,"enemies":"Chosen","floor":18,"turns":6},{"damage":7,"enemies":"3 Byrds","floor":22,"turns":4},{"damage":26,"enemies":"Snake Plant","floor":24,"turns":4},{"damage":21,"enemies":"Gremlin Leader","floor":27,"turns":5},{"damage":12,"enemies":"3 Cultists","floor":28,"turns":4},{"damage":28,"enemies":"Shelled Parasite and Fungi","floor":31,"turns":5},{"damage":25,"enemies":"StardustCrusaders","floor":33,"turns":5},{"damage":14,"enemies":"3 Shapes","floor":35,"turns":4},{"damage":91,"enemies":"2 Orb Walkers","floor":36,"turns":4}],"seed_played":"5759371725909725051","potions_obtained":[{"floor":3,"key":"FairyPotion"},{"floor":6,"key":"LiquidMemories"},{"floor":8,"key":"SteroidPotion"},{"floor":13,"key":"Regen Potion"},{"floor":22,"key":"Weak Potion"},{"floor":24,"key":"PowerPotion"},{"floor":27,"key":"EntropicBrew"},{"floor":35,"key":"SpeedPotion"}],"is_trial":false,"path_per_floor":["M","?","M","?","M","E","$","M","T","?","T","$","M","M","R","B",null,"M","?","?","?","M","R","M","R","T","E","M","$","R","M","R","B",null,"M","?"],"character_chosen":"THE_SILENT","items_purchased":["Backflip","Happy Flower"],"campfire_rested":3,"item_purchase_floors":[7,29],"current_hp_per_floor":[66,66,66,66,66,25,25,22,22,22,22,22,22,31,57,35,75,67,67,67,67,60,60,34,34,34,13,1,1,28,24,53,28,85,71,0,0],"gold":3,"neow_bonus":"BOSS_RELIC","is_daily":false,"chose_seed":false,"campfire_upgraded":2,"win_rate":0.0,"timestamp":1611541618,"path_taken":["M","?","M","?","M","E","?","?","T","?","?","$","?","M","R","BOSS","M","?","?","?","M","R","?","R","T","E","M","$","R","M","R","BOSS","M","?"],"items_purchased_type":["Card","Relic"],"build_version":"2020-12-22","purchased_purges":1,"victory":false,"max_hp_per_floor":[70,70,70,70,70,70,70,70,70,70,70,70,70,70,75,75,75,75,75,75,75,75,75,75,75,75,75,75,75,80,80,85,85,85,85,85,85],"card_choices":[{"not_picked":["Choke","Acrobatics"],"picked":"Slice","floor":1},{"not_picked":["Prepared","Cloak And Dagger"],"picked":"Infinite Blades","floor":3},{"not_picked":["Well Laid Plans","Bane","PiercingWail"],"picked":"SKIP","floor":5},{"not_picked":["Caltrops","Deadly Poison"],"picked":"Poisoned Stab","floor":6},{"not_picked":["Underhanded Strike","Slice"],"picked":"Grand Finale","floor":8},{"not_picked":["Backflip","Setup","Acrobatics"],"picked":"SKIP","floor":13},{"not_picked":["Backflip","Cloak And Dagger","Dodge and Roll"],"picked":"SKIP","floor":14},{"not_picked":["Phantasmal Killer","Adrenaline"],"picked":"Corpse Explosion","floor":16},{"not_picked":["Prepared+1","Blade Dance"],"picked":"Noxious Fumes","floor":18},{"not_picked":["Prepared+1","Underhanded Strike+1"],"picked":"Bouncing Flask","floor":22},{"not_picked":["Outmaneuver","Finisher"],"picked":"Catalyst","floor":24},{"not_picked":["Masterful Stab","Bouncing Flask"],"picked":"Dagger Spray+1","floor":27},{"not_picked":["Dodge and Roll+1","Underhanded Strike+1","Quick Slash+1"],"picked":"SKIP","floor":28},{"not_picked":["Dagger Spray","Backflip+1","Slice"],"picked":"SKIP","floor":31},{"not_picked":["Storm of Steel","Phantasmal Killer"],"picked":"Night Terror","floor":33},{"not_picked":["PiercingWail","Poisoned Stab"],"picked":"Catalyst","floor":35}],"player_experience":86715,"relics_obtained":[{"floor":6,"key":"Bottled Flame"},{"floor":9,"key":"War Paint"},{"floor":11,"key":"theForsaken:Kindling"},{"floor":26,"key":"Orichalcum"},{"floor":27,"key":"Bag of Preparation"}],"event_choices":[{"cards_removed":["Strike_G"],"damage_healed":0,"gold_gain":0,"player_choice":"Card Removal","damage_taken":0,"max_hp_gain":0,"max_hp_loss":0,"event_name":"The Cleric","floor":2,"gold_loss":50},{"damage_healed":0,"gold_gain":0,"cards_transformed":["Strike_G"],"player_choice":"Change","damage_taken":0,"max_hp_gain":0,"max_hp_loss":0,"event_name":"Living Wall","floor":4,"gold_loss":0,"cards_obtained":["Endless Agony"]},{"damage_healed":0,"gold_gain":0,"player_choice":"Ignored","damage_taken":0,"max_hp_gain":0,"max_hp_loss":0,"event_name":"Shining Light","floor":10,"gold_loss":0},{"damage_healed":0,"gold_gain":99,"player_choice":"Stole From Cult","damage_taken":0,"max_hp_gain":0,"max_hp_loss":0,"event_name":"Nest","floor":19,"gold_loss":0},{"damage_healed":0,"gold_gain":0,"player_choice":"Obtain Plague Curse","damage_taken":0,"max_hp_gain":0,"max_hp_loss":0,"event_name":"Plague Doctor","floor":20,"gold_loss":0,"cards_obtained":["theForsaken:PlagueCurse"]},{"damage_healed":0,"gold_gain":0,"player_choice":"Bet on Owner","damage_taken":0,"max_hp_gain":0,"max_hp_loss":0,"event_name":"The Joust","floor":21,"gold_loss":50},{"damage_healed":0,"gold_gain":0,"player_choice":"Fight","damage_taken":0,"max_hp_gain":0,"max_hp_loss":0,"event_name":"Mysterious Sphere","floor":36,"gold_loss":0}],"is_beta":false,"boss_relics":[{"not_picked":["Snecko Eye","Coffee Dripper"],"picked":"Ectoplasm"},{"not_picked":["Pandora\u0027s Box","construct:WeddingRing"],"picked":"Black Star"}],"items_purged_floors":[12],"is_endless":false,"potions_floor_spawned":[3,6,8,13,22,24,27,35],"killed_by":"2 Orb Walkers","ascension_level":0}}