{"host":"1rf9pknejqhzkc4o","time":1611598834,"event":{"mods":["A Penny For Your Troubles","BaseMod","Better Altar","Better Match","Better Note","Better Sensory Stone","Better Skull","Better Third Choice","Colored Map","Colored Powertips","Communication Mod","Displayed Cursed Tome","Minty Spire (QoL Compilation)","Quick Restart","RNG Fix","Rare Cards Sparkle","Relic Stats","StSLib","The Cursed"],"gold_per_floor":[111,111,130,130,1,1,35,55,55,55,73,73,73,83,83,185,185,201,201,201,214,233,233,253,265,265,265,295,265,265,265],"floor_reached":30,"language":"ENG","playtime":948,"items_purged":[],"score":275,"play_id":"c2cc19c4-0def-4b63-8271-f1f5f4b8bec0","local_time":"20210125212034","is_ascension_mode":false,"campfire_choices":[{"data":"TheCursedMod:SpitefulStrike","floor":6.0,"key":"SMITH"},{"data":"TheCursedMod:SpreadPlague","floor":10.0,"key":"SMITH"},{"data":"TheCursedMod:Neurasthenia","floor":13.0,"key":"SMITH"},{"data":"TheCursedMod:CursedWand","floor":15.0,"key":"SMITH"},{"data":"TheCursedMod:CircleOfFlame","floor":23.0,"key":"SMITH"},{"floor":27.0,"key":"REST"}],"circlet_count":0,"master_deck":["TheCursedMod:Strike_TheCursed","TheCursedMod:Strike_TheCursed","TheCursedMod:Strike_TheCursed","TheCursedMod:Defend_TheCursed","TheCursedMod:Defend_TheCursed","TheCursedMod:Defend_TheCursed","TheCursedMod:Defend_TheCursed","TheCursedMod:CursedWand+1","TheCursedMod:CleanUpWorkshop","TheCursedMod:Stigma","TheCursedMod:VitalStrike","TheCursedMod:SpitefulStrike+1","TheCursedMod:Neurasthenia+1","TheCursedMod:Grudge","TheCursedMod:SpreadPlague+1","TheCursedMod:TroublousMinions","TheCursedMod:SurpriseAttack","TheCursedMod:CursedRelics","TheCursedMod:Torture","Mayhem+1","TheCursedMod:Stretching+1","TheCursedMod:CircleOfFlame+1","TheCursedMod:Evocation+1","TheCursedMod:FleshFromBone","TheCursedMod:CursedBlade"],"relics":["TheCursedMod:BlackMagic101","NeowsBlessing","Turnip","Anchor","Lantern","Empty Cage","Ornamental Fan","Art of War","TungstenRod"],"acts_visited":["Exordium","TheCity"],"potions_floor_usage":[28],"damage_taken":[{"damage":0.0,"enemies":"Jaw Worm","floor":1.0,"turns":1.0},{"damage":0.0,"enemies":"2 Louse","floor":3.0,"turns":1.0},{"damage":0.0,"enemies":"Lagavulin","floor":7.0,"turns":2.0},{"damage":0.0,"enemies":"Small Slimes","floor":8.0,"turns":3.0},{"damage":10.0,"enemies":"2 Fungi Beasts","floor":11.0,"turns":3.0},{"damage":2.0,"enemies":"Exordium Thugs","floor":14.0,"turns":4.0},{"damage":39.0,"enemies":"Hexaghost","floor":16.0,"turns":8.0},{"damage":8.0,"enemies":"Chosen","floor":18.0,"turns":3.0},{"damage":0.0,"enemies":"Shell Parasite","floor":21.0,"turns":3.0},{"damage":0.0,"enemies":"Snake Plant","floor":22.0,"turns":3.0},{"damage":11.0,"enemies":"Snecko","floor":24.0,"turns":4.0},{"damage":46.0,"enemies":"Cultist and Chosen","floor":25.0,"turns":6.0},{"damage":34,"enemies":"Book of Stabbing","floor":28,"turns":5}],"seed_played":"573886441368658345","potions_obtained":[{"floor":7.0,"key":"Weak Potion"},{"floor":8.0,"key":"Fire Potion"},{"floor":11.0,"key":"Regen Potion"},{"floor":16.0,"key":"AttackPotion"},{"floor":18.0,"key":"Weak Potion"},{"floor":24.0,"key":"ColorlessPotion"},{"floor":28,"key":"BlessingOfTheForge"},{"floor":29,"key":"SkillPotion"},{"floor":29,"key":"Weak Potion"}],"is_trial":false,"path_per_floor":["M","?","M","?","$","R","E","M","T","R","M","?","R","M","R","B",null,"M","?","?","M","M","R","M","M","T","R","E","?","?"],"character_chosen":"THE_CURSED","items_purchased":["TheCursedMod:SpitefulStrike","TheCursedMod:Neurasthenia"],"campfire_rested":1,"item_purchase_floors":[5,5],"current_hp_per_floor":[75,75,75,80,80,80,80,80,80,80,70,67,67,65,65,41,80,72,72,72,72,72,72,61,15,15,39,5,5,0,0],"gold":265,"neow_bonus":"THREE_ENEMY_KILL","is_daily":false,"chose_seed":false,"campfire_upgraded":5,"win_rate":0.0,"timestamp":1611598834,"path_taken":["M","?","M","?","?","R","E","?","T","R","M","?","R","M","R","BOSS","M","?","?","M","M","R","?","M","T","R","E","?","?"],"items_purchased_type":["Card","Card"],"build_version":"2020-12-22","purchased_purges":0,"victory":false,"max_hp_per_floor":[75,75,75,80,80,80,80,80,80,80,80,80,80,80,80,80,80,80,80,80,80,80,80,80,80,80,80,80,80,80,80],"relic_stats":{"counters":[13,46],"Ornamental Fan":[16],"Turnip":[4],"Art of War":[1],"obtain_stats":[{"TheCursedMod:BlackMagic101":0,"Anchor":9,"Lantern":12,"NeowsBlessing":0,"Ornamental Fan":20,"Turnip":7,"Art of War":26,"Empty Cage":17,"TungstenRod":28},{"TheCursedMod:BlackMagic101":0,"Anchor":4,"Lantern":5,"NeowsBlessing":0,"Ornamental Fan":8,"Turnip":3,"Art of War":12,"Empty Cage":7,"TungstenRod":13},{"TheCursedMod:BlackMagic101":0,"Anchor":7,"Lantern":10,"NeowsBlessing":0,"Ornamental Fan":25,"Turnip":4,"Art of War":41,"Empty Cage":22,"TungstenRod":46}],"TungstenRod":4},"card_choices":[{"not_picked":["TheCursedMod:Wield","TheCursedMod:CursedStaff"],"picked":"TheCursedMod:Stigma","floor":1.0},{"not_picked":["TheCursedMod:CursedStaff","TheCursedMod:CircleOfCorruption"],"picked":"TheCursedMod:VitalStrike","floor":3.0},{"not_picked":["TheCursedMod:CircleOfAmplification","TheCursedMod:CursedShiv"],"picked":"TheCursedMod:Grudge","floor":7.0},{"not_picked":["TheCursedMod:CursedShiv","TheCursedMod:RavingStaff"],"picked":"TheCursedMod:SpreadPlague","floor":8.0},{"not_picked":["TheCursedMod:PrepareRite","TheCursedMod:CursedBoomerang"],"picked":"TheCursedMod:TroublousMinions","floor":11.0},{"not_picked":["TheCursedMod:Stretching","TheCursedMod:CircleOfCorruption"],"picked":"TheCursedMod:SurpriseAttack","floor":14.0},{"not_picked":["TheCursedMod:DemonicPact","TheCursedMod:CollectTribute"],"picked":"TheCursedMod:CursedRelics","floor":16.0},{"not_picked":["TheCursedMod:RavingStaff","TheCursedMod:Stretching"],"picked":"TheCursedMod:Torture","floor":18.0},{"not_picked":["TheCursedMod:CursedBoomerang","TheCursedMod:HellsGateOpen"],"picked":"TheCursedMod:Stretching+1","floor":21.0},{"not_picked":["TheCursedMod:VitalStrike","TheCursedMod:FleshFromBone"],"picked":"TheCursedMod:CircleOfFlame","floor":22.0},{"not_picked":["TheCursedMod:RapidMovement","TheCursedMod:SpitefulStrike"],"picked":"TheCursedMod:Evocation+1","floor":24.0},{"not_picked":["TheCursedMod:CircleOfAmplification","TheCursedMod:TacticalStrike"],"picked":"TheCursedMod:FleshFromBone","floor":25.0},{"not_picked":["TheCursedMod:BlessingInDisguise","TheCursedMod:LuckyCharm"],"picked":"TheCursedMod:CursedBlade","floor":28}],"player_experience":148595,"relics_obtained":[{"floor":7.0,"key":"Turnip"},{"floor":9.0,"key":"Anchor"},{"floor":26.0,"key":"Art of War"},{"floor":28,"key":"TungstenRod"}],"event_choices":[{"damage_healed":0.0,"max_hp_gain":0.0,"max_hp_loss":0.0,"gold_gain":0.0,"event_name":"betterThird:BetterSerpent","player_choice":"Ignored","floor":2.0,"gold_loss":0.0,"damage_taken":111.0},{"damage_healed":0.0,"max_hp_gain":5.0,"max_hp_loss":0.0,"gold_gain":0.0,"event_name":"Big Fish","player_choice":"Donut","floor":4.0,"gold_loss":0.0,"damage_taken":0.0},{"damage_healed":0.0,"max_hp_gain":0.0,"max_hp_loss":0.0,"gold_gain":0.0,"event_name":"betterThird:BetterScrap","player_choice":"Relic ","floor":12.0,"gold_loss":0.0,"damage_taken":3.0,"cards_obtained":["Omniscience"]},{"cards_removed":["Mayhem"],"damage_healed":0.0,"max_hp_gain":0.0,"max_hp_loss":0.0,"gold_gain":0.0,"event_name":"betterNote:BetterNote","player_choice":"Take \u0026 Give","floor":19.0,"gold_loss":0.0,"damage_taken":0.0,"cards_obtained":["Mayhem"]},{"damage_healed":0.0,"max_hp_gain":0.0,"max_hp_loss":0.0,"gold_gain":0.0,"event_name":"The Mausoleum","player_choice":"Opened","floor":20.0,"gold_loss":0.0,"damage_taken":0.0,"relics_obtained":["Ornamental Fan"]},{"damage_healed":0,"gold_gain":0,"player_choice":"Bought 2 Potions","damage_taken":0,"max_hp_gain":0,"max_hp_loss":0,"event_name":"The Woman in Blue","floor":29,"gold_loss":0}],"is_beta":false,"boss_relics":[{"not_picked":["Runic Dome","TheCursedMod:FourLeafCloverCharm"],"picked":"Empty Cage"}],"items_purged_floors":[],"is_endless":false,"potions_floor_spawned":[7,8,11,16,18,24,28],"ascension_level":0}}