{"host":"uvmuduost5bzvojs","time":1611541077,"event":{"mods":["Aspiration","Bard","BaseMod","Better Match","Block Reminder","Conspire","Hermit","Highlight Path","Hubris","Infinite Spire","Jorbs\u0027s Wanderer Trilogy","Mad Scientist","Marisa????????","Mimic Mod","Minty Spire (QoL Compilation)","Potionbrewer","Replay The Spire","Robot Space Explorer","StSLib","The Blackbeard","The Construct","The Cursed","The Disciple","The Hayseed","The Hierophant","The Juggle","The Jungle","The Poker Player","The Runesmith","The Servant 0.9.4","The Spell Scribe","The Valiant","TheBandit"],"gold_per_floor":[111,191,207,225,225,260,260,260,260],"floor_reached":8,"language":"ENG","playtime":361,"items_purged":[],"score":106,"play_id":"286e7036-3af6-4fae-a417-4b8f10b7e138","local_time":"20210124211757","is_ascension_mode":false,"campfire_choices":[{"data":"Runesmith:Duplicate","floor":7,"key":"SMITH"}],"circlet_count":0,"master_deck":["conspire:GhostlyStrike","conspire:GhostlyStrike","conspire:GhostlyStrike","conspire:GhostlyStrike","conspire:GhostlyDefend","conspire:GhostlyDefend","conspire:GhostlyDefend","conspire:GhostlyDefend","Runesmith:CraftFirestone","Runesmith:Fortify","Runesmith:HeatedChisel","Pot Of Greed","Runesmith:CraftIncendium","Pot Of Greed","Runesmith:Attraction","Runesmith:Duplicate+1","Runesmith:Attraction","Runesmith:CraftMagma"],"relics":["Runesmith:BrokenRuby","NeowsBlessing","Grinning Jar","Chameleon Ring"],"acts_visited":["Exordium"],"potions_floor_usage":[],"damage_taken":[{"damage":0,"enemies":"2 Louse","floor":1,"turns":1},{"damage":0,"enemies":"Jaw Worm","floor":3,"turns":1},{"damage":0,"enemies":"Small Slimes","floor":4,"turns":1},{"damage":20,"enemies":"3 Sentries","floor":6,"turns":5},{"damage":42,"enemies":"Gremlin Nob","floor":8,"turns":3}],"seed_played":"6427630765618136711","potions_obtained":[{"floor":1,"key":"SpeedPotion"},{"floor":3,"key":"potionbrewer:NoxiousPotion"}],"is_trial":false,"path_per_floor":["M","?","M","M","?","E","R","E"],"character_chosen":"RUNESMITH_CLASS","items_purchased":[],"campfire_rested":0,"item_purchase_floors":[],"current_hp_per_floor":[70,53,53,53,53,33,33,0,0],"gold":260,"neow_bonus":"THREE_ENEMY_KILL","is_daily":false,"chose_seed":false,"campfire_upgraded":1,"win_rate":0.0,"timestamp":1611541077,"path_taken":["M","?","M","M","?","E","R","E"],"items_purchased_type":[],"build_version":"2020-12-22","purchased_purges":0,"victory":false,"max_hp_per_floor":[70,70,70,70,70,70,70,70,70],"card_choices":[{"not_picked":["Runesmith:Permafrost","Runesmith:CraftProtectio"],"picked":"Runesmith:HeatedChisel","floor":1},{"not_picked":["Runesmith:EarthShield","Runesmith:Attraction"],"picked":"Runesmith:CraftIncendium","floor":2},{"not_picked":["Runesmith:EnergizedChisel","Runesmith:RuneHurl"],"picked":"Runesmith:Attraction","floor":2},{"not_picked":["Runesmith:UnstableHammer","Runesmith:RuneHurl"],"picked":"Runesmith:Duplicate","floor":3},{"not_picked":["Runesmith:HeatedChisel","Runesmith:RuneHurl"],"picked":"Runesmith:Attraction","floor":4},{"not_picked":["Runesmith:HammerThrow","Runesmith:FrozenChisel"],"picked":"Runesmith:CraftMagma","floor":6}],"player_experience":1782208,"relics_obtained":[{"floor":2,"key":"Grinning Jar"},{"floor":6,"key":"Chameleon Ring"}],"event_choices":[{"damage_healed":0,"gold_gain":0,"player_choice":"Agree","damage_taken":0,"max_hp_gain":0,"max_hp_loss":0,"event_name":"conspire:LoneGhost","floor":5,"gold_loss":0}],"is_beta":false,"boss_relics":[],"items_purged_floors":[],"is_endless":false,"potions_floor_spawned":[1,3],"killed_by":"Gremlin Nob","ascension_level":0}}