{"host":"09xy7x44mql7nhdq","time":1611596247,"event":{"mods":["AchievementEnabler","BaseMod","Colored Map","Colored Powertips","Filter the Spire","Minty Spire (QoL Compilation)","Quick Restart","Relic Stats","Slay the Relics Exporter","everything is the same but u backflip on backflip","ojb\u0027s Better Paths Mod","ojb\u0027s Info Mod","slay the spire mod where everything is the same but ironclad has a cowboy hat"],"gold_per_floor":[109,109,2,17,17,46,63,96,145,145,145],"floor_reached":10,"language":"ENG","playtime":531,"items_purged":[],"score":202,"play_id":"2ee4af6d-ef90-4029-8594-f5942614fbb9","local_time":"20210125123727","is_ascension_mode":true,"campfire_choices":[],"circlet_count":0,"master_deck":["AscendersBane","Strike_B","Strike_B","Strike_B","Defend_B","Defend_B","Defend_B","Defend_B","Zap","Dualcast","Ball Lightning","Reprogram","Streamline","Cold Snap","Reprogram+1","Auto Shields+1","Hyperbeam"],"relics":["SacredBark","Toxic Egg 2","Art of War","Pen Nib"],"acts_visited":["Exordium"],"potions_floor_usage":[4,6,6],"damage_taken":[{"damage":2,"enemies":"Cultist","floor":1,"turns":4},{"damage":2,"enemies":"Jaw Worm","floor":4,"turns":3},{"damage":0,"enemies":"Lagavulin","floor":6,"turns":4},{"damage":13,"enemies":"Small Slimes","floor":7,"turns":4},{"damage":35,"enemies":"3 Sentries","floor":8,"turns":12},{"damage":20,"enemies":"Lagavulin","floor":10,"turns":4}],"seed_played":"2262211428769704163","potions_obtained":[{"floor":1,"key":"AttackPotion"},{"floor":4,"key":"Energy Potion"},{"floor":5,"key":"PowerPotion"}],"is_trial":false,"path_per_floor":["M","?","$","M","?","E","M","E","T","E"],"character_chosen":"DEFECT","items_purchased":["Fire Potion","Streamline"],"campfire_rested":0,"item_purchase_floors":[3,3],"current_hp_per_floor":[62,62,62,60,60,60,47,12,12,0,0],"gold":145,"neow_bonus":"BOSS_RELIC","is_daily":false,"chose_seed":false,"campfire_upgraded":0,"win_rate":0.0,"timestamp":1611596247,"path_taken":["M","?","$","?","?","E","M","E","T","E"],"items_purchased_type":["Potion","Card"],"build_version":"2020-12-22","purchased_purges":0,"victory":false,"max_hp_per_floor":[71,71,71,71,71,71,71,71,71,71,71],"relic_stats":{"counters":[6,31],"Pen Nib":[0],"Art of War":[2],"obtain_stats":[{"SacredBark":0,"Pen Nib":9,"Art of War":8,"Toxic Egg 2":6,"Cracked Core":0},{"SacredBark":0,"Pen Nib":5,"Art of War":5,"Toxic Egg 2":3,"Cracked Core":0},{"SacredBark":0,"Pen Nib":27,"Art of War":27,"Toxic Egg 2":11,"Cracked Core":0}]},"card_choices":[{"not_picked":["Capacitor","Beam Cell"],"picked":"Ball Lightning","floor":1},{"not_picked":["Aggregate","Leap"],"picked":"Cold Snap","floor":4},{"not_picked":["Hologram+1","Force Field+1"],"picked":"Reprogram+1","floor":6},{"not_picked":["Cold Snap","Coolheaded+1"],"picked":"Auto Shields+1","floor":7},{"not_picked":["Steam+1","Hologram+1"],"picked":"Hyperbeam","floor":8}],"player_experience":1096102,"relics_obtained":[{"floor":6,"key":"Toxic Egg 2"},{"floor":8,"key":"Art of War"},{"floor":9,"key":"Pen Nib"}],"event_choices":[{"damage_healed":0,"gold_gain":0,"cards_transformed":["Strike_B"],"player_choice":"Transformed","damage_taken":0,"max_hp_gain":0,"max_hp_loss":0,"event_name":"Transmorgrifier","floor":2,"gold_loss":0,"cards_obtained":["Reprogram"]},{"damage_healed":0,"gold_gain":0,"player_choice":"Got Potions","damage_taken":0,"max_hp_gain":0,"max_hp_loss":0,"event_name":"Lab","floor":5,"gold_loss":0}],"is_beta":false,"boss_relics":[],"items_purged_floors":[],"is_endless":false,"potions_floor_spawned":[1,4],"killed_by":"Lagavulin","ascension_level":20}}