{"host":"78zdngn0u28jm0pp","time":1611551533,"event":{"mods":["BaseMod","Jorbs\u0027s Wanderer Trilogy","Minty Spire (QoL Compilation)","Permanent Neow","Quick Restart","Relic Stats","StSLib","Unceasing Turn Reminder"],"gold_per_floor":[359,375,375,52,62,94,105,118,144,154,167,196,196,209,209,288,288,307,333,608,627,315,315,333,360,360,374,374,374,374,406,406,406,406],"floor_reached":33,"language":"ENG","playtime":1283,"items_purged":["Regret"],"score":673,"play_id":"0c08162d-8b63-466c-92d5-205544a65ca1","local_time":"20210124221213","is_ascension_mode":true,"campfire_choices":[{"data":"Crippling Poison","floor":13,"key":"SMITH"},{"data":"Cloak And Dagger","floor":15,"key":"SMITH"},{"data":"Phantasmal Killer","floor":23,"key":"SMITH"},{"data":"Blade Dance","floor":28,"key":"SMITH"},{"data":"Flechettes","floor":30,"key":"SMITH"},{"data":"Blade Dance","floor":32,"key":"SMITH"}],"circlet_count":0,"master_deck":["AscendersBane","Strike_G","Strike_G","Strike_G","Strike_G","Strike_G","Defend_G","Defend_G+1","Defend_G","Defend_G","Defend_G","Survivor+1","Neutralize","Blade Dance+1","Quick Slash","Unload","Finisher","Dagger Spray","Flechettes+1","Crippling Poison+1","Cloak And Dagger+1","Adrenaline","Adrenaline","Slice","Escape Plan","Phantasmal Killer+1","Backflip","Blade Dance+1","Blade Dance","Writhe","Terror"],"relics":["Ring of the Snake","Eternal Feather","Toy Ornithopter","Pen Nib","Bronze Scales","WristBlade","War Paint","ClockworkSouvenir","Tiny Chest","HornCleat","Mummified Hand","Paper Crane"],"acts_visited":["Exordium","TheCity"],"potions_floor_usage":[6,6,10,12,16,25,31,33],"damage_taken":[{"damage":11,"enemies":"Jaw Worm","floor":1,"turns":7},{"damage":0,"enemies":"Cultist","floor":2,"turns":3},{"damage":2,"enemies":"Small Slimes","floor":5,"turns":3},{"damage":0,"enemies":"Lagavulin","floor":6,"turns":4},{"damage":0,"enemies":"Gremlin Gang","floor":7,"turns":2},{"damage":2,"enemies":"2 Fungi Beasts","floor":8,"turns":4},{"damage":0,"enemies":"Exordium Wildlife","floor":10,"turns":3},{"damage":0,"enemies":"Large Slime","floor":11,"turns":3},{"damage":10,"enemies":"3 Sentries","floor":12,"turns":4},{"damage":3,"enemies":"Gremlin Gang","floor":14,"turns":2},{"damage":33,"enemies":"Hexaghost","floor":16,"turns":7},{"damage":7,"enemies":"2 Thieves","floor":18,"turns":3},{"damage":0,"enemies":"3 Byrds","floor":21,"turns":3},{"damage":0,"enemies":"Snecko","floor":24,"turns":3},{"damage":28,"enemies":"Book of Stabbing","floor":25,"turns":4},{"damage":18,"enemies":"Snake Plant","floor":27,"turns":2},{"damage":15,"enemies":"Slavers","floor":31,"turns":2},{"damage":63,"enemies":"Champ","floor":33,"turns":8}],"seed_played":"-189308947091576767","potions_obtained":[{"floor":2,"key":"DistilledChaos"},{"floor":7,"key":"SteroidPotion"},{"floor":8,"key":"Energy Potion"},{"floor":10,"key":"Strength Potion"},{"floor":24,"key":"Energy Potion"},{"floor":27,"key":"ColorlessPotion"},{"floor":31,"key":"Poison Potion"}],"is_trial":false,"path_per_floor":["M","M","?","$","M","E","M","M","T","M","M","E","R","M","R","B",null,"M","T","?","M","$","R","M","E","T","M","R","?","R","E","R","B"],"character_chosen":"THE_SILENT","items_purchased":["Eternal Feather","FearPotion","Phantasmal Killer","ClockworkSouvenir"],"campfire_rested":0,"item_purchase_floors":[4,4,22,22],"current_hp_per_floor":[48,48,48,48,46,46,46,44,44,49,49,44,56,53,60,27,52,45,45,45,45,45,60,60,32,32,14,29,29,47,37,55,0,0],"gold":406,"neow_bonus":"TWO_FIFTY_GOLD","is_daily":false,"chose_seed":false,"campfire_upgraded":6,"win_rate":0.0,"timestamp":1611551533,"path_taken":["M","M","?","$","M","E","M","M","T","?","M","E","R","?","R","BOSS","M","?","?","M","$","R","M","E","T","?","R","?","R","E","R","BOSS"],"items_purchased_type":["Relic","Potion","Card","Relic"],"build_version":"2020-12-22","purchased_purges":1,"victory":false,"max_hp_per_floor":[60,60,60,60,60,60,60,60,60,60,60,60,60,60,60,60,60,60,60,60,60,60,60,60,60,60,60,60,60,60,60,60,60,60],"relic_stats":{"counters":[18,67],"Mummified Hand":[0],"Bronze Scales":[114],"Eternal Feather":85,"Tiny Chest":0,"Pen Nib":[15],"War Paint":["Defend_G","Survivor"],"obtain_stats":[{"HornCleat":26,"WristBlade":17,"Mummified Hand":29,"Bronze Scales":12,"Eternal Feather":4,"Tiny Chest":25,"Pen Nib":9,"War Paint":19,"Paper Crane":31,"Toy Ornithopter":6,"Ring of the Snake":0,"ClockworkSouvenir":22},{"HornCleat":15,"WristBlade":11,"Mummified Hand":16,"Bronze Scales":9,"Eternal Feather":2,"Tiny Chest":15,"Pen Nib":6,"War Paint":12,"Paper Crane":17,"Toy Ornithopter":4,"Ring of the Snake":0,"ClockworkSouvenir":13},{"HornCleat":55,"WristBlade":42,"Mummified Hand":57,"Bronze Scales":33,"Eternal Feather":10,"Tiny Chest":55,"Pen Nib":23,"War Paint":45,"Paper Crane":59,"Toy Ornithopter":17,"Ring of the Snake":0,"ClockworkSouvenir":48}],"Toy Ornithopter":20,"Ring of the Snake":[36]},"card_choices":[{"not_picked":["Dagger Spray","Flying Knee"],"picked":"Blade Dance","floor":1},{"not_picked":["Well Laid Plans","Bane"],"picked":"Quick Slash","floor":2},{"not_picked":["Concentrate","Quick Slash"],"picked":"Dagger Spray","floor":5},{"not_picked":["Dodge and Roll","Underhanded Strike","Quick Slash"],"picked":"SKIP","floor":6},{"not_picked":["Poisoned Stab","Backflip"],"picked":"Flechettes","floor":7},{"not_picked":["Prepared","Choke"],"picked":"Crippling Poison","floor":8},{"not_picked":["Underhanded Strike","Caltrops","Slice"],"picked":"SKIP","floor":10},{"not_picked":["Slice","Reflex"],"picked":"Cloak And Dagger","floor":11},{"not_picked":["Footwork","Flying Knee"],"picked":"Adrenaline","floor":12},{"not_picked":["Quick Slash","Crippling Poison","Concentrate"],"picked":"SKIP","floor":14},{"not_picked":["A Thousand Cuts","Night Terror"],"picked":"Adrenaline","floor":16},{"not_picked":["Prepared","Deflect"],"picked":"Slice","floor":18},{"not_picked":["Skewer","Expertise+1"],"picked":"Escape Plan","floor":21},{"not_picked":["Poisoned Stab","Noxious Fumes+1"],"picked":"Backflip","floor":24},{"not_picked":["Choke","Calculated Gamble"],"picked":"Blade Dance","floor":25},{"not_picked":["Dash","Infinite Blades"],"picked":"Blade Dance","floor":27},{"not_picked":["Cloak And Dagger","Deflect"],"picked":"Terror","floor":31}],"player_experience":239374,"relics_obtained":[{"floor":6,"key":"Toy Ornithopter"},{"floor":9,"key":"Pen Nib"},{"floor":12,"key":"Bronze Scales"},{"floor":19,"key":"War Paint"},{"floor":25,"key":"Tiny Chest"},{"floor":26,"key":"HornCleat"},{"floor":31,"key":"Paper Crane"}],"event_choices":[{"damage_healed":0,"gold_gain":0,"player_choice":"2 cards matched","damage_taken":0,"max_hp_gain":0,"max_hp_loss":0,"event_name":"Match and Keep!","floor":3,"gold_loss":0,"cards_obtained":["Unload","Finisher"]},{"damage_healed":0,"gold_gain":275,"player_choice":"Desecrate","damage_taken":0,"max_hp_gain":0,"max_hp_loss":0,"event_name":"Golden Shrine","floor":20,"gold_loss":0,"cards_obtained":["Regret"]},{"damage_healed":0,"gold_gain":0,"player_choice":"Opened","damage_taken":0,"relics_obtained":["Mummified Hand"],"max_hp_gain":0,"max_hp_loss":0,"event_name":"The Mausoleum","floor":29,"gold_loss":0,"cards_obtained":["Writhe"]}],"is_beta":false,"boss_relics":[{"not_picked":["HoveringKite","Astrolabe"],"picked":"WristBlade"}],"items_purged_floors":[22],"is_endless":false,"potions_floor_spawned":[2,7,8,10,24,27,31],"killed_by":"Champ","ascension_level":20}}