{"host":"w7dhjqgqsib0c3vt","time":1611577057,"event":{"mods":["ATMod(°¢èªMod)","BaseMod","Minty Spire (QoL Compilation)","Shop Mod","StSLib","TheWitcher"],"gold_per_floor":[116,22,197,211,286,311,326,326,326,353,353,363,363,391,391,488,488,508,525,525,134,144,174,174,204,204,204,8,18,18,29,29,124,124,143,0,0,12,12,37,37,70,122,132,178,10,10,24,24,224],"floor_reached":51,"language":"ZHS","playtime":1474,"items_purged":["Doubt"],"score":1067,"play_id":"0e6c2a4c-7940-4d35-9de7-df249b233dab","local_time":"20210125201737","is_ascension_mode":true,"campfire_choices":[{"floor":13.0,"key":"REST"},{"data":"AT_RightCognition","floor":15.0,"key":"SMITH"},{"floor":24.0,"key":"REST"},{"floor":27.0,"key":"REST"},{"data":"AT_StudyProgram","floor":30.0,"key":"SMITH"},{"floor":32.0,"key":"REST"},{"data":"Seek","floor":41.0,"key":"SMITH"},{"data":"Buffer","floor":49,"key":"SMITH"}],"circlet_count":0,"master_deck":["Strike_B","Strike_B","Strike_B","Defend_B","Defend_B","Defend_B","Defend_B","Zap","Dualcast","AT_Desolate","Rebound+1","Double Energy","Leap+1","AT_StudyProgram+1","Sweeping Beam","Hologram","White Noise+1","Ball Lightning","AT_RightCognition+1","Seek+1","Redo+1","Heatsinks+1","Defragment","Stack","AT_ThreeBodyProblem","Storm","Go for the Eyes","BootSequence+1","Buffer+1","Rip and Tear+1","Mind Blast+1","Beam Cell+1","Defragment","SnafuTest:CurseBurningStake","AT_StudyProgram","AT_StudyProgram","Go for the Eyes","Lockon+1"],"relics":["Cracked Core","AT_ATBox","NeowsBlessing","Ornamental Fan","SnafuTest:CatRelic","AT_ArcaneBoots","Oddly Smooth Stone","Strawberry","Bird Faced Urn","AT_TrinityForce","Spirit Poop","Medical Kit","Peace Pipe","Happy Flower","AT_RedTearstoneRing","Membership Card","Cursed Key","Red Mask","Whetstone","Centennial Puzzle","War Paint","Incense Burner","AT_TheCollector"],"acts_visited":["Exordium","TheCity","TheBeyond"],"potions_floor_usage":[50,50,50],"damage_taken":[{"damage":0.0,"enemies":"Small Slimes","floor":1.0,"turns":1.0},{"damage":0.0,"enemies":"2 Louse","floor":4.0,"turns":1.0},{"damage":0.0,"enemies":"3 Sentries","floor":6.0,"turns":2.0},{"damage":1.0,"enemies":"Cultist","floor":7.0,"turns":3.0},{"damage":27.0,"enemies":"Gremlin Nob","floor":10.0,"turns":4.0},{"damage":3.0,"enemies":"Looter","floor":12.0,"turns":4.0},{"damage":26.0,"enemies":"3 Sentries","floor":14.0,"turns":6.0},{"damage":35.0,"enemies":"Slime Boss","floor":16.0,"turns":5.0},{"damage":22.0,"enemies":"2 Thieves","floor":18.0,"turns":3.0},{"damage":7.0,"enemies":"Chosen","floor":19.0,"turns":4.0},{"damage":15.0,"enemies":"3 Cultists","floor":22.0,"turns":4.0},{"damage":20.0,"enemies":"Gremlin Leader","floor":23.0,"turns":4.0},{"damage":53.0,"enemies":"Book of Stabbing","floor":25.0,"turns":5.0},{"damage":22.0,"enemies":"Shelled Parasite and Fungi","floor":29.0,"turns":3.0},{"damage":21.0,"enemies":"Sentry and Sphere","floor":31.0,"turns":3.0},{"damage":24.0,"enemies":"Automaton","floor":33.0,"turns":6.0},{"damage":0.0,"enemies":"Orb Walker","floor":35.0,"turns":3.0},{"damage":6.0,"enemies":"3 Shapes","floor":38.0,"turns":4.0},{"damage":0.0,"enemies":"Giant Head","floor":40.0,"turns":5.0},{"damage":14.0,"enemies":"Nemesis","floor":42.0,"turns":5.0},{"damage":21.0,"enemies":"Spire Growth","floor":44.0,"turns":3.0},{"damage":9.0,"enemies":"2 Orb Walkers","floor":45.0,"turns":3.0},{"damage":0,"enemies":"Transient","floor":48,"turns":5},{"damage":32,"enemies":"Donu and Deca","floor":50,"turns":4}],"seed_played":"9077605200641153032","potions_obtained":[{"floor":1.0,"key":"FocusPotion"},{"floor":6.0,"key":"Dexterity Potion"},{"floor":16.0,"key":"Explosive Potion"},{"floor":18.0,"key":"Fire Potion"},{"floor":25.0,"key":"ColorlessPotion"},{"floor":29.0,"key":"FearPotion"},{"floor":35.0,"key":"ColorlessPotion"},{"floor":38.0,"key":"Dexterity Potion"},{"floor":44.0,"key":"PowerPotion"}],"is_trial":false,"path_per_floor":["M","$","?","M","?","E","M","?","T","E","?","M","R","E","R","B",null,"M","M","?","$","M","E","R","E","T","R","$","M","R","M","R","B",null,"M","?","?","M","$","E","R","E","T","M","?","$","?","M","R","B",null],"character_chosen":"DEFECT","items_purchased":["Double Energy","Leap","Defragment","Fruit Juice","Medical Kit","Membership Card","Regen Potion","AT_TheCollector","Go for the Eyes"],"campfire_rested":4,"item_purchase_floors":[2,2,21,21,21,28,28,46,46],"current_hp_per_floor":[75,75,75,75,68,68,67,67,67,40,47,44,68,42,42,15,82,62,61,61,61,59,51,77,36,36,62,62,50,50,48,74,66,87,87,87,87,81,81,87,87,79,79,64,61,61,61,81,81,73],"gold":224,"neow_bonus":"THREE_ENEMY_KILL","is_daily":false,"chose_seed":false,"campfire_upgraded":4,"win_rate":0.0,"timestamp":1611577057,"path_taken":["M","$","?","M","?","E","?","?","T","E","?","?","R","E","R","BOSS","M","M","?","$","M","E","R","E","T","R","?","M","R","M","R","BOSS","M","?","?","?","?","E","R","E","T","M","?","?","?","M","R","BOSS"],"items_purchased_type":["Card","Card","Card","Potion","Relic","Relic","Potion","Relic","Card"],"build_version":"2020-12-22","purchased_purges":1,"victory":true,"max_hp_per_floor":[75,75,75,75,75,75,75,75,75,75,82,82,82,82,82,82,82,82,82,82,82,87,87,87,87,87,87,87,87,87,87,87,87,87,87,87,87,87,87,87,87,87,87,87,87,87,87,87,87,87],"card_choices":[{"not_picked":["Fusion","Undo"],"picked":"Rebound","floor":1.0},{"not_picked":["Darkness","Sunder"],"picked":"AT_StudyProgram","floor":4.0},{"not_picked":["Barrage","Stack"],"picked":"Sweeping Beam","floor":6.0},{"not_picked":["Rebound","Beam Cell"],"picked":"Hologram","floor":7.0},{"not_picked":["Redo","Aggregate"],"picked":"White Noise","floor":10.0},{"not_picked":["Sweeping Beam","Storm"],"picked":"Ball Lightning","floor":12.0},{"not_picked":["Lockon","Self Repair"],"picked":"AT_RightCognition","floor":14.0},{"not_picked":["Rainbow","Core Surge"],"picked":"Seek","floor":16.0},{"not_picked":["Lockon","Gash+1"],"picked":"Redo+1","floor":18.0},{"not_picked":["Sweeping Beam+1","Rebound"],"picked":"Heatsinks+1","floor":19.0},{"not_picked":["Sweeping Beam","Beam Cell+1"],"picked":"Stack","floor":22.0},{"not_picked":["All For One","AT_HeatAcrobatics"],"picked":"AT_ThreeBodyProblem","floor":23.0},{"not_picked":["Beam Cell","Hologram+1"],"picked":"Storm","floor":25.0},{"not_picked":["Steam","Lockon"],"picked":"Go for the Eyes","floor":29.0},{"not_picked":["Hyperbeam","Loop"],"picked":"BootSequence+1","floor":31.0},{"not_picked":["Fission","AT_WaterDrop"],"picked":"Buffer","floor":33.0},{"not_picked":["Streamline+1","Compile Driver"],"picked":"Rip and Tear+1","floor":35.0},{"not_picked":["Force Field","Streamline"],"picked":"Beam Cell+1","floor":38.0},{"not_picked":["AT_WarpDrive+1","Compile Driver+1"],"picked":"Defragment","floor":40.0},{"not_picked":["AT_HeatAcrobatics+1","AT_WarpDrive+1","Redo"],"picked":"SKIP","floor":42.0},{"not_picked":["Fusion+1","Gash"],"picked":"AT_StudyProgram","floor":44.0},{"not_picked":["Ball Lightning+1","Hologram"],"picked":"AT_StudyProgram","floor":45.0},{"not_picked":["Blizzard","AT_RobotInSpace+1"],"picked":"Lockon+1","floor":48}],"player_experience":631538,"relics_obtained":[{"floor":6.0,"key":"Ornamental Fan"},{"floor":9.0,"key":"AT_SpeedBoots"},{"floor":10.0,"key":"Oddly Smooth Stone"},{"floor":14.0,"key":"Bird Faced Urn"},{"floor":23.0,"key":"Peace Pipe"},{"floor":25.0,"key":"Happy Flower"},{"floor":26.0,"key":"AT_RedTearstoneRing"},{"floor":40.0,"key":"Whetstone"},{"floor":42.0,"key":"Centennial Puzzle"},{"floor":43.0,"key":"War Paint"},{"floor":45.0,"key":"Incense Burner"}],"event_choices":[{"damage_healed":0.0,"max_hp_gain":0.0,"max_hp_loss":0.0,"gold_gain":175.0,"event_name":"Liars Game","player_choice":"AGREE","floor":3.0,"gold_loss":0.0,"damage_taken":0.0,"cards_obtained":["Doubt"]},{"damage_healed":0.0,"max_hp_gain":0.0,"max_hp_loss":0.0,"gold_gain":75.0,"event_name":"FaceTrader","player_choice":"Touch","floor":5.0,"gold_loss":0.0,"damage_taken":7.0},{"damage_healed":0.0,"max_hp_gain":0.0,"max_hp_loss":0.0,"gold_gain":0.0,"event_name":"Big Fish","player_choice":"Box","floor":8.0,"gold_loss":0.0,"damage_taken":0.0,"relics_obtained":["SnafuTest:CatRelic"],"cards_obtained":["Regret"]},{"damage_healed":0.0,"max_hp_gain":0.0,"max_hp_loss":0.0,"gold_gain":0.0,"event_name":"WeMeetAgain","player_choice":"Gave Potion","floor":11.0,"gold_loss":0.0,"damage_taken":0.0,"relics_obtained":["Strawberry"]},{"cards_removed":["Regret"],"damage_healed":0.0,"max_hp_gain":0.0,"max_hp_loss":0.0,"gold_gain":0.0,"event_name":"Bonfire Elementals","player_choice":"Offered Curse","floor":20.0,"gold_loss":0.0,"damage_taken":0.0,"relics_obtained":["Spirit Poop"]},{"damage_healed":0.0,"max_hp_gain":0.0,"max_hp_loss":0.0,"gold_gain":0.0,"event_name":"Tomb of Lord Red Mask","player_choice":"Paid","floor":36.0,"gold_loss":143.0,"damage_taken":0.0,"relics_obtained":["Red Mask"]},{"damage_healed":0.0,"max_hp_gain":0.0,"max_hp_loss":0.0,"gold_gain":0.0,"event_name":"Match and Keep!","player_choice":"1 cards matched","floor":37.0,"gold_loss":0.0,"damage_taken":0.0,"cards_obtained":["Mind Blast"]},{"damage_healed":0.0,"max_hp_gain":0.0,"max_hp_loss":0.0,"gold_gain":0.0,"event_name":"Mysterious Sphere","player_choice":"Fight","floor":45.0,"gold_loss":0.0,"damage_taken":0.0},{"cards_removed":["Strike_B"],"damage_healed":0.0,"max_hp_gain":0.0,"max_hp_loss":0.0,"gold_gain":0.0,"event_name":"Falling","player_choice":"Removed Attack","floor":47.0,"gold_loss":0.0,"damage_taken":0.0}],"is_beta":false,"boss_relics":[{"not_picked":["SlaversCollar","Runic Dome"],"picked":"AT_TrinityForce"},{"not_picked":["Pandora\u0027s Box","Coffee Dripper"],"picked":"Cursed Key"}],"items_purged_floors":[21],"is_endless":false,"potions_floor_spawned":[1,6,16,18,25,29,35,38,44,48],"ascension_level":4}}