{"host":"w01zow3jg16g8jdh","time":1611576788,"event":{"mods":["AchievementEnabler","BaseMod","DeckTracker","Keyboard Shortcuts","Minty Spire (QoL Compilation)","Permanent Neow","StSLib","SuperFastMode"],"gold_per_floor":[111,123,123,48,48,75,75,93,120,145,45,45,45,45,45,117,117,136,155,169,169,169],"floor_reached":21,"language":"KOR","playtime":300,"items_purged":["Strike_R","Strike_R"],"score":424,"play_id":"75a55e37-8174-45b2-8862-84a016bda690","local_time":"20210125211308","is_ascension_mode":true,"campfire_choices":[{"data":"Flex","floor":7.0,"key":"SMITH"},{"data":"Sword Boomerang","floor":12.0,"key":"SMITH"},{"floor":15.0,"key":"REST"}],"circlet_count":0,"master_deck":["AscendersBane","Strike_R+1","Defend_R","Defend_R","Defend_R","Defend_R","Bash+1","Warcry+1","Sword Boomerang+1","Flex+1","Reaper","Pommel Strike+1"],"relics":["Burning Blood","NeowsBlessing","Red Skull","Blood Vial","Nunchaku","Empty Cage"],"acts_visited":["Exordium","TheCity"],"potions_floor_usage":[],"damage_taken":[{"damage":0.0,"enemies":"Cultist","floor":1.0,"turns":1.0},{"damage":0.0,"enemies":"Jaw Worm","floor":2.0,"turns":1.0},{"damage":0.0,"enemies":"Gremlin Nob","floor":6.0,"turns":1.0},{"damage":5.0,"enemies":"2 Louse","floor":8.0,"turns":2.0},{"damage":39.0,"enemies":"Lagavulin","floor":10.0,"turns":7.0},{"damage":45.0,"enemies":"The Guardian","floor":16.0,"turns":9.0},{"damage":43.0,"enemies":"3 Byrds","floor":18.0,"turns":6.0},{"damage":45.0,"enemies":"Spheric Guardian","floor":19.0,"turns":7.0},{"damage":33.0,"enemies":"Snake Plant","floor":20.0,"turns":3.0},{"damage":24,"enemies":"Centurion and Healer","floor":21,"turns":4}],"seed_played":"9052856677325952975","potions_obtained":[{"floor":6.0,"key":"ColorlessPotion"},{"floor":14.0,"key":"LiquidBronze"},{"floor":14.0,"key":"PowerPotion"},{"floor":16.0,"key":"Block Potion"},{"floor":19.0,"key":"DistilledChaos"}],"is_trial":false,"path_per_floor":["M","M","?","$","?","E","R","M","T","E","$","R","?","?","R","B",null,"M","M","M","M"],"character_chosen":"IRONCLAD","items_purchased":[],"campfire_rested":1,"item_purchase_floors":[],"current_hp_per_floor":[74,75,52,52,52,58,58,59,59,28,28,28,28,28,50,13,60,57,27,9,0,0],"gold":169,"neow_bonus":"THREE_ENEMY_KILL","is_daily":false,"chose_seed":false,"campfire_upgraded":2,"win_rate":0.0,"timestamp":1611576788,"path_taken":["M","?","?","$","?","E","R","?","T","E","?","R","?","?","R","BOSS","M","M","?","M"],"items_purchased_type":[],"build_version":"2020-12-22","purchased_purges":2,"victory":false,"max_hp_per_floor":[75,75,75,75,75,75,75,75,75,75,75,75,75,75,75,75,75,75,75,75,75,75],"card_choices":[{"not_picked":["Perfected Strike","Flex"],"picked":"Warcry","floor":1.0},{"not_picked":["Rupture","Heavy Blade"],"picked":"Sword Boomerang","floor":2.0},{"not_picked":["Heavy Blade","Flame Barrier"],"picked":"Flex","floor":6.0},{"not_picked":["Metallicize","Uppercut","Evolve"],"picked":"SKIP","floor":8.0},{"not_picked":["Thunderclap","Combust","Feel No Pain"],"picked":"SKIP","floor":10.0},{"not_picked":["Bludgeon","Fiend Fire"],"picked":"Reaper","floor":16.0},{"not_picked":["Dropkick","Havoc","Clothesline"],"picked":"SKIP","floor":18.0},{"not_picked":["Shockwave","Heavy Blade+1"],"picked":"Pommel Strike+1","floor":19.0},{"not_picked":["Clash+1","Evolve","Heavy Blade"],"picked":"SKIP","floor":20.0}],"player_experience":313577,"relics_obtained":[{"floor":6.0,"key":"Red Skull"},{"floor":9.0,"key":"Blood Vial"},{"floor":10.0,"key":"Nunchaku"}],"event_choices":[{"damage_healed":0.0,"max_hp_gain":0.0,"max_hp_loss":0.0,"gold_gain":0.0,"event_name":"Shining Light","player_choice":"Entered Light","floor":3.0,"gold_loss":0.0,"damage_taken":23.0,"cards_upgraded":["Strike_R","Warcry"]},{"damage_healed":0.0,"max_hp_gain":0.0,"max_hp_loss":0.0,"gold_gain":0.0,"event_name":"Accursed Blacksmith","player_choice":"Forge","floor":5.0,"gold_loss":0.0,"damage_taken":0.0,"cards_upgraded":["Bash"]},{"damage_healed":0.0,"max_hp_gain":0.0,"max_hp_loss":0.0,"gold_gain":0.0,"event_name":"Liars Game","player_choice":"Ignored","floor":13.0,"gold_loss":0.0,"damage_taken":0.0},{"damage_healed":0.0,"max_hp_gain":0.0,"max_hp_loss":0.0,"gold_gain":0.0,"event_name":"Lab","player_choice":"Got Potions","floor":14.0,"gold_loss":0.0,"damage_taken":0.0}],"is_beta":false,"boss_relics":[{"not_picked":["Runic Dome","Cursed Key"],"picked":"Empty Cage"}],"items_purged_floors":[4,11],"is_endless":false,"potions_floor_spawned":[6,16,19],"killed_by":"Centurion and Healer","ascension_level":20}}