{"host":"vqgrg90fv56geajp","time":1611613471,"event":{"mods":["BaseMod","Colored Map","Colored Powertips","Minty Spire (QoL Compilation)","Quick Restart","Rare Cards Sparkle","Relic Stats"],"gold_per_floor":[117,128,138,288,303,303,303],"floor_reached":6,"language":"ENG","playtime":445,"items_purged":[],"score":76,"play_id":"23b4c327-b50e-4753-83a2-3a04d9722f38","local_time":"20210126002431","is_ascension_mode":true,"campfire_choices":[],"circlet_count":0,"master_deck":["AscendersBane","Strike_G","Strike_G","Strike_G","Strike_G","Strike_G","Defend_G","Defend_G","Defend_G","Defend_G","Defend_G","Survivor","Neutralize","Calculated Gamble","Accuracy","Blade Dance","Doubt","Prepared"],"relics":["Philosopher\u0027s Stone"],"acts_visited":["Exordium"],"potions_floor_usage":[6,6],"damage_taken":[{"damage":4,"enemies":"Small Slimes","floor":1,"turns":5},{"damage":1,"enemies":"2 Louse","floor":2,"turns":3},{"damage":11,"enemies":"Jaw Worm","floor":3,"turns":8},{"damage":15,"enemies":"Blue Slaver","floor":5,"turns":5},{"damage":46,"enemies":"Gremlin Nob","floor":6,"turns":3}],"seed_played":"4266051706152331879","potions_obtained":[{"floor":1,"key":"CultistPotion"},{"floor":3,"key":"Ancient Potion"}],"is_trial":false,"path_per_floor":["M","M","M","?","M","E"],"character_chosen":"THE_SILENT","items_purchased":[],"campfire_rested":0,"item_purchase_floors":[],"current_hp_per_floor":[55,54,43,43,28,0,0],"gold":303,"neow_bonus":"BOSS_RELIC","is_daily":false,"chose_seed":false,"campfire_upgraded":0,"win_rate":0.0,"timestamp":1611613471,"path_taken":["M","M","M","?","M","E"],"items_purchased_type":[],"build_version":"2020-12-22","purchased_purges":0,"victory":false,"max_hp_per_floor":[66,66,66,66,66,66,66],"relic_stats":{"counters":[5,24],"obtain_stats":[{"Philosopher\u0027s Stone":0,"Ring of the Snake":0},{"Philosopher\u0027s Stone":0,"Ring of the Snake":0},{"Philosopher\u0027s Stone":0,"Ring of the Snake":0}]},"card_choices":[{"not_picked":["Sucker Punch","Backflip"],"picked":"Calculated Gamble","floor":1},{"not_picked":["Sucker Punch","Masterful Stab"],"picked":"Accuracy","floor":2},{"not_picked":["Flying Knee","All Out Attack"],"picked":"Blade Dance","floor":3},{"not_picked":["Dodge and Roll","Dagger Throw"],"picked":"Prepared","floor":5}],"player_experience":2497883,"relics_obtained":[],"event_choices":[{"damage_healed":0,"gold_gain":150,"player_choice":"AGREE","damage_taken":0,"max_hp_gain":0,"max_hp_loss":0,"event_name":"Liars Game","floor":4,"gold_loss":0,"cards_obtained":["Doubt"]}],"is_beta":false,"boss_relics":[],"items_purged_floors":[],"is_endless":false,"potions_floor_spawned":[1,3,5],"killed_by":"Gremlin Nob","ascension_level":20}}