{"host":"edc6wmn2qug8wnvl","time":1611569460,"event":{"mods":["AchievementEnabler","BaseMod","Colored Map","Colored Powertips","Minty Spire (QoL Compilation)","StSLib"],"gold_per_floor":[119,119,119,119,136,164,178,194,221,149,149,166,185,205,205,310,310,325,325,180,32,48,48,61,61,61],"floor_reached":25,"language":"ENG","playtime":1157,"items_purged":[],"score":230,"play_id":"5fd60ea7-a47d-4ced-a5d5-63e00ff4fc06","local_time":"20210125021100","is_ascension_mode":false,"campfire_choices":[{"data":"Sunder","floor":11,"key":"SMITH"},{"data":"White Noise","floor":15,"key":"SMITH"},{"floor":23,"key":"REST"}],"circlet_count":0,"master_deck":["Strike_B","Strike_B","Strike_B","Strike_B","Defend_B","Defend_B","Defend_B","Defend_B","Zap","Dualcast","Scrape","Steam Power","Auto Shields","Sunder+1","BootSequence","White Noise+1","Fusion","Auto Shields","Genetic Algorithm","Genetic Algorithm"],"relics":["Cracked Core","NeowsBlessing","White Beast Statue","Bird Faced Urn","Dream Catcher","Black Star","Turnip","Juzu Bracelet","Frozen Eye"],"acts_visited":["Exordium","TheCity"],"potions_floor_usage":[12,13,14,16,16,16,18,22,24,25],"damage_taken":[{"damage":0,"enemies":"Cultist","floor":1,"turns":1},{"damage":0,"enemies":"Jaw Worm","floor":5,"turns":1},{"damage":0,"enemies":"Gremlin Nob","floor":6,"turns":1},{"damage":0,"enemies":"2 Louse","floor":7,"turns":3},{"damage":3,"enemies":"Exordium Thugs","floor":8,"turns":4},{"damage":0,"enemies":"Large Slime","floor":12,"turns":5},{"damage":12,"enemies":"Lots of Slimes","floor":13,"turns":5},{"damage":4,"enemies":"Blue Slaver","floor":14,"turns":5},{"damage":35,"enemies":"Hexaghost","floor":16,"turns":9},{"damage":0,"enemies":"Spheric Guardian","floor":18,"turns":2},{"damage":77,"enemies":"3 Byrds","floor":22,"turns":7},{"damage":11,"enemies":"Cultist and Chosen","floor":24,"turns":7},{"damage":31,"enemies":"Book of Stabbing","floor":25,"turns":3}],"seed_played":"953240194379507953","potions_obtained":[{"floor":5,"key":"EssenceOfSteel"},{"floor":6,"key":"SpeedPotion"},{"floor":7,"key":"BlessingOfTheForge"},{"floor":12,"key":"DistilledChaos"},{"floor":13,"key":"Regen Potion"},{"floor":14,"key":"FearPotion"},{"floor":16,"key":"DuplicationPotion"},{"floor":18,"key":"BlessingOfTheForge"},{"floor":22,"key":"Dexterity Potion"},{"floor":24,"key":"EssenceOfDarkness"}],"is_trial":false,"path_per_floor":["M","?","?","T","M","E","M","M","T","$","R","M","M","M","R","B",null,"M","?","$","$","M","R","M","E"],"character_chosen":"DEFECT","items_purchased":["Sunder","Juzu Bracelet","Frozen Eye"],"campfire_rested":1,"item_purchase_floors":[10,20,21],"current_hp_per_floor":[75,80,80,80,80,80,80,77,77,77,77,77,65,75,75,42,80,80,80,80,80,5,29,20,0,0],"gold":61,"neow_bonus":"THREE_ENEMY_KILL","is_daily":false,"chose_seed":false,"campfire_upgraded":2,"win_rate":0.0,"timestamp":1611569460,"path_taken":["M","?","?","?","M","E","?","M","T","$","R","M","M","M","R","BOSS","M","?","?","$","M","R","M","E"],"items_purchased_type":["Card","Relic","Relic"],"build_version":"2020-12-22","purchased_purges":0,"victory":false,"max_hp_per_floor":[75,80,80,80,80,80,80,80,80,80,80,80,80,80,80,80,80,80,80,80,80,80,80,80,80,80],"card_choices":[{"not_picked":["Turbo","Coolheaded"],"picked":"Hologram","floor":1},{"not_picked":["Beam Cell","Recycle"],"picked":"Steam Power","floor":5},{"not_picked":["Loop","Beam Cell"],"picked":"Auto Shields","floor":6},{"not_picked":["Beam Cell","Coolheaded","Rebound"],"picked":"SKIP","floor":7},{"not_picked":["Go for the Eyes","Streamline","Rebound"],"picked":"SKIP","floor":8},{"not_picked":["Compile Driver","Conserve Battery"],"picked":"BootSequence","floor":12},{"not_picked":["Meteor Strike","Coolheaded"],"picked":"White Noise","floor":13},{"not_picked":["Defragment","Gash"],"picked":"Fusion","floor":14},{"not_picked":["Turbo+1","Gash"],"picked":"Auto Shields","floor":18},{"not_picked":["Coolheaded","Aggregate"],"picked":"Genetic Algorithm","floor":22},{"not_picked":["Rebound","Undo+1"],"picked":"Genetic Algorithm","floor":23},{"not_picked":["Ball Lightning","Glacier","Thunder Strike"],"picked":"SKIP","floor":24}],"player_experience":37886,"relics_obtained":[{"floor":4,"key":"White Beast Statue"},{"floor":6,"key":"Bird Faced Urn"},{"floor":9,"key":"Dream Catcher"}],"event_choices":[{"damage_healed":0,"gold_gain":0,"player_choice":"Donut","damage_taken":0,"max_hp_gain":5,"max_hp_loss":0,"event_name":"Big Fish","floor":2,"gold_loss":0},{"damage_healed":0,"gold_gain":0,"cards_transformed":["Hologram"],"player_choice":"Change","damage_taken":0,"max_hp_gain":0,"max_hp_loss":0,"event_name":"Living Wall","floor":3,"gold_loss":0,"cards_obtained":["Scrape"]},{"damage_healed":0,"gold_gain":0,"player_choice":"Opened","damage_taken":0,"relics_obtained":["Turnip"],"max_hp_gain":0,"max_hp_loss":0,"event_name":"The Mausoleum","floor":19,"gold_loss":0}],"is_beta":false,"boss_relics":[{"not_picked":["Sozu","Tiny House"],"picked":"Black Star"}],"items_purged_floors":[],"is_endless":false,"potions_floor_spawned":[5,6,7,8,12,13,14,16,18,22,24],"killed_by":"Book of Stabbing","ascension_level":0}}