{"host":"och2iitg9ibgz06n","time":1611611203,"event":{"mods":["Abigail Mod","AchievementEnabler","Aspiration","BaseMod","Colored Powertips","Dio Mod","Hubris","Hyrulean Relics","Infinite Spire","Minty Spire (QoL Compilation)","Replay The Spire","Small Relic Pack","StSLib","The Animator","The Bug Knight","The Hierophant","The Jungle","The Saiyan","TheHero","Wandering Minibosses","everything is the same but u backflip on backflip","slay the spire mod where everything is the same but ironclad has a cowboy hat"],"gold_per_floor":[119,161,161,179,179,179,179,179,179,189,217,217,217,232,232,327,327,347,54,68,82,82,82],"floor_reached":22,"language":"ENG","playtime":2090,"items_purged":[],"score":265,"play_id":"5a5f30b1-2b60-4c54-9e7e-d0e25b8ebe40","local_time":"20210125154643","is_ascension_mode":true,"campfire_choices":[{"floor":6,"key":"RECALL"},{"data":"Blade Dance","floor":8,"key":"SMITH"},{"data":"Neutralize","floor":13,"key":"SMITH"},{"data":"Choke","floor":15,"key":"SMITH"}],"circlet_count":0,"master_deck":["Strike_G","Strike_G","Strike_G","Defend_G","Defend_G","Defend_G","Defend_G","Defend_G","Survivor","Neutralize+1","Blade Dance+1","Prepared","Finisher","Choke+1","A Thousand Cuts","Blade Dance","Hidden Blade","infinitespire:Neurotoxin"],"relics":["Ring of the Snake","ReplayTheSpireMod:Shallot","Kunai","Replay:Ringing Soul","HollowMod:PaleOreRelic","Empty Cage","Ice Cream"],"acts_visited":["Exordium","TheCity"],"potions_floor_usage":[18],"damage_taken":[{"damage":0,"enemies":"2 Louse","floor":1,"turns":4},{"damage":0,"enemies":"Small Slimes","floor":4,"turns":4},{"damage":0,"enemies":"Jaw Worm","floor":10,"turns":2},{"damage":0,"enemies":"Gremlin Nob","floor":11,"turns":3},{"damage":0,"enemies":"Looter","floor":14,"turns":1},{"damage":2,"enemies":"The Guardian","floor":16,"turns":14},{"damage":0,"enemies":"Spheric Guardian","floor":18,"turns":3},{"damage":34,"enemies":"Shell Parasite","floor":20,"turns":6},{"damage":10,"enemies":"Centurion and Healer","floor":21,"turns":10},{"damage":54,"enemies":"Sentry and Sphere","floor":22,"turns":5}],"seed_played":"-3715042332953964970","potions_obtained":[{"floor":10,"key":"Weak Potion"},{"floor":14,"key":"Energy Potion"}],"is_trial":false,"path_per_floor":["M","?","?","M","$","R","?","R","T","M","E","T","R","M","R","B",null,"M","$","M","M","M"],"character_chosen":"THE_SILENT","items_purchased":["Ice Cream"],"campfire_rested":0,"item_purchase_floors":[19],"current_hp_per_floor":[77,58,58,58,58,58,61,61,61,61,61,61,61,64,64,65,86,89,89,58,51,0,0],"gold":82,"neow_bonus":"TEN_PERCENT_HP_BONUS","is_daily":false,"chose_seed":false,"campfire_upgraded":3,"win_rate":0.0,"timestamp":1611611203,"path_taken":["M","?","?","M","$","R","?","R","T","M","E","?","R","M","R","BOSS","M","$","M","M","M"],"items_purchased_type":["Relic"],"build_version":"2020-12-22","purchased_purges":0,"victory":false,"max_hp_per_floor":[77,77,77,77,77,77,80,80,80,80,80,80,80,83,83,86,86,89,89,92,95,95,95],"card_choices":[{"not_picked":["Backflip","Bane"],"picked":"Blade Dance","floor":1},{"not_picked":["Slice","Dagger Throw"],"picked":"Prepared","floor":2},{"not_picked":["Poisoned Stab","PiercingWail"],"picked":"Finisher","floor":4},{"not_picked":["Doppelganger","hubris:SlightOfHand","Footwork"],"picked":"SKIP","floor":10},{"not_picked":["Dagger Throw","Underhanded Strike","ReplayTheSpireMod:Tripwire"],"picked":"SKIP","floor":11},{"not_picked":["Underhanded Strike","Outmaneuver"],"picked":"Choke","floor":14},{"not_picked":["Glass Knife","Night Terror"],"picked":"A Thousand Cuts","floor":16},{"not_picked":["Tactician","Outmaneuver+1"],"picked":"Blade Dance","floor":18},{"not_picked":["Draining Mist","Deflect"],"picked":"Hidden Blade","floor":20},{"not_picked":["Hidden Blade","Acrobatics"],"picked":"infinitespire:Neurotoxin","floor":21}],"player_experience":481281,"relics_obtained":[{"floor":2,"key":"ReplayTheSpireMod:Shallot"},{"floor":3,"key":"Kunai"},{"floor":9,"key":"Replay:Ringing Soul"},{"floor":11,"key":"HollowMod:PaleOreRelic"}],"event_choices":[],"is_beta":false,"boss_relics":[{"not_picked":["relicPack:KazumaCape","aspiration:IroncladSkillbook"],"picked":"Empty Cage"}],"items_purged_floors":[],"is_endless":false,"potions_floor_spawned":[10,14],"killed_by":"Sentry and Sphere","ascension_level":3}}