{"host":"sckme7d1fomdxamv","time":1611590669,"event":{"mods":["Act Like it!","BaseMod","Downfall","Friendly Minions","Gensokyo","Kiyohime（清姬）","Marisa（F雨　魔理沙）","Minty Spire (QoL Compilation)","READ ME - Guardian Mod","Rare Cards Sparkle","Remilia（蕾米莉亚）","Replay The Spire","Shop Mod","StSLib","The Bug Knight","The Hierophant","The Servant 0.9.4"],"gold_per_floor":[112,112,112,126,126,161,13,13,13,13,39,39,39,50,50,50,50],"floor_reached":16,"language":"ZHS","playtime":975,"items_purged":[],"score":181,"play_id":"b74b3377-ceb4-49b8-8de9-11e2263bbeeb","local_time":"20210126000429","is_ascension_mode":false,"campfire_choices":[{"data":"HollowMod:MantisMark","floor":8,"key":"SMITH"},{"data":"HollowMod:DashSlash","floor":12,"key":"SMITH"},{"floor":15,"key":"REST"}],"circlet_count":0,"master_deck":["HollowMod:NailStrikeStart","HollowMod:NailStrikeStart","HollowMod:NailStrikeStart","HollowMod:QuickDashStart","HollowMod:QuickDashStart+1","HollowMod:QuickDashStart","HollowMod:QuickDashStart","HollowMod:FocusHealStart","HollowMod:PogoStrike","HollowMod:DescendingDark","HollowMod:SiblingsShadow+1","HollowMod:MantisMark+1","HollowMod:DashSlash+1","CurseOfTheBell","CurseOfTheBell","HollowMod:SiblingsSouls"],"relics":["HollowMod:VesselMask","NeowsBlessing","Gensokyo:CelestialsFlawlessClothing","Replay:Rubber Ducky","War Paint","Juzu Bracelet","Strawberry","downfall:ExtraCursedBell","ReplayTheSpireMod:Shallot","Prayer Wheel","Replay:Baseball"],"acts_visited":["Exordium"],"potions_floor_usage":[16],"damage_taken":[{"damage":0,"enemies":"Gensokyo:2_Kodama","floor":1,"turns":1},{"damage":0,"enemies":"Gensokyo:Gryphon","floor":4,"turns":1},{"damage":0,"enemies":"Gensokyo:Cirno","floor":6,"turns":2},{"damage":17,"enemies":"Gensokyo:Aya","floor":11,"turns":6},{"damage":0,"enemies":"Gensokyo:3_Fairies","floor":14,"turns":3},{"damage":159,"enemies":"Gensokyo:Yukari","floor":16,"turns":19}],"seed_played":"-8119196594924236467","potions_obtained":[{"floor":6,"key":"Dexterity Potion"}],"is_trial":false,"path_per_floor":["M","?","?","M","?","E","$","R","T","?","E","R","?","M","R","B"],"character_chosen":"THE_BUGKNIGHT","items_purchased":["Juzu Bracelet"],"campfire_rested":1,"item_purchase_floors":[7],"current_hp_per_floor":[75,57,42,42,60,60,60,60,60,60,50,50,50,50,74,0,0],"gold":50,"neow_bonus":"THREE_ENEMY_KILL","is_daily":false,"chose_seed":false,"campfire_upgraded":2,"win_rate":0.0,"timestamp":1611590669,"path_taken":["M","?","?","M","?","E","$","R","T","?","E","R","?","M","R","BOSS"],"items_purchased_type":["Relic"],"build_version":"2020-12-22","purchased_purges":0,"victory":false,"max_hp_per_floor":[75,75,75,75,75,75,75,75,75,75,82,82,82,82,82,82,82],"card_choices":[{"not_picked":["HollowMod:NewJinnsSoul","HollowMod:SoulSplash"],"picked":"HollowMod:DescendingDark","floor":1},{"not_picked":["HollowMod:VengefulVoid","HollowMod:PerfectDash"],"picked":"HollowMod:SiblingsShadow","floor":4},{"not_picked":["HollowMod:CloakDash","HollowMod:TaintedHusks"],"picked":"HollowMod:MantisMark","floor":6},{"not_picked":["HollowMod:InfectionAssault","HollowMod:CornifersMapStart"],"picked":"HollowMod:DashSlash","floor":11},{"not_picked":["HollowMod:InfectionAssault","HollowMod:LifebloodCore"],"picked":"HollowMod:SiblingsSouls","floor":14},{"not_picked":["HollowMod:InfectionAssault","HollowMod:SoulShaman","HollowMod:SharpenedNail"],"picked":"SKIP","floor":14}],"player_experience":209660,"relics_obtained":[{"floor":6,"key":"War Paint"},{"floor":11,"key":"Strawberry"},{"floor":13,"key":"ReplayTheSpireMod:Shallot"},{"floor":13,"key":"Prayer Wheel"},{"floor":13,"key":"Replay:Baseball"}],"event_choices":[],"is_beta":false,"boss_relics":[],"items_purged_floors":[],"is_endless":false,"potions_floor_spawned":[6],"killed_by":"Gensokyo:Yukari","ascension_level":0}}