{"host":"06h77atpgiec8kbk","time":1611587487,"event":{"mods":["Act Like it!","Alarm Clock","Arknights The Spire","Aspiration","Bard","BaseMod","CapriCore","Colored Powertips","Conspire","Downfall","Energized Spire","Hermit","Marisa£®ÏF”Í°°ƒß¿Ì…≥£©","Minty Spire (QoL Compilation)","Quick Restart","Reimu£®≤©¿ˆ¡È√Œ£©","Relic Stats","Replay The Spire","StSLib","The Construct","The Cursed","The Gatherer","The Hierophant","The Immortal","The Marked","The Runesmith","[GremlinLeader]The Maniac","°æ“≈ŒÔø®≈∆°øREMEMod"],"gold_per_floor":[99,109,125,125,137,37,37,22,40,40,65,79,104,115,133,228,228,128,148,159,179,194,104,104,124,143,175,275,342,352,371,389,493,493,393,413,431,431,431,449,449,449,449,82,86,86,105,169,182,182,182,213,62,62,92,92],"floor_reached":57,"language":"ZHS","playtime":4127,"items_purged":["champ:Strike","champ:Defend"],"score":1398,"play_id":"2a01207c-ddb4-4886-b80b-a54f879f3653","local_time":"20210125231127","is_ascension_mode":true,"campfire_choices":[{"floor":1.0,"key":"RECALL"},{"data":"champ:HeavySlash","floor":6.0,"key":"SMITH"},{"data":"champ:HoldFirm","floor":10.0,"key":"SMITH"},{"floor":18.0,"key":"DIG"},{"data":"champ:Strike","floor":35.0,"key":"PURGE"},{"data":"champ:UltimateStance","floor":46.0,"key":"SMITH"},{"data":"champ:HeavySlash","floor":54,"key":"SMITH"}],"circlet_count":0,"master_deck":["champ:Defend","champ:Defend","champ:Execute","champ:Taunt","champ:HeavySlash+1","champ:UltimateStance+1","champ:FanOfKnives","champ:HoldFirm+1","champ:FanOfKnives","champ:IronFortress","champ:CalledShot","champ:HeavySlash","champ:FancyFootwork","champ:StanceDance","champ:IronFortress","champ:BerserkersShout","champ:Haymaker+1","champ:RecklessLeap+1","champ:DefensiveShout+1","champ:Duel","champ:EnGarde","J.A.X.","champ:FocusedBerserking+1","champ:EnGarde","champ:DefensiveStyle+1","champ:FlashCut+1","champ:HeavySlash+1","champ:VampiricStrike","champ:StanceDance+1","expansioncontent:AwakenDeath","champ:EnGarde+1","champ:RecklessLeap+1","champ:Duel+1","champ:GutPunch+1","champ:EnragedBash+1"],"relics":["champ:ChampionCrown","REME_ComplimentaryCards","downfall:HeartBlessingRed","Replay:Mystery Machine","aspiration:ChemicalBlood","construct:ClawGrip","downfall:HeartBlessingBlue","Toy Ornithopter","Incense Burner","Akabeko","MutagenicStrength","Onion Ring","aspiration:RitualDagger","downfall:HeartBlessingGreen","Ring of Searing","Mirror","REME_CardOfGreed","Replay:Bottled Flurry","champ:BerserkersGuideToSlaughter","Ornamental Fan","Pear","Strange Spoon"],"acts_visited":["Exordium","TheCity","TheBeyond","TheEnding"],"potions_floor_usage":[48,48,48,49,50,50,50,50,52,52,52,52,55,55,55,55,55,55,55,55,55,56,56,56,56,56,56],"damage_taken":[{"damage":15.0,"enemies":"Small Slimes","floor":2.0,"turns":5.0},{"damage":16.0,"enemies":"Cultist","floor":3.0,"turns":4.0},{"damage":0.0,"enemies":"2 Louse","floor":5.0,"turns":2.0},{"damage":15.0,"enemies":"downfall:FleeingMerchant","floor":8.0,"turns":4.0},{"damage":21.0,"enemies":"Large Slime","floor":9.0,"turns":6.0},{"damage":28.0,"enemies":"Lagavulin","floor":11.0,"turns":4.0},{"damage":10.0,"enemies":"Lots of Slimes","floor":12.0,"turns":3.0},{"damage":10.0,"enemies":"3 Sentries","floor":13.0,"turns":4.0},{"damage":0.0,"enemies":"3 Louse","floor":14.0,"turns":2.0},{"damage":11.0,"enemies":"Blue Slaver","floor":15.0,"turns":4.0},{"damage":39.0,"enemies":"DF_ARCHETYPE_STREAMLINE","floor":16.0,"turns":8.0},{"damage":22.0,"enemies":"Chosen","floor":19.0,"turns":7.0},{"damage":8.0,"enemies":"conspire:FuzzyDice","floor":20.0,"turns":6.0},{"damage":34.0,"enemies":"3 Cultists","floor":21.0,"turns":6.0},{"damage":22.0,"enemies":"conspire:HollyBat","floor":22.0,"turns":9.0},{"damage":10.0,"enemies":"downfall:FleeingMerchant","floor":23.0,"turns":4.0},{"damage":20.0,"enemies":"Snake Plant","floor":25.0,"turns":4.0},{"damage":12.0,"enemies":"Snecko","floor":26.0,"turns":3.0},{"damage":31.0,"enemies":"Replay:Snechameleon","floor":27.0,"turns":6.0},{"damage":41.0,"enemies":"downfall:Augmenter","floor":28.0,"turns":6.0},{"damage":22.0,"enemies":"3 Cultists","floor":30.0,"turns":3.0},{"damage":67.0,"enemies":"conspire:HollyBat","floor":31.0,"turns":7.0},{"damage":1.0,"enemies":"Snecko","floor":32.0,"turns":2.0},{"damage":62.0,"enemies":"WA_ARCHETYPE_CALM","floor":33.0,"turns":10.0},{"damage":22.0,"enemies":"3 Darklings","floor":36.0,"turns":3.0},{"damage":32.0,"enemies":"3 Shapes","floor":37.0,"turns":3.0},{"damage":67.0,"enemies":"Transient","floor":40.0,"turns":5.0},{"damage":48.0,"enemies":"downfall:FleeingMerchant","floor":44.0,"turns":4.0},{"damage":3.0,"enemies":"downfall:FleeingMerchant","floor":45.0,"turns":1.0},{"damage":38.0,"enemies":"Spire Growth","floor":47.0,"turns":4.0},{"damage":48,"enemies":"Reptomancer","floor":48,"turns":3},{"damage":9,"enemies":"3 Darklings","floor":49,"turns":3},{"damage":103,"enemies":"SI_POISON_ARCHETYPE","floor":50,"turns":6},{"damage":109,"enemies":"downfall:CharBossMerchant","floor":52,"turns":7},{"damage":130,"enemies":"downfall:NeowBoss","floor":55,"turns":10},{"damage":238,"enemies":"downfall:NeowBossFinal","floor":56,"turns":8}],"seed_played":"7964667104514497677","potions_obtained":[{"floor":3.0,"key":"PowerPotion"},{"floor":9.0,"key":"Dexterity Potion"},{"floor":11.0,"key":"ColorlessPotion"},{"floor":13.0,"key":"Energy Potion"},{"floor":20.0,"key":"construct:ShiftPotion"},{"floor":25.0,"key":"FairyPotion"},{"floor":26.0,"key":"EntropicBrew"},{"floor":28.0,"key":"Weak Potion"},{"floor":30.0,"key":"DuplicationPotion"},{"floor":30.0,"key":"Regen Potion"},{"floor":32.0,"key":"LifebloodPotion"},{"floor":33.0,"key":"Explosive Potion"},{"floor":33.0,"key":"SteroidPotion"},{"floor":33.0,"key":"champ:CounterPotion"},{"floor":44.0,"key":"Fire Potion"},{"floor":48,"key":"SteroidPotion"},{"floor":56,"key":"SkillPotion"}],"is_trial":false,"path_per_floor":["R","M","M","?","M","R","T","$","M","R","E","M","E","M","M","B",null,"R","M","M","M","M","$","T","M","M","E","?","?","M","M","M","B",null,"R","M","M","?","?","M","T","?","?","$","?","R","M","E","M","B",null,"E","$","R","B","B",null],"character_chosen":"THE_CHAMP","items_purchased":["REME_CardOfGreed","REME_GoldPotion","REME_GoldPotion","Replay:Bottled Flurry","champ:BerserkersGuideToSlaughter","Strange Spoon"],"campfire_rested":0,"item_purchase_floors":[44,44,44,45,45,53],"current_hp_per_floor":[63,58,52,61,61,61,61,61,60,60,47,37,37,37,36,17,90,100,100,92,68,51,41,41,51,54,93,100,75,73,96,100,89,100,100,100,78,78,78,71,71,71,71,73,80,80,62,69,75,37,100,65,65,65,100,98],"gold":92,"neow_bonus":"THREE_RARE_CARDS","is_daily":false,"chose_seed":false,"campfire_upgraded":4,"win_rate":0.0,"timestamp":1611587487,"path_taken":["R","M","M","?","?","R","T","$","?","R","E","M","E","?","M","BOSS","R","M","M","M","M","$","T","?","M","E","?","?","?","M","M","BOSS","R","M","M","?","?","M","T","?","?","$","?","R","?","E","M","BOSS","E","$","R","BOSS","BOSS"],"items_purchased_type":["Relic","Potion","Potion","Relic","Relic","Relic"],"build_version":"2020-12-22","purchased_purges":2,"victory":true,"max_hp_per_floor":[90,90,90,90,90,90,90,90,90,90,90,90,90,90,90,90,90,100,100,100,100,100,100,100,100,100,100,100,100,100,100,100,100,100,100,100,100,100,100,100,100,100,100,100,100,100,100,100,100,100,100,110,110,110,110,110],"relic_stats":{"Strange Spoon":[5],"counters":[36,176],"Ornamental Fan":[40],"obtain_stats":[{"construct:ClawGrip":17,"Pear":52,"downfall:HeartBlessingRed":6,"champ:ChampionCrown":0,"downfall:HeartBlessingGreen":35,"Incense Burner":24,"Replay:Mystery Machine":11,"Akabeko":27,"Ring of Searing":38,"Strange Spoon":53,"downfall:HeartBlessingBlue":18,"Ornamental Fan":48,"MutagenicStrength":28,"Onion Ring":29,"Replay:Bottled Flurry":45,"aspiration:RitualDagger":34,"REME_CardOfGreed":44,"champ:BerserkersGuideToSlaughter":45,"Mirror":41,"Toy Ornithopter":18,"REME_ComplimentaryCards":0,"aspiration:ChemicalBlood":13},{"construct:ClawGrip":11,"Pear":34,"downfall:HeartBlessingRed":3,"champ:ChampionCrown":0,"downfall:HeartBlessingGreen":24,"Incense Burner":16,"Replay:Mystery Machine":6,"Akabeko":19,"Ring of Searing":26,"Strange Spoon":34,"downfall:HeartBlessingBlue":11,"Ornamental Fan":31,"MutagenicStrength":20,"Onion Ring":20,"Replay:Bottled Flurry":29,"aspiration:RitualDagger":24,"REME_CardOfGreed":28,"champ:BerserkersGuideToSlaughter":29,"Mirror":27,"Toy Ornithopter":11,"REME_ComplimentaryCards":0,"aspiration:ChemicalBlood":8},{"construct:ClawGrip":46,"Pear":158,"downfall:HeartBlessingRed":11,"champ:ChampionCrown":0,"downfall:HeartBlessingGreen":119,"Incense Burner":78,"Replay:Mystery Machine":25,"Akabeko":91,"Ring of Searing":125,"Strange Spoon":158,"downfall:HeartBlessingBlue":46,"Ornamental Fan":142,"MutagenicStrength":97,"Onion Ring":97,"Replay:Bottled Flurry":135,"aspiration:RitualDagger":119,"REME_CardOfGreed":134,"champ:BerserkersGuideToSlaughter":135,"Mirror":130,"Toy Ornithopter":46,"REME_ComplimentaryCards":0,"aspiration:ChemicalBlood":32}],"Toy Ornithopter":255},"card_choices":[{"not_picked":["champ:MurderStrike","champ:CheapShot"],"picked":"champ:HeavySlash","floor":0.0},{"not_picked":["champ:HeartStrike","champ:StanceDance"],"picked":"champ:FanOfKnives","floor":2.0},{"not_picked":["champ:TornadoPunch","champ:BringItOn","champ:PerfectedStrike"],"picked":"SKIP","floor":3.0},{"not_picked":["champ:AdrenalArmor","champ:RecklessLeap","champ:Backstep"],"picked":"SKIP","floor":5.0},{"not_picked":["champ:IronFortress","champ:CrownThrow"],"picked":"champ:HoldFirm","floor":8.0},{"not_picked":["champ:PreciseThrust","champ:PreemptiveStrike","champ:BladeFlurry"],"picked":"SKIP","floor":9.0},{"not_picked":["champ:UltimateStance","champ:BerserkersShout","champ:Circumvent"],"picked":"SKIP","floor":11.0},{"not_picked":["champ:Backstep","champ:Parry"],"picked":"champ:FanOfKnives","floor":12.0},{"not_picked":["champ:FlashCut","champ:GutPunch"],"picked":"champ:IronFortress","floor":13.0},{"not_picked":["champ:Lariat","champ:GutPunch","champ:Duel"],"picked":"SKIP","floor":14.0},{"not_picked":["champ:FlashCut","champ:FocusedBerserking"],"picked":"champ:CalledShot","floor":15.0},{"not_picked":["champ:CheapShot","champ:Improvising"],"picked":"champ:HeavySlash","floor":16.0},{"not_picked":["champ:Endure","champ:BladeFlurry"],"picked":"champ:FancyFootwork","floor":19.0},{"not_picked":["champ:RecklessLeap","champ:ArenaPreparation+1"],"picked":"champ:StanceDance","floor":20.0},{"not_picked":["champ:PreciseThrust","champ:FalseCounter","champ:PerfectedStrike"],"picked":"SKIP","floor":21.0},{"not_picked":["champ:Encircle","champ:GutPunch"],"picked":"champ:IronFortress","floor":22.0},{"not_picked":["champ:GutPunch","champ:ShieldWall"],"picked":"champ:BerserkersShout","floor":23.0},{"not_picked":["champ:Encircle","champ:RecklessLeap"],"picked":"champ:Haymaker+1","floor":25.0},{"not_picked":["champ:TornadoPunch+1","champ:CrookedStrike"],"picked":"champ:RecklessLeap+1","floor":26.0},{"not_picked":["champ:RisingSlash","champ:Shatter"],"picked":"champ:DefensiveShout+1","floor":27.0},{"not_picked":[],"picked":"J.A.X.","floor":28.0},{"not_picked":["champ:Backstep","champ:StanceDance"],"picked":"champ:FocusedBerserking+1","floor":28.0},{"not_picked":["champ:BerserkerStyle","champ:Shatter"],"picked":"champ:EnGarde","floor":29.0},{"not_picked":["champ:BringItOn","champ:Haymaker"],"picked":"champ:DefensiveStyle+1","floor":30.0},{"not_picked":["champ:Shatter","champ:PreemptiveStrike+1"],"picked":"champ:FlashCut+1","floor":31.0},{"not_picked":["champ:TornadoPunch","champ:Lariat"],"picked":"champ:HeavySlash","floor":32.0},{"not_picked":["champ:GladiatorForm","champ:HoldFirm"],"picked":"champ:VampiricStrike","floor":33.0},{"not_picked":["champ:SetATrap+1","champ:DefensiveStyle","champ:GutPunch+1"],"picked":"SKIP","floor":36.0},{"not_picked":["champ:DeathBlow+1","champ:BladeFlurry","champ:Backstep"],"picked":"SKIP","floor":37.0},{"not_picked":["champ:CrownThrow","champ:PreemptiveStrike+1"],"picked":"champ:StanceDance+1","floor":40.0},{"not_picked":["expansioncontent:PrepareCrush","expansioncontent:YouAreMine"],"picked":"expansioncontent:AwakenDeath","floor":42.0},{"not_picked":["champ:PreemptiveStrike","champ:DeathBlow"],"picked":"champ:EnGarde+1","floor":44.0},{"not_picked":["champ:Circumvent+1","champ:EnragedBash+1"],"picked":"champ:RecklessLeap+1","floor":45.0},{"not_picked":["champ:RecklessLeap+1","champ:PreemptiveStrike","champ:Shatter"],"picked":"SKIP","floor":47.0},{"not_picked":["champ:FaceSlap","champ:FocusedDefense+1"],"picked":"champ:Duel+1","floor":48},{"not_picked":["champ:CalledShot","champ:PreemptiveStrike"],"picked":"champ:GutPunch+1","floor":49},{"not_picked":["champ:SetATrap+1","champ:DeathBlow+1"],"picked":"champ:EnragedBash+1","floor":52}],"player_experience":840408,"relics_obtained":[{"floor":11.0,"key":"Replay:Mystery Machine"},{"floor":13.0,"key":"aspiration:ChemicalBlood"},{"floor":18.0,"key":"Toy Ornithopter"},{"floor":24.0,"key":"Incense Burner"},{"floor":27.0,"key":"Akabeko"},{"floor":28.0,"key":"MutagenicStrength"},{"floor":29.0,"key":"Onion Ring"},{"floor":38.0,"key":"Ring of Searing"},{"floor":41.0,"key":"Mirror"},{"floor":48,"key":"Ornamental Fan"},{"floor":52,"key":"Pear"}],"event_choices":[{"cards_removed":["champ:Defend"],"damage_healed":0.0,"max_hp_gain":0.0,"max_hp_loss":0.0,"gold_gain":0.0,"event_name":"Falling","player_choice":"Removed Skill","floor":39.0,"gold_loss":0.0,"damage_taken":0.0}],"is_beta":false,"boss_relics":[{"not_picked":["REME_DuelDisc","Runic Dome"],"picked":"construct:ClawGrip"},{"not_picked":["champ:ChampionCrownUpgraded","Snecko Eye"],"picked":"aspiration:RitualDagger"}],"items_purged_floors":[23,44],"is_endless":false,"potions_floor_spawned":[3,9,11,13,15,20,25,26,28,30,32,33,40,48],"ascension_level":1}}