{"host":"d4km6p8r92tm3vpl","time":1611599956,"event":{"mods":["AchievementEnabler","BaseMod","Colored Map","Colored Powertips","DeckTracker","Minty Spire (QoL Compilation)","Relic Stats","StSLib"],"gold_per_floor":[113,125,125,139,153,153,153,153,153,153,188,201,224,244,244,349,349,364,364,274,274],"floor_reached":20,"language":"ENG","playtime":623,"items_purged":[],"score":303,"play_id":"91df4e01-d687-404c-b204-33a13037607e","local_time":"20210125133916","is_ascension_mode":true,"campfire_choices":[{"data":"Envenom","floor":6,"key":"SMITH"},{"data":"Blade Dance","floor":8,"key":"SMITH"},{"data":"Neutralize","floor":10,"key":"SMITH"},{"data":"Noxious Fumes","floor":15,"key":"SMITH"}],"circlet_count":0,"master_deck":["AscendersBane","Strike_G","Strike_G","Strike_G","Strike_G","Strike_G","Defend_G","Defend_G","Defend_G","Defend_G","Defend_G","Survivor","Neutralize+1","Poisoned Stab","Blade Dance+1","Quick Slash","Envenom+1","Finisher","Noxious Fumes+1","Poisoned Stab"],"relics":["Ring of the Snake","Anchor","Singing Bowl","Odd Mushroom","SlaversCollar"],"acts_visited":["Exordium","TheCity"],"potions_floor_usage":[13],"damage_taken":[{"damage":0,"enemies":"Jaw Worm","floor":1,"turns":4},{"damage":0,"enemies":"Small Slimes","floor":2,"turns":5},{"damage":0,"enemies":"2 Louse","floor":4,"turns":2},{"damage":1,"enemies":"Blue Slaver","floor":5,"turns":4},{"damage":15,"enemies":"3 Sentries","floor":11,"turns":7},{"damage":5,"enemies":"Red Slaver","floor":12,"turns":5},{"damage":31,"enemies":"The Mushroom Lair","floor":13,"turns":4},{"damage":3,"enemies":"Looter","floor":14,"turns":4},{"damage":34,"enemies":"Slime Boss","floor":16,"turns":10},{"damage":21,"enemies":"Spheric Guardian","floor":18,"turns":5},{"damage":41,"enemies":"2 Thieves","floor":20,"turns":3}],"seed_played":"-6417641090846483738","potions_obtained":[{"floor":2,"key":"EssenceOfSteel"},{"floor":5,"key":"FearPotion"},{"floor":14,"key":"FairyPotion"}],"is_trial":false,"path_per_floor":["M","M","?","M","M","R","?","R","T","R","E","M","?","M","R","B",null,"M","?","M"],"character_chosen":"THE_SILENT","items_purchased":[],"campfire_rested":0,"item_purchase_floors":[],"current_hp_per_floor":[63,63,63,63,62,62,67,67,67,67,54,49,18,15,15,17,64,45,30,0,0],"gold":274,"neow_bonus":"RANDOM_COMMON_RELIC","is_daily":false,"chose_seed":false,"campfire_upgraded":4,"win_rate":0.0,"timestamp":1611599956,"path_taken":["M","M","?","M","M","R","?","R","T","R","E","M","?","M","R","BOSS","M","?","M"],"items_purchased_type":[],"build_version":"2020-12-22","purchased_purges":0,"victory":false,"max_hp_per_floor":[70,70,70,70,70,70,75,75,75,75,77,77,77,77,77,79,79,81,86,86,86],"relic_stats":{"Singing Bowl":6,"counters":[11,53],"obtain_stats":[{"SlaversCollar":17,"Anchor":0,"Singing Bowl":9,"Odd Mushroom":13,"Ring of the Snake":0},{"SlaversCollar":9,"Anchor":0,"Singing Bowl":4,"Odd Mushroom":7,"Ring of the Snake":0},{"SlaversCollar":45,"Anchor":0,"Singing Bowl":15,"Odd Mushroom":31,"Ring of the Snake":0}],"Ring of the Snake":[22]},"card_choices":[{"not_picked":["PiercingWail","Flying Knee"],"picked":"Poisoned Stab","floor":1},{"not_picked":["Infinite Blades","Distraction"],"picked":"Blade Dance","floor":2},{"not_picked":["Cloak And Dagger","Expertise"],"picked":"Quick Slash","floor":4},{"not_picked":["Outmaneuver","Underhanded Strike"],"picked":"Envenom","floor":5},{"not_picked":["Underhanded Strike","Expertise","Outmaneuver"],"picked":"Singing Bowl","floor":11},{"not_picked":["Underhanded Strike","Footwork"],"picked":"Finisher","floor":12},{"not_picked":["Quick Slash","Distraction"],"picked":"Noxious Fumes","floor":13},{"not_picked":["Slice","PiercingWail"],"picked":"Poisoned Stab","floor":14},{"not_picked":["Burst","Doppelganger","Envenom"],"picked":"Singing Bowl","floor":16},{"not_picked":["Flying Knee","Quick Slash","Choke"],"picked":"Singing Bowl","floor":18}],"player_experience":826440,"relics_obtained":[{"floor":9,"key":"Singing Bowl"},{"floor":13,"key":"Odd Mushroom"}],"event_choices":[{"damage_healed":0,"gold_gain":0,"player_choice":"Leave","damage_taken":0,"max_hp_gain":0,"max_hp_loss":0,"event_name":"The Cleric","floor":3,"gold_loss":0},{"damage_healed":0,"gold_gain":0,"player_choice":"Donut","damage_taken":0,"max_hp_gain":5,"max_hp_loss":0,"event_name":"Big Fish","floor":7,"gold_loss":0},{"damage_healed":0,"gold_gain":0,"player_choice":"Fought Mushrooms","damage_taken":0,"max_hp_gain":0,"max_hp_loss":0,"event_name":"Mushrooms","floor":13,"gold_loss":0},{"damage_healed":0,"gold_gain":0,"player_choice":"Shed Blood","damage_taken":20,"max_hp_gain":5,"max_hp_loss":0,"event_name":"Forgotten Altar","floor":19,"gold_loss":0}],"is_beta":false,"boss_relics":[{"not_picked":["Calling Bell","Astrolabe"],"picked":"SlaversCollar"}],"items_purged_floors":[],"is_endless":false,"potions_floor_spawned":[2,5,11,12,14],"killed_by":"2 Thieves","ascension_level":12}}