{"host":"x3xr1fzypq6qqz5s","time":1611609831,"event":{"mods":["BaseMod","Better Vampires","Colored Powertips","DeckTracker","Highlight Path","Minty Spire (QoL Compilation)","Quick Restart","Rare Cards Sparkle","Relic Stats"],"gold_per_floor":[12,27,47,47,57,57,77,90,90,109,109,122,122,134,134,236,236,252,252,263,67,67,96,96,11,47,59,0,11,11,29,29,129,129,146,165,215,235,135,135,150,169,169,181,181,0,0,10,10,10,10,10,10,36,36,36],"floor_reached":55,"language":"ZHS","playtime":3260,"items_purged":["Corpse Explosion","Wraith Form v2"],"score":660,"play_id":"66cd6719-e910-4496-b9ad-7844333fa528","local_time":"20210126052351","is_ascension_mode":false,"campfire_choices":[{"data":"Bouncing Flask","floor":6.0,"key":"SMITH"},{"data":"Outmaneuver","floor":11.0,"key":"SMITH"},{"data":"Footwork","floor":13.0,"key":"SMITH"},{"data":"Leg Sweep","floor":15.0,"key":"SMITH"},{"data":"Burst","floor":24.0,"key":"SMITH"},{"data":"Dodge and Roll","floor":27.0,"key":"SMITH"},{"floor":32.0,"key":"REST"},{"data":"Noxious Fumes","floor":40.0,"key":"SMITH"},{"floor":45.0,"key":"RECALL"},{"floor":49.0,"key":"REST"},{"data":"Footwork","floor":52.0,"key":"SMITH"}],"circlet_count":0,"master_deck":["Survivor","Neutralize","Bouncing Flask+1","Dagger Throw","Outmaneuver+1","Footwork+1","Leg Sweep+1","Malaise","Well Laid Plans","Quick Slash","Corpse Explosion","Burst+1","Bullet Time","Caltrops","PiercingWail","Dodge and Roll+1","Deadly Poison","Cloak And Dagger","Footwork+1","Noxious Fumes+1","Necronomicurse","Backflip+1"],"relics":["Ring of the Snake","Mango","Pandora\u0027s Box","Shuriken","Boot","MawBank","Nunchaku","Necronomicon","Busted Crown","Shovel","StrikeDummy","Red Mask","HornCleat"],"acts_visited":["Exordium","TheCity","TheBeyond","TheEnding"],"potions_floor_usage":[],"damage_taken":[{"damage":3.0,"enemies":"Cultist","floor":1.0,"turns":5.0},{"damage":3.0,"enemies":"2 Louse","floor":2.0,"turns":4.0},{"damage":0.0,"enemies":"Small Slimes","floor":3.0,"turns":3.0},{"damage":7.0,"enemies":"Exordium Wildlife","floor":5.0,"turns":7.0},{"damage":0.0,"enemies":"Large Slime","floor":7.0,"turns":5.0},{"damage":3.0,"enemies":"3 Louse","floor":8.0,"turns":6.0},{"damage":2.0,"enemies":"Looter","floor":10.0,"turns":4.0},{"damage":2.0,"enemies":"Large Slime","floor":12.0,"turns":6.0},{"damage":2.0,"enemies":"Exordium Thugs","floor":14.0,"turns":7.0},{"damage":33.0,"enemies":"Slime Boss","floor":16.0,"turns":16.0},{"damage":12.0,"enemies":"2 Thieves","floor":18.0,"turns":5.0},{"damage":2.0,"enemies":"Chosen","floor":20.0,"turns":3.0},{"damage":3.0,"enemies":"Book of Stabbing","floor":23.0,"turns":7.0},{"damage":3.0,"enemies":"Snecko","floor":29.0,"turns":6.0},{"damage":13.0,"enemies":"Snake Plant","floor":31.0,"turns":6.0},{"damage":31.0,"enemies":"Champ","floor":33.0,"turns":15.0},{"damage":9.0,"enemies":"Orb Walker","floor":35.0,"turns":5.0},{"damage":0.0,"enemies":"3 Shapes","floor":36.0,"turns":5.0},{"damage":6.0,"enemies":"Mind Bloom Boss Battle","floor":37.0,"turns":8.0},{"damage":5.0,"enemies":"3 Darklings","floor":38.0,"turns":3.0},{"damage":0.0,"enemies":"Transient","floor":41.0,"turns":5.0},{"damage":5.0,"enemies":"Spire Growth","floor":42.0,"turns":6.0},{"damage":11.0,"enemies":"Sphere and 2 Shapes","floor":44.0,"turns":5.0},{"damage":10.0,"enemies":"Transient","floor":48.0,"turns":5.0},{"damage":46.0,"enemies":"Donu and Deca","floor":50.0,"turns":7.0},{"damage":4.0,"enemies":"Shield and Spear","floor":54.0,"turns":8.0},{"damage":80,"enemies":"The Heart","floor":55,"turns":8}],"seed_played":"7898939503342250310","potions_obtained":[{"floor":3.0,"key":"Weak Potion"},{"floor":5.0,"key":"SteroidPotion"},{"floor":8.0,"key":"LiquidMemories"},{"floor":12.0,"key":"Fire Potion"},{"floor":16.0,"key":"Poison Potion"},{"floor":20.0,"key":"DuplicationPotion"},{"floor":23.0,"key":"Dexterity Potion"},{"floor":31.0,"key":"Regen Potion"},{"floor":36.0,"key":"SneckoOil"},{"floor":41.0,"key":"DistilledChaos"}],"is_trial":false,"path_per_floor":["M","M","M","?","M","R","M","M","T","M","R","M","R","M","R","B",null,"M","?","M","$","T","E","R","?","T","R","$","M","?","M","R","B",null,"M","M","?","M","$","R","M","M","T","M","R","?","?","M","R","B",null,"R","$","E","B"],"character_chosen":"THE_SILENT","items_purchased":["Cloak And Dagger","Footwork","Noxious Fumes"],"campfire_rested":2,"item_purchase_floors":[21,21,28],"current_hp_per_floor":[81,78,78,78,71,71,71,68,68,66,66,64,64,62,62,29,84,72,72,70,70,70,67,67,67,67,67,67,64,48,35,60,44,84,75,75,69,64,64,64,64,59,59,48,48,48,48,38,63,17,84,84,84,80,0,0],"gold":36,"neow_bonus":"ONE_RARE_RELIC","is_daily":false,"chose_seed":false,"campfire_upgraded":8,"win_rate":0.0,"timestamp":1611609831,"path_taken":["M","?","M","?","M","R","M","M","T","M","R","M","R","?","R","BOSS","M","?","?","$","?","E","R","?","T","R","?","M","?","M","R","BOSS","M","M","?","M","$","R","M","M","T","M","R","?","?","M","R","BOSS","R","$","E","BOSS"],"items_purchased_type":["Card","Card","Card"],"build_version":"2020-12-22","purchased_purges":2,"victory":false,"max_hp_per_floor":[84,84,84,84,84,84,84,84,84,84,84,84,84,84,84,84,84,84,84,84,84,84,84,84,84,84,84,84,84,84,84,84,84,84,84,84,84,84,84,84,84,84,84,84,84,84,84,84,84,84,84,84,84,84,84,84],"relic_stats":{"Nunchaku":[7],"Busted Crown":18,"Shovel":0,"counters":[27,170],"Shuriken":[8],"Pandora\u0027s Box":["Well Laid Plans","Quick Slash","Corpse Explosion","Burst","Bullet Time","Wraith Form v2","Wraith Form v2","Corpse Explosion","Caltrops","PiercingWail"],"Necronomicon":[0],"Boot":[55],"MawBank":36,"obtain_stats":[{"Mango":0,"Boot":23,"MawBank":25,"Nunchaku":26,"Busted Crown":34,"Shovel":37,"HornCleat":54,"Shuriken":22,"Pandora\u0027s Box":17,"Necronomicon":30,"Red Mask":46,"StrikeDummy":43,"Ring of the Snake":0},{"Mango":0,"Boot":13,"MawBank":13,"Nunchaku":13,"Busted Crown":16,"Shovel":19,"HornCleat":26,"Shuriken":12,"Pandora\u0027s Box":10,"Necronomicon":14,"Red Mask":23,"StrikeDummy":22,"Ring of the Snake":0},{"Mango":0,"Boot":78,"MawBank":78,"Nunchaku":78,"Busted Crown":105,"Shovel":123,"HornCleat":162,"Shuriken":71,"Pandora\u0027s Box":63,"Necronomicon":84,"Red Mask":142,"StrikeDummy":137,"Ring of the Snake":0}],"Ring of the Snake":[54]},"card_choices":[{"not_picked":["Outmaneuver","Acrobatics"],"picked":"Tactician","floor":1.0},{"not_picked":["Flying Knee","Dodge and Roll"],"picked":"Bouncing Flask","floor":2.0},{"not_picked":["Backstab","Dodge and Roll"],"picked":"Dagger Throw","floor":3.0},{"not_picked":["Dagger Throw","Sucker Punch","Tactician"],"picked":"SKIP","floor":5.0},{"not_picked":["Crippling Poison","Backflip"],"picked":"Footwork","floor":7.0},{"not_picked":["Bouncing Flask","Backflip"],"picked":"Leg Sweep","floor":8.0},{"not_picked":["Expertise","Endless Agony","Backflip"],"picked":"SKIP","floor":10.0},{"not_picked":["Quick Slash","Acrobatics","Cloak And Dagger"],"picked":"SKIP","floor":12.0},{"not_picked":["Flying Knee","Backflip","Accuracy"],"picked":"SKIP","floor":14.0},{"not_picked":["Phantasmal Killer","Wraith Form v2"],"picked":"Malaise","floor":16.0},{"not_picked":["Cloak And Dagger","Flying Knee"],"picked":"Dodge and Roll","floor":18.0},{"not_picked":["Well Laid Plans+1","Endless Agony","Dagger Spray"],"picked":"SKIP","floor":20.0},{"not_picked":["Underhanded Strike","Bane","Prepared"],"picked":"SKIP","floor":23.0},{"not_picked":["Noxious Fumes","Skewer","Quick Slash"],"picked":"SKIP","floor":29.0},{"not_picked":["Blade Dance","Dagger Spray+1","Poisoned Stab"],"picked":"SKIP","floor":31.0},{"not_picked":["Underhanded Strike+1"],"picked":"SKIP","floor":35.0},{"not_picked":["Masterful Stab+1"],"picked":"SKIP","floor":36.0},{"not_picked":["Terror+1"],"picked":"SKIP","floor":38.0},{"not_picked":["Concentrate"],"picked":"SKIP","floor":41.0},{"not_picked":["Leg Sweep"],"picked":"SKIP","floor":42.0},{"not_picked":["Tactician"],"picked":"SKIP","floor":44.0},{"not_picked":[],"picked":"Backflip+1","floor":48.0},{"not_picked":["Riddle With Holes"],"picked":"SKIP","floor":54.0}],"player_experience":632225,"relics_obtained":[{"floor":22.0,"key":"Shuriken"},{"floor":23.0,"key":"Boot"},{"floor":26.0,"key":"Nunchaku"},{"floor":30.0,"key":"Necronomicon"},{"floor":37.0,"key":"Shovel"},{"floor":43.0,"key":"StrikeDummy"},{"floor":54.0,"key":"HornCleat"}],"event_choices":[{"damage_healed":0.0,"max_hp_gain":0.0,"max_hp_loss":0.0,"gold_gain":0.0,"cards_transformed":["Tactician"],"event_name":"Transmorgrifier","player_choice":"Transformed","floor":4.0,"gold_loss":0.0,"damage_taken":0.0,"cards_obtained":["Outmaneuver"]},{"damage_healed":0.0,"max_hp_gain":0.0,"max_hp_loss":0.0,"gold_gain":0.0,"cards_transformed":["Wraith Form v2"],"event_name":"Transmorgrifier","player_choice":"Transformed","floor":19.0,"gold_loss":0.0,"damage_taken":0.0,"cards_obtained":["Deadly Poison"]},{"damage_healed":0.0,"max_hp_gain":0.0,"max_hp_loss":0.0,"gold_gain":0.0,"event_name":"Addict","player_choice":"Obtained Relic","floor":25.0,"gold_loss":85.0,"damage_taken":0.0,"relics_obtained":["MawBank"]},{"damage_healed":0.0,"max_hp_gain":0.0,"max_hp_loss":0.0,"gold_gain":0.0,"event_name":"Cursed Tome","player_choice":"Obtained Book","floor":30.0,"gold_loss":0.0,"damage_taken":16.0},{"damage_healed":0.0,"max_hp_gain":0.0,"max_hp_loss":0.0,"gold_gain":0.0,"event_name":"MindBloom","player_choice":"Fight","floor":37.0,"gold_loss":0.0,"damage_taken":0.0},{"damage_healed":0.0,"max_hp_gain":0.0,"max_hp_loss":0.0,"gold_gain":0.0,"event_name":"Tomb of Lord Red Mask","player_choice":"Paid","floor":46.0,"gold_loss":181.0,"damage_taken":0.0,"relics_obtained":["Red Mask"]},{"damage_healed":0.0,"max_hp_gain":0.0,"max_hp_loss":0.0,"gold_gain":0.0,"event_name":"Mysterious Sphere","player_choice":"Ignored","floor":47.0,"gold_loss":0.0,"damage_taken":0.0}],"is_beta":false,"boss_relics":[{"not_picked":["SacredBark","Philosopher\u0027s Stone"],"picked":"Pandora\u0027s Box"},{"not_picked":["Ring of the Serpent","Tiny House"],"picked":"Busted Crown"}],"items_purged_floors":[21,39],"is_endless":false,"potions_floor_spawned":[3,5,8,12,16,20,23,31,36,38,41],"killed_by":"The Heart","ascension_level":0}}