{"host":"684z1xpuwaoqmmh1","time":1611601042,"event":{"mods":["BaseMod","Downfall","Hermit","Jorbs\u0027s Wanderer Trilogy","Marisa????????","Minty Spire (QoL Compilation)","Robot Space Explorer","Shade Mod","StSLib","The Bug Knight","The Cursed","The Dragon Tamer","The Hayseed","The Hierophant","The Marked","The Mystic","The Runesmith","The Senshi"],"gold_per_floor":[99,117,267,280,17,17,64,98,108,108,108,121,21,47,59,132,132,32,32,32,32],"floor_reached":19,"language":"ENG","playtime":952,"items_purged":["Doubt"],"score":416,"play_id":"19cfabab-4703-484a-aa3a-79796f18d78f","local_time":"20210125205722","is_ascension_mode":true,"campfire_choices":[{"data":"champ:Taunt","floor":1,"key":"SMITH"},{"floor":6,"key":"RECALL"},{"data":"champ:HeavySlash","floor":13,"key":"SMITH"},{"floor":18,"key":"REST"}],"circlet_count":0,"master_deck":["AscendersBane","champ:Strike","champ:Strike","champ:Strike","champ:Strike+1","champ:Defend","champ:Defend+1","champ:Defend","champ:Defend+1","champ:Execute","champ:Taunt+1","champ:GladiatorStyle","champ:TornadoPunch","champ:Endure","champ:HeavySlash+1","champ:DefensiveStyle","downfall:Malfunctioning","champ:Duel","champ:BringItOn","champ:Lariat","champ:DancingMaster+1"],"relics":["champ:ChampionCrown","Nunchaku","champ:FightingForDummies","Anchor","Question Card","NlothsMask","downfall:HeartBlessingRed","Frozen Egg 2","Fusion Hammer","downfall:HeartBlessingGreen"],"acts_visited":["Exordium","TheCity"],"potions_floor_usage":[16,16],"damage_taken":[{"damage":15,"enemies":"2 Louse","floor":2,"turns":3},{"damage":10,"enemies":"Small Slimes","floor":4,"turns":4},{"damage":0,"enemies":"downfall:FleeingMerchant","floor":5,"turns":4},{"damage":10,"enemies":"3 Sentries","floor":8,"turns":7},{"damage":10,"enemies":"Cultist","floor":9,"turns":3},{"damage":17,"enemies":"Lots of Slimes","floor":12,"turns":4},{"damage":0,"enemies":"HollowMod:MossKnight","floor":14,"turns":6},{"damage":0,"enemies":"2 Fungi Beasts","floor":15,"turns":2},{"damage":36,"enemies":"DF_ARCHETYPE_STREAMLINE","floor":16,"turns":12},{"damage":35,"enemies":"3 Byrds","floor":19,"turns":4}],"seed_played":"2507723975748069136","potions_obtained":[{"floor":2,"key":"DistilledChaos"},{"floor":8,"key":"CultistPotion"},{"floor":16,"key":"Fruit Juice"}],"is_trial":false,"path_per_floor":["R","M","?","M","$","R","T","E","M","?","?","M","R","E","M","B",null,"R","M"],"character_chosen":"THE_CHAMP","items_purchased":["champ:FightingForDummies"],"campfire_rested":1,"item_purchase_floors":[5],"current_hp_per_floor":[73,73,73,73,73,73,73,73,73,73,73,66,66,66,66,40,71,81,56,56,56],"gold":32,"neow_bonus":"RANDOM_COMMON_RELIC","is_daily":false,"chose_seed":false,"campfire_upgraded":2,"win_rate":0.0,"timestamp":1611601042,"path_taken":["R","M","?","M","$","R","T","E","M","?","?","?","R","E","M","BOSS","R","M"],"items_purchased_type":["Relic"],"build_version":"2020-12-22","purchased_purges":1,"victory":false,"max_hp_per_floor":[81,81,81,81,81,81,81,81,81,81,81,81,81,81,81,81,81,81,81,81,81],"card_choices":[{"not_picked":["champ:CrownThrow","champ:BringItOn"],"picked":"champ:GladiatorStyle","floor":2},{"not_picked":["champ:FanOfKnives","champ:CrownThrow"],"picked":"champ:TornadoPunch","floor":4},{"not_picked":["champ:BladeFlurry","champ:StanceDance"],"picked":"champ:Endure","floor":5},{"not_picked":["champ:EnGarde","champ:CrookedStrike"],"picked":"champ:HeavySlash","floor":8},{"not_picked":["champ:Circumvent","champ:Shatter","champ:EnragedBash"],"picked":"champ:DefensiveStyle","floor":9},{"not_picked":["champ:FocusedBerserking","champ:SetATrap","champ:GutPunch"],"picked":"champ:Duel","floor":12},{"not_picked":["champ:Circumvent","champ:Shatter","champ:TornadoPunch"],"picked":"champ:BringItOn","floor":14},{"not_picked":["champ:BringItOn","champ:Backstep","champ:PreciseThrust"],"picked":"champ:Lariat","floor":15},{"not_picked":["champ:LastStand+1","champ:UltimateStance","champ:Devastate"],"picked":"champ:DancingMaster+1","floor":16}],"player_experience":2949657,"relics_obtained":[{"floor":7,"key":"Anchor"},{"floor":8,"key":"Question Card"},{"floor":14,"key":"Frozen Egg 2"}],"event_choices":[{"damage_healed":0,"gold_gain":0,"player_choice":"Trade","damage_taken":0,"relics_obtained":["NlothsMask"],"max_hp_gain":0,"max_hp_loss":0,"event_name":"FaceTrader","floor":11,"gold_loss":0}],"is_beta":false,"boss_relics":[{"not_picked":["Cursed Key","Runesmith:UraniumAnvil"],"picked":"Fusion Hammer"}],"items_purged_floors":[5],"is_endless":false,"potions_floor_spawned":[2,8,9,15,16],"killed_by":"3 Byrds","ascension_level":17}}