{"host":"x3xr1fzypq6qqz5s","time":1611581459,"event":{"mods":["BaseMod","Better Vampires","Colored Powertips","DeckTracker","Highlight Path","Minty Spire (QoL Compilation)","Quick Restart","Rare Cards Sparkle","Relic Stats"],"gold_per_floor":[114,129,129,145,145,145,158,169,169,169,183,183,210,227,227,322,372,345,356,366,366,366],"floor_reached":21,"language":"ZHS","playtime":1070,"items_purged":[],"score":185,"play_id":"06c6db3e-54e3-46f3-8cc4-0eb8b01d098d","local_time":"20210125213059","is_ascension_mode":false,"campfire_choices":[{"data":"Dash","floor":6.0,"key":"SMITH"},{"data":"Neutralize","floor":10.0,"key":"SMITH"},{"data":"Footwork","floor":15.0,"key":"SMITH"}],"circlet_count":0,"master_deck":["Strike_G","Strike_G","Strike_G","Strike_G","Strike_G","Defend_G","Defend_G+1","Defend_G","Defend_G","Survivor","Neutralize+1","Flying Knee","Dash+1","Backflip","Dagger Throw","PiercingWail","Footwork+1","Blur+1","Night Terror+1","Prepared+1","Bouncing Flask+1","Corpse Explosion+1","Leg Sweep+1"],"relics":["Ring of the Snake","Lantern","Bottled Lightning","Toxic Egg 2","Tiny House"],"acts_visited":["Exordium","TheCity"],"potions_floor_usage":[20],"damage_taken":[{"damage":0.0,"enemies":"2 Louse","floor":1.0,"turns":3.0},{"damage":2.0,"enemies":"Small Slimes","floor":2.0,"turns":4.0},{"damage":0.0,"enemies":"Cultist","floor":4.0,"turns":3.0},{"damage":2.0,"enemies":"Blue Slaver","floor":7.0,"turns":4.0},{"damage":0.0,"enemies":"2 Fungi Beasts","floor":8.0,"turns":3.0},{"damage":0.0,"enemies":"3 Louse","floor":11.0,"turns":3.0},{"damage":1.0,"enemies":"Gremlin Nob","floor":13.0,"turns":4.0},{"damage":0.0,"enemies":"Exordium Wildlife","floor":14.0,"turns":3.0},{"damage":25.0,"enemies":"Slime Boss","floor":16.0,"turns":21.0},{"damage":3.0,"enemies":"2 Thieves","floor":18.0,"turns":5.0},{"damage":2,"enemies":"Spheric Guardian","floor":19,"turns":7},{"damage":17,"enemies":"Snake Plant","floor":20,"turns":4},{"damage":0,"enemies":"Masked Bandits","floor":21,"turns":1}],"seed_played":"2538829421356811413","potions_obtained":[{"floor":2.0,"key":"GhostInAJar"},{"floor":7.0,"key":"Swift Potion"},{"floor":8.0,"key":"Explosive Potion"},{"floor":13.0,"key":"EssenceOfSteel"},{"floor":17.0,"key":"FairyPotion"},{"floor":19,"key":"Fruit Juice"}],"is_trial":false,"path_per_floor":["M","M","?","M","?","R","M","M","T","R","M","?","E","M","R","B",null,"M","M","M","?"],"character_chosen":"THE_SILENT","items_purchased":[],"campfire_rested":0,"item_purchase_floors":[],"current_hp_per_floor":[70,68,61,61,61,61,59,59,59,59,59,52,51,51,51,26,75,72,70,58,58,58],"gold":366,"neow_bonus":"REMOVE_CARD","is_daily":false,"chose_seed":false,"campfire_upgraded":3,"win_rate":0.0,"timestamp":1611581459,"path_taken":["M","M","?","M","?","R","M","?","T","R","M","?","E","M","R","BOSS","M","M","M","?"],"items_purchased_type":[],"build_version":"2020-12-22","purchased_purges":0,"victory":false,"max_hp_per_floor":[70,70,70,70,70,70,70,70,70,70,70,70,70,70,70,70,75,75,75,80,80,80],"relic_stats":{"counters":[13,65],"obtain_stats":[{"Lantern":3,"Tiny House":17,"Bottled Lightning":9,"Toxic Egg 2":13,"Ring of the Snake":0},{"Lantern":2,"Tiny House":9,"Bottled Lightning":5,"Toxic Egg 2":7,"Ring of the Snake":0},{"Lantern":7,"Tiny House":48,"Bottled Lightning":17,"Toxic Egg 2":24,"Ring of the Snake":0}],"Ring of the Snake":[26]},"card_choices":[{"not_picked":["Sucker Punch","Blade Dance"],"picked":"Flying Knee","floor":1.0},{"not_picked":["Cloak And Dagger","Poisoned Stab"],"picked":"Dash","floor":2.0},{"not_picked":["Expertise","Dodge and Roll"],"picked":"Backflip","floor":4.0},{"not_picked":["Slice","Poisoned Stab"],"picked":"Dagger Throw","floor":7.0},{"not_picked":["Deflect","Acrobatics"],"picked":"PiercingWail","floor":8.0},{"not_picked":["Distraction","Outmaneuver"],"picked":"Footwork","floor":11.0},{"not_picked":["Masterful Stab","Envenom"],"picked":"Blur+1","floor":13.0},{"not_picked":["Flechettes","PiercingWail+1","Cloak And Dagger+1"],"picked":"SKIP","floor":14.0},{"not_picked":["Tools of the Trade","Phantasmal Killer+1"],"picked":"Night Terror+1","floor":16.0},{"not_picked":["Sucker Punch","Deadly Poison+1"],"picked":"Prepared+1","floor":17.0},{"not_picked":["Backflip+1","Cloak And Dagger+1"],"picked":"Bouncing Flask+1","floor":18.0},{"not_picked":["Underhanded Strike","Blur+1"],"picked":"Corpse Explosion+1","floor":19},{"not_picked":["Escape Plan+1","Quick Slash+1"],"picked":"Leg Sweep+1","floor":20}],"player_experience":627900,"relics_obtained":[{"floor":9.0,"key":"Bottled Lightning"},{"floor":13.0,"key":"Toxic Egg 2"}],"event_choices":[{"damage_healed":0.0,"max_hp_gain":0.0,"max_hp_loss":0.0,"gold_gain":0.0,"event_name":"Scrap Ooze","player_choice":"Success","floor":3.0,"gold_loss":0.0,"damage_taken":7.0,"relics_obtained":["Lantern"]},{"damage_healed":0.0,"max_hp_gain":0.0,"max_hp_loss":0.0,"gold_gain":0.0,"event_name":"Wheel of Change","player_choice":"Cursed","floor":5.0,"gold_loss":0.0,"damage_taken":0.0,"cards_obtained":["Decay"]},{"cards_removed":["Decay"],"damage_healed":0.0,"max_hp_gain":0.0,"max_hp_loss":0.0,"gold_gain":0.0,"event_name":"Golden Wing","player_choice":"Card Removal","floor":12.0,"gold_loss":0.0,"damage_taken":7.0},{"damage_healed":0,"gold_gain":0,"player_choice":"Fought Bandits","damage_taken":0,"max_hp_gain":0,"max_hp_loss":0,"event_name":"Masked Bandits","floor":21,"gold_loss":0}],"is_beta":false,"boss_relics":[{"not_picked":["Snecko Eye","Runic Dome"],"picked":"Tiny House"}],"items_purged_floors":[],"is_endless":false,"potions_floor_spawned":[2,7,8,13,19],"killed_by":"Masked Bandits","ascension_level":0}}