{"host":"kn32u0f2pym5bozc","time":1611605272,"event":{"mods":["2.2 Compatiblity","BaseMod","Better Third Choice","Marisa????????","Minty Spire (QoL Compilation)","Permanent Neow","Relic Stats","StSLib","The Animator"],"gold_per_floor":[214,238,12,24,24,24,60,60,60,14,38,38,52,52,52],"floor_reached":14,"language":"ENG","playtime":1208,"items_purged":["animator:Strike"],"score":158,"play_id":"532e869e-9bfb-4cc2-99be-8eaaab2fb138","local_time":"20210125150752","is_ascension_mode":true,"campfire_choices":[{"data":"animator:Alexander","floor":6,"key":"SMITH"},{"data":"animator:TomoeKashiwaba","floor":8,"key":"SMITH"},{"data":"animator:Berserker","floor":12,"key":"SMITH"}],"circlet_count":0,"master_deck":["AscendersBane","animator:Strike_Fate","animator:Defend_Fate","animator:Strike","animator:Strike","animator:Defend","animator:Defend","animator:Defend","animator:Alexander+1","animator:Rider","animator:SanaeKochiya","animator:Berserker+1","animator:ChihayaOhtori","animator:TomoeKashiwaba+1","animator:RinTohsaka","animator:MikuIzayoi"],"relics":["animator:LivingPicture","animator:TheMissingPiece","animator:PurgingStone","ClockworkSouvenir","Golden Idol","InkBottle","Mummified Hand"],"acts_visited":["Exordium"],"potions_floor_usage":[7],"damage_taken":[{"damage":4,"enemies":"Jaw Worm","floor":1,"turns":4},{"damage":0,"enemies":"Small Slimes","floor":2,"turns":6},{"damage":6,"enemies":"Cultist","floor":4,"turns":4},{"damage":11,"enemies":"Lagavulin","floor":7,"turns":6},{"damage":4,"enemies":"3 Louse","floor":11,"turns":3},{"damage":22,"enemies":"Exordium Thugs","floor":13,"turns":4},{"damage":26,"enemies":"Gremlin Nob","floor":14,"turns":3}],"seed_played":"-7795976089319862020","potions_obtained":[{"floor":1,"key":"ColorlessPotion"},{"floor":7,"key":"GamblersBrew"}],"is_trial":false,"path_per_floor":["M","M","$","M","?","R","E","R","T","?","M","R","M","E"],"character_chosen":"THE_ANIMATOR","items_purchased":["ClockworkSouvenir"],"campfire_rested":0,"item_purchase_floors":[3],"current_hp_per_floor":[50,50,50,44,44,44,33,33,33,33,30,30,8,0,0],"gold":52,"neow_bonus":"HUNDRED_GOLD","is_daily":false,"chose_seed":true,"campfire_upgraded":3,"win_rate":0.0,"timestamp":1611605272,"path_taken":["M","M","$","M","?","R","E","R","T","?","?","R","M","E"],"items_purchased_type":["Relic"],"build_version":"2020-12-22","purchased_purges":1,"victory":false,"max_hp_per_floor":[60,60,60,60,54,54,54,54,54,54,55,55,55,55,55],"relic_stats":{"counters":[7,30],"Golden Idol":15,"Mummified Hand":[0],"obtain_stats":[{"animator:PurgingStone":0,"Golden Idol":5,"Mummified Hand":9,"animator:TheMissingPiece":0,"animator:LivingPicture":0,"InkBottle":7,"ClockworkSouvenir":3},{"animator:PurgingStone":0,"Golden Idol":3,"Mummified Hand":4,"animator:TheMissingPiece":0,"animator:LivingPicture":0,"InkBottle":4,"ClockworkSouvenir":2},{"animator:PurgingStone":0,"Golden Idol":14,"Mummified Hand":20,"animator:TheMissingPiece":0,"animator:LivingPicture":0,"InkBottle":20,"ClockworkSouvenir":10}],"InkBottle":[2]},"card_choices":[{"not_picked":["animator:Kagari","animator:Yui"],"picked":"animator:SanaeKochiya","floor":1},{"not_picked":["animator:AliceMargatroid","animator:Midou"],"picked":"animator:Berserker","floor":2},{"not_picked":["animator:Sebas","animator:MarisaKirisame"],"picked":"animator:ChihayaOhtori","floor":4},{"not_picked":["animator:Souseiseki","animator:JunSakurada"],"picked":"animator:TomoeKashiwaba","floor":7},{"not_picked":["animator:ShidoItsuka","animator:Natsumi"],"picked":"animator:RinTohsaka","floor":11},{"not_picked":["animator:HidekiHinata","animator:PandorasActor"],"picked":"animator:MikuIzayoi","floor":13}],"player_experience":877609,"relics_obtained":[{"floor":7,"key":"InkBottle"},{"floor":9,"key":"Mummified Hand"}],"event_choices":[{"damage_healed":0,"gold_gain":0,"player_choice":"Lose Max HP","damage_taken":0,"relics_obtained":["Golden Idol"],"max_hp_gain":0,"max_hp_loss":6,"event_name":"Golden Idol","floor":5,"gold_loss":0},{"damage_healed":0,"gold_gain":0,"player_choice":"Left","damage_taken":0,"max_hp_gain":0,"max_hp_loss":0,"event_name":"betterThird:BetterGoop","floor":10,"gold_loss":46}],"is_beta":false,"boss_relics":[],"items_purged_floors":[3],"is_endless":false,"potions_floor_spawned":[1,7],"killed_by":"Gremlin Nob","ascension_level":15}}