{"host":"h0xw20cia6ppa69g","time":1611566655,"event":{"mods":["AchievementEnabler","BaseMod","Colored Map","Filter the Spire","Googly Eyes","Minty Spire (QoL Compilation)","Relic Stats","StSLib","The Awakened One except there are too many feathers","everything is the same but u backflip on backflip"],"gold_per_floor":[110,60,79,79,92,126,126,161,184,197,210,210,210,245,245,342,342,356,81,81,91,102,102,128,139,139,167,179,179,179,192,192,291,291,305,305,317,198,214,244,244,244,244,6,6,31,48,11,11,11,11,11,11,36,36],"floor_reached":56,"language":"ENG","playtime":2407,"items_purged":[],"score":1338,"play_id":"a5973739-6a96-4e9b-b7b9-525b753705f2","local_time":"20210125032415","is_ascension_mode":true,"campfire_choices":[{"data":"Storm","floor":7.0,"key":"SMITH"},{"floor":13.0,"key":"REST"},{"data":"Loop","floor":15.0,"key":"SMITH"},{"data":"Recycle","floor":23.0,"key":"SMITH"},{"floor":30.0,"key":"REST"},{"data":"Buffer","floor":32.0,"key":"SMITH"},{"floor":41.0,"key":"RECALL"},{"data":"Apotheosis","floor":49,"key":"SMITH"},{"data":"Echo Form","floor":52,"key":"SMITH"}],"circlet_count":0,"master_deck":["Storm+1","Multi-Cast","Leap","Turbo+1","Steam","Thunder Strike+1","Melter+1","Loop+1","Recycle+1","Glacier","Redo+1","Steam","Thunder Strike","Steam+1","Darkness+1","Ball Lightning","Defragment","Static Discharge","Hologram","Coolheaded","Turbo","White Noise+1","Reinforced Body","Buffer+1","Storm","Echo Form+1","Conserve Battery+1","Meteor Strike","Madness","Madness","Apotheosis+1","Discovery","Heatsinks","Turbo","Aggregate"],"relics":["Pandora\u0027s Box","Strawberry","Whetstone","The Courier","Bronze Scales","Astrolabe","Medical Kit","MealTicket","Orichalcum","PreservedInsect","Philosopher\u0027s Stone","Bottled Tornado","Strange Spoon","Toy Ornithopter","Oddly Smooth Stone","Calipers","DataDisk","Boot"],"acts_visited":["Exordium","TheCity","TheBeyond","TheEnding"],"potions_floor_usage":[55,55,55],"damage_taken":[{"damage":2.0,"enemies":"Jaw Worm","floor":1.0,"turns":3.0},{"damage":5.0,"enemies":"Small Slimes","floor":3.0,"turns":5.0},{"damage":0.0,"enemies":"Cultist","floor":5.0,"turns":3.0},{"damage":16.0,"enemies":"Lagavulin","floor":6.0,"turns":7.0},{"damage":26.0,"enemies":"Gremlin Nob","floor":8.0,"turns":4.0},{"damage":15.0,"enemies":"Gremlin Gang","floor":10.0,"turns":5.0},{"damage":1.0,"enemies":"Blue Slaver","floor":11.0,"turns":4.0},{"damage":12.0,"enemies":"Lagavulin","floor":14.0,"turns":6.0},{"damage":7.0,"enemies":"Hexaghost","floor":16.0,"turns":9.0},{"damage":0.0,"enemies":"Spheric Guardian","floor":18.0,"turns":2.0},{"damage":18.0,"enemies":"2 Thieves","floor":21.0,"turns":4.0},{"damage":27.0,"enemies":"Snake Plant","floor":22.0,"turns":3.0},{"damage":30.0,"enemies":"Gremlin Leader","floor":24.0,"turns":6.0},{"damage":6.0,"enemies":"Centurion and Healer","floor":25.0,"turns":7.0},{"damage":20.0,"enemies":"Book of Stabbing","floor":27.0,"turns":5.0},{"damage":5.0,"enemies":"Snecko","floor":28.0,"turns":4.0},{"damage":5.0,"enemies":"Chosen and Byrds","floor":31.0,"turns":4.0},{"damage":16.0,"enemies":"Automaton","floor":33.0,"turns":9.0},{"damage":18.0,"enemies":"3 Darklings","floor":35.0,"turns":4.0},{"damage":15.0,"enemies":"Orb Walker","floor":37.0,"turns":3.0},{"damage":0.0,"enemies":"Maw","floor":39.0,"turns":6.0},{"damage":3.0,"enemies":"Nemesis","floor":40.0,"turns":5.0},{"damage":0,"enemies":"Giant Head","floor":46,"turns":7},{"damage":0,"enemies":"4 Shapes","floor":47,"turns":3},{"damage":15,"enemies":"Donu and Deca","floor":50,"turns":6},{"damage":33,"enemies":"Shield and Spear","floor":54,"turns":3},{"damage":19,"enemies":"The Heart","floor":55,"turns":8}],"seed_played":"5646614026381143424","potions_obtained":[{"floor":3.0,"key":"Weak Potion"},{"floor":6.0,"key":"PowerPotion"},{"floor":8.0,"key":"FocusPotion"},{"floor":10.0,"key":"PotionOfCapacity"},{"floor":16.0,"key":"BlessingOfTheForge"},{"floor":24.0,"key":"FairyPotion"},{"floor":28.0,"key":"Energy Potion"},{"floor":47,"key":"FocusPotion"}],"is_trial":false,"path_per_floor":["M","?","M","?","M","E","R","E","T","M","M","?","R","E","R","B",null,"M","$","?","M","M","R","E","M","T","E","M","?","R","M","R","B",null,"M","T","M","$","M","E","R","?","T","$","?","E","M","$","R","B",null,"R","$","E","B",null],"character_chosen":"DEFECT","items_purchased":["Medical Kit","Defragment","Static Discharge","Hologram","Strange Spoon","Calipers","Turbo"],"campfire_rested":2,"item_purchase_floors":[19,19,19,19,38,44,48],"current_hp_per_floor":[73,73,68,75,75,59,59,33,33,18,17,1,25,13,13,6,82,82,82,82,64,37,37,7,1,1,10,5,5,29,24,24,8,82,64,64,49,64,64,61,61,51,51,66,56,56,56,71,71,56,82,82,82,49,45],"gold":36,"neow_bonus":"BOSS_RELIC","is_daily":false,"chose_seed":false,"campfire_upgraded":6,"win_rate":0.0,"timestamp":1611566655,"path_taken":["M","?","M","?","M","E","R","E","T","?","?","?","R","E","R","BOSS","M","$","?","M","M","R","E","M","T","E","M","?","R","M","R","BOSS","M","?","M","$","M","E","R","?","T","$","?","E","?","$","R","BOSS","R","$","E","BOSS"],"items_purchased_type":["Relic","Card","Card","Card","Relic","Relic","Card"],"build_version":"2020-12-22","purchased_purges":0,"victory":true,"max_hp_per_floor":[75,75,75,82,82,82,82,82,82,82,82,82,82,82,82,82,82,82,82,82,82,82,82,82,82,82,82,82,82,82,82,82,82,82,82,82,82,82,82,82,82,82,82,82,82,82,82,82,82,82,82,82,82,82,82],"relic_stats":{"counters":[27,133],"Astrolabe":["Streamline","Steam","Darkness"],"PreservedInsect":240,"Whetstone":["Thunder Strike","Melter"],"Orichalcum":[96],"Medical Kit":[8],"Boot":[0],"Strange Spoon":[18],"Bronze Scales":[389],"Pandora\u0027s Box":["Storm","Loop","Multi-Cast","Scrape","Leap","Turbo","Steam","Thunder Strike"],"MealTicket":45,"obtain_stats":[{"Calipers":44,"Astrolabe":17,"Oddly Smooth Stone":43,"The Courier":8,"PreservedInsect":27,"Whetstone":6,"Orichalcum":26,"Bottled Tornado":36,"Medical Kit":19,"Boot":54,"Strange Spoon":38,"DataDisk":46,"Strawberry":4,"Bronze Scales":14,"Pandora\u0027s Box":0,"MealTicket":24,"Philosopher\u0027s Stone":34,"Cracked Core":0,"Toy Ornithopter":40},{"Calipers":22,"Astrolabe":9,"Oddly Smooth Stone":22,"The Courier":5,"PreservedInsect":15,"Whetstone":4,"Orichalcum":14,"Bottled Tornado":19,"Medical Kit":10,"Boot":26,"Strange Spoon":20,"DataDisk":23,"Strawberry":2,"Bronze Scales":8,"Pandora\u0027s Box":0,"MealTicket":13,"Philosopher\u0027s Stone":18,"Cracked Core":0,"Toy Ornithopter":22},{"Calipers":107,"Astrolabe":45,"Oddly Smooth Stone":107,"The Courier":22,"PreservedInsect":72,"Whetstone":18,"Orichalcum":67,"Bottled Tornado":93,"Medical Kit":47,"Boot":125,"Strange Spoon":96,"DataDisk":114,"Strawberry":8,"Bronze Scales":37,"Pandora\u0027s Box":0,"MealTicket":60,"Philosopher\u0027s Stone":89,"Cracked Core":0,"Toy Ornithopter":107}],"Toy Ornithopter":15},"card_choices":[{"not_picked":["Cold Snap","Steam"],"picked":"Hologram","floor":1.0},{"not_picked":["Tempest","Chill"],"picked":"Melter","floor":3.0},{"not_picked":["Blizzard","Consume"],"picked":"Loop","floor":5.0},{"not_picked":["Aggregate","Steam Power"],"picked":"Recycle","floor":6.0},{"not_picked":["Beam Cell","Streamline"],"picked":"Glacier","floor":8.0},{"not_picked":["Barrage","White Noise"],"picked":"Redo","floor":10.0},{"not_picked":["White Noise","Hello World"],"picked":"Steam","floor":11.0},{"not_picked":["Rip and Tear","Compile Driver","Streamline"],"picked":"SKIP","floor":14.0},{"not_picked":["Reboot","Multi-Cast"],"picked":"Thunder Strike","floor":16.0},{"not_picked":["Streamline","Beam Cell"],"picked":"Ball Lightning","floor":18.0},{"not_picked":["Leap","Auto Shields"],"picked":"Coolheaded","floor":21.0},{"not_picked":["Gash","Rebound","Sweeping Beam"],"picked":"SKIP","floor":22.0},{"not_picked":["Ball Lightning+1","Steam Power+1"],"picked":"Turbo","floor":24.0},{"not_picked":["Compile Driver","Hologram"],"picked":"White Noise+1","floor":25.0},{"not_picked":["Glacier+1","Stack"],"picked":"Reinforced Body","floor":27.0},{"not_picked":["Consume","FTL+1"],"picked":"Buffer","floor":28.0},{"not_picked":["Barrage+1","Redo"],"picked":"Storm","floor":31.0},{"not_picked":["Reboot","Electrodynamics"],"picked":"Echo Form","floor":33.0},{"not_picked":["Doom and Gloom","Beam Cell+1","Redo"],"picked":"SKIP","floor":35.0},{"not_picked":["Hologram","Gash+1","Static Discharge"],"picked":"SKIP","floor":37.0},{"not_picked":["Barrage","Cold Snap"],"picked":"Conserve Battery+1","floor":39.0},{"not_picked":["Auto Shields+1","Steam"],"picked":"Meteor Strike","floor":40.0},{"not_picked":["Finesse","Jack Of All Trades"],"picked":"Apotheosis","floor":45},{"not_picked":["Chrysalis","Bandage Up"],"picked":"Discovery","floor":45},{"not_picked":["Go for the Eyes","Hologram+1"],"picked":"Heatsinks","floor":46},{"not_picked":["Ball Lightning","Rip and Tear","Recycle"],"picked":"SKIP","floor":47},{"not_picked":["Turbo+1","Fission"],"picked":"Aggregate","floor":54}],"player_experience":3763675,"relics_obtained":[{"floor":6.0,"key":"Whetstone"},{"floor":8.0,"key":"The Courier"},{"floor":14.0,"key":"Bronze Scales"},{"floor":24.0,"key":"MealTicket"},{"floor":26.0,"key":"Orichalcum"},{"floor":27.0,"key":"PreservedInsect"},{"floor":36.0,"key":"Bottled Tornado"},{"floor":40.0,"key":"Toy Ornithopter"},{"floor":43.0,"key":"Oddly Smooth Stone"},{"floor":46,"key":"DataDisk"},{"floor":54,"key":"Boot"}],"event_choices":[{"cards_removed":["Scrape"],"damage_healed":0.0,"max_hp_gain":0.0,"max_hp_loss":0.0,"gold_gain":0.0,"event_name":"The Cleric","player_choice":"Card Removal","floor":2.0,"gold_loss":50.0,"damage_taken":0.0},{"cards_removed":["Hologram"],"damage_healed":0.0,"max_hp_gain":0.0,"max_hp_loss":0.0,"gold_gain":0.0,"event_name":"WeMeetAgain","player_choice":"Gave Card","floor":4.0,"gold_loss":0.0,"damage_taken":0.0,"relics_obtained":["Strawberry"]},{"damage_healed":0.0,"max_hp_gain":0.0,"max_hp_loss":0.0,"gold_gain":0.0,"event_name":"Shining Light","player_choice":"Entered Light","floor":12.0,"gold_loss":0.0,"damage_taken":16.0,"cards_upgraded":["Turbo","Redo"]},{"cards_removed":["Streamline"],"damage_healed":0.0,"max_hp_gain":0.0,"max_hp_loss":0.0,"gold_gain":0.0,"event_name":"Back to Basics","player_choice":"Elegance","floor":20.0,"gold_loss":0.0,"damage_taken":0.0},{"damage_healed":0.0,"max_hp_gain":0.0,"max_hp_loss":0.0,"gold_gain":0.0,"event_name":"Purifier","player_choice":"Ignored","floor":29.0,"gold_loss":0.0,"damage_taken":0.0},{"damage_healed":0.0,"max_hp_gain":0.0,"max_hp_loss":0.0,"gold_gain":0.0,"event_name":"Winding Halls","player_choice":"Embrace Madness","floor":42.0,"gold_loss":0.0,"damage_taken":10.0,"cards_obtained":["Madness","Madness"]},{"damage_healed":0,"gold_gain":0,"player_choice":"Memory 3","damage_taken":10,"max_hp_gain":0,"max_hp_loss":0,"event_name":"SensoryStone","floor":45,"gold_loss":0}],"is_beta":false,"boss_relics":[{"not_picked":["SlaversCollar","Empty Cage"],"picked":"Astrolabe"},{"not_picked":["Runic Pyramid","Busted Crown"],"picked":"Philosopher\u0027s Stone"}],"items_purged_floors":[],"is_endless":false,"potions_floor_spawned":[3,6,8,10,11,16,22,24,25,28,39,47,54],"ascension_level":1}}