{"host":"wghdsg8ym2wc7ov9","time":1611561247,"event":{"mods":["AchievementEnabler","Astrologer","BaseMod","Beaked The Cultist","Better Altar","Better Note","ChefMod","Colored Map","Evolution","Fox Events","Hermit","Highlight Path","Jorbs\u0027s Wanderer Trilogy","KinomotoSakuraMod(????)","Minty Spire (QoL Compilation)","Random Character Button","Relic Stats","SIMod","Shop Mod","StSLib","The Blackbeard","The Bladedancer","The Construct","The Cursed","The Death Knight","The Gatherer","The Hierophant","The Marked","The Mystic","The Necromancer","The Runesmith","The Senshi","The Servant 0.9.4"],"gold_per_floor":[113,113,136,207,260,304,328,328,380,35,35,35,66,85,85,208,208,233,248,523,523,523,523],"floor_reached":22,"language":"ENG","playtime":2345,"items_purged":[],"score":192,"play_id":"5b027120-98f5-4873-b375-35e3a5d29ce5","local_time":"20210124235407","is_ascension_mode":false,"campfire_choices":[{"floor":8,"key":"REST"},{"floor":12,"key":"REST"},{"floor":15,"key":"REST"}],"circlet_count":0,"master_deck":["hermit:Strike_Hermit","hermit:Strike_Hermit","hermit:Defend_Hermit","hermit:Defend_Hermit","hermit:Defend_Hermit","hermit:Defend_Hermit","hermit:Snapshot","hermit:Covet","Parasite","hermit:Purgatory","hermit:Showdown","hermit:Grudge","Injury","hermit:Cheat","hermit:Cheat","hermit:Dive","Magnetism","hermit:LowProfile","hermit:Maintenance","hermit:HighNoon","hermit:TrackingShot+1","hermit:Determination","Regret","construct:Stasis"],"relics":["hermit:Momento","EVO:Axolotl","Golden Idol","Bag of Marbles","StrikeDummy","hermit:PetGhost","PreservedInsect","Pear","construct:WeddingRing"],"acts_visited":["Exordium","TheCity"],"potions_floor_usage":[16,16],"damage_taken":[{"damage":5,"enemies":"Jaw Worm","floor":1,"turns":5},{"damage":2,"enemies":"Small Slimes","floor":3,"turns":2},{"damage":67,"enemies":"3 Sentries","floor":6,"turns":13},{"damage":0,"enemies":"Cultist","floor":7,"turns":1},{"damage":31,"enemies":"Gremlin Nob","floor":13,"turns":4},{"damage":0,"enemies":"3 Louse","floor":14,"turns":3},{"damage":22,"enemies":"Slime Boss","floor":16,"turns":9},{"damage":8,"enemies":"Chosen","floor":18,"turns":7},{"damage":57,"enemies":"3 Byrds","floor":19,"turns":5},{"damage":100058,"enemies":"Shelled Parasite and Fungi","floor":22,"turns":4}],"seed_played":"190207047477963052","potions_obtained":[{"floor":1,"key":"EssenceOfSteel"},{"floor":13,"key":"DeathKnight:RimePotion"},{"floor":19,"key":"DeathKnight:BottledBloodEchoes"}],"is_trial":false,"path_per_floor":["M","?","M","?","T","E","M","R","T","$","T","R","E","M","R","B",null,"M","M","?","?","M"],"character_chosen":"HERMIT","items_purchased":["Magnetism","hermit:PetGhost"],"campfire_rested":3,"item_purchase_floors":[10,10],"current_hp_per_floor":[70,70,68,68,68,1,1,23,23,23,23,45,24,24,49,27,85,77,20,20,20,0,0],"gold":523,"neow_bonus":"TRANSFORM_TWO_CARDS","is_daily":false,"chose_seed":false,"campfire_upgraded":0,"win_rate":0.0,"timestamp":1611561247,"path_taken":["M","?","M","?","?","E","M","R","T","$","?","R","E","M","R","BOSS","M","M","?","?","M"],"items_purchased_type":["Card","Relic"],"build_version":"2020-12-22","purchased_purges":0,"victory":false,"max_hp_per_floor":[75,75,75,75,75,75,75,75,75,75,75,75,85,85,85,85,85,85,85,85,85,85,85],"relic_stats":{"counters":[10,53],"Golden Idol":62,"PreservedInsect":21,"obtain_stats":[{"hermit:PetGhost":10,"Pear":13,"construct:WeddingRing":17,"Golden Idol":2,"PreservedInsect":11,"Bag of Marbles":5,"EVO:Axolotl":0,"StrikeDummy":6,"hermit:Momento":0},{"hermit:PetGhost":4,"Pear":5,"construct:WeddingRing":7,"Golden Idol":1,"PreservedInsect":4,"Bag of Marbles":2,"EVO:Axolotl":0,"StrikeDummy":3,"hermit:Momento":0},{"hermit:PetGhost":21,"Pear":25,"construct:WeddingRing":37,"Golden Idol":5,"PreservedInsect":21,"Bag of Marbles":7,"EVO:Axolotl":0,"StrikeDummy":20,"hermit:Momento":0}]},"card_choices":[{"not_picked":["hermit:TrackingShot","hermit:LowProfile"],"picked":"hermit:Grudge","floor":1},{"not_picked":["hermit:Horror","hermit:Feint"],"picked":"hermit:Cheat","floor":3},{"not_picked":["hermit:Misfire","hermit:ItchyTrigger"],"picked":"hermit:Cheat","floor":6},{"not_picked":["hermit:Glare","hermit:Midnight"],"picked":"hermit:Dive","floor":7},{"not_picked":["hermit:TrackingShot","hermit:Manifest"],"picked":"hermit:LowProfile","floor":13},{"not_picked":["hermit:CursedWeapon","hermit:Feint"],"picked":"hermit:Maintenance","floor":14},{"not_picked":["hermit:OverwhelmingPower","hermit:Purgatory"],"picked":"hermit:HighNoon","floor":16},{"not_picked":["hermit:Spite+1","hermit:LowProfile"],"picked":"hermit:TrackingShot+1","floor":18},{"not_picked":["hermit:HoleUp","hermit:DeadOrAlive"],"picked":"hermit:Determination","floor":19}],"player_experience":752561,"relics_obtained":[{"floor":5,"key":"Bag of Marbles"},{"floor":6,"key":"StrikeDummy"},{"floor":11,"key":"PreservedInsect"},{"floor":13,"key":"Pear"}],"event_choices":[{"damage_healed":0,"gold_gain":0,"player_choice":"Take Wound","damage_taken":0,"relics_obtained":["Golden Idol"],"max_hp_gain":0,"max_hp_loss":0,"event_name":"Golden Idol","floor":2,"gold_loss":0,"cards_obtained":["Injury"]},{"damage_healed":0,"gold_gain":71,"player_choice":"Gained Gold","damage_taken":0,"max_hp_gain":0,"max_hp_loss":0,"event_name":"Golden Wing","floor":4,"gold_loss":0},{"damage_healed":0,"gold_gain":275,"player_choice":"Desecrate","damage_taken":0,"max_hp_gain":0,"max_hp_loss":0,"event_name":"Golden Shrine","floor":20,"gold_loss":0,"cards_obtained":["Regret"]},{"cards_removed":["hermit:Maintenance"],"damage_healed":0,"gold_gain":0,"player_choice":"Take \u0026 Give","damage_taken":0,"max_hp_gain":0,"max_hp_loss":0,"event_name":"betterNote:BetterNote","floor":21,"gold_loss":0,"cards_obtained":["construct:Stasis"]}],"is_beta":false,"boss_relics":[{"not_picked":["Runic Pyramid","hermit:DentedPlate"],"picked":"construct:WeddingRing"}],"items_purged_floors":[],"is_endless":false,"potions_floor_spawned":[1,13,19],"killed_by":"Shelled Parasite and Fungi","ascension_level":0}}