{"host":"yaxsefyig1et0yi2","time":1611551820,"event":{"mods":["Aspiration","BaseMod","BetterRewards","Colored Powertips","Conspire","Displayed Cursed Tome","Downfall","Halation","Hubris","Infinite Spire","JesterMod","Minty Spire (QoL Compilation)","Quick Restart","RatMod","Replay The Spire","Reworked Bosses","Spikes Relics","StSLib","The Bug Knight","The Jungle"],"gold_per_floor":[110,124,136,136,149,149,67,99,99,110,64,83,8,21,21,117,117,136,155,10,23,35,35,35,35,35,35,35,51,66,85,85,190,190,207,207,207],"floor_reached":36,"language":"ENG","playtime":2602,"items_purged":[],"score":370,"play_id":"be4c9909-f07a-43e2-ac6f-5322ead695da","local_time":"20210125001700","is_ascension_mode":false,"campfire_choices":[{"data":"HollowMod:PogoStrike","floor":6,"key":"SMITH"},{"data":"HollowMod:DashSlash","floor":23,"key":"SMITH"},{"data":"HollowMod:RecoilStrike","floor":25,"key":"SMITH"},{"data":"HollowMod:SoulStrike","floor":27,"key":"SMITH"},{"floor":32,"key":"REST"}],"circlet_count":0,"master_deck":["HollowMod:QuickDashStart","HollowMod:QuickDashStart","HollowMod:QuickDashStart","HollowMod:QuickDashStart","HollowMod:FocusHealStart","HollowMod:PogoStrike+1","HollowMod:BaldurShell","HollowMod:HeavyBlow+1","HollowMod:CornifersMapStart","HollowMod:RecoilStrike+1","HollowMod:DashSlash+1","HollowMod:MantisMark+1","HollowMod:CycloneSlash","HollowMod:SoulStrike+1","HollowMod:SoulSplash+1","HollowMod:ZotesMagnificence","HollowMod:GoodIntentions+1","sneckomod:UnknownClassBUGKNIGHT_GRAY_COLOR+1","Slimebound:Tackle+1","Slimebound:Tackle+1","Slimebound:Tackle+1","Gash","Slimebound:SamplingLick+1","hexamod:GhostflameBarrier+1","sneckomod:UnknownRareSkill+1","HollowMod:DescendingDark+1"],"relics":["Iron Core","RollingBoulder","Toxic Egg 2","infinitespire:WardingShard","infinitespire:Cubic Diamond","CosmicIsotope","PrismaticShard","aspiration:HummingbirdHeart","Sozu"],"acts_visited":["Exordium","TheCity","TheBeyond"],"potions_floor_usage":[16,16,33,33],"damage_taken":[{"damage":2,"enemies":"2 Louse","floor":1,"turns":3},{"damage":0,"enemies":"Cultist","floor":2,"turns":4},{"damage":0,"enemies":"Jaw Worm","floor":3,"turns":3},{"damage":7,"enemies":"Looter","floor":5,"turns":2},{"damage":11,"enemies":"Replay:BlueRogue","floor":8,"turns":5},{"damage":6,"enemies":"Large Slime","floor":10,"turns":6},{"damage":4,"enemies":"conspire:2 RoseBushes","floor":12,"turns":3},{"damage":1,"enemies":"Looter","floor":14,"turns":3},{"damage":41,"enemies":"HollowMod:FalseKnight","floor":16,"turns":7},{"damage":15,"enemies":"Shell Parasite","floor":18,"turns":3},{"damage":0,"enemies":"conspire:FuzzyDice","floor":19,"turns":5},{"damage":0,"enemies":"Snecko","floor":21,"turns":4},{"damage":14,"enemies":"Chosen and Byrds","floor":22,"turns":6},{"damage":13,"enemies":"Snake Plant","floor":29,"turns":4},{"damage":6,"enemies":"Cultist and Chosen","floor":30,"turns":4},{"damage":12,"enemies":"conspire:HollyBat","floor":31,"turns":6},{"damage":31,"enemies":"bossMod:newCollector","floor":33,"turns":6},{"damage":15,"enemies":"3 Shapes","floor":35,"turns":2},{"damage":8,"enemies":"infinitespire:Three Voidlings","floor":36,"turns":3},{"damage":89,"enemies":"Nightmare_Alpha","floor":36,"turns":9}],"seed_played":"3956497181786242829","potions_obtained":[{"floor":2,"key":"Venom Potion"},{"floor":5,"key":"Weak Potion"},{"floor":14,"key":"Venom Potion"},{"floor":21,"key":"Weak Potion"},{"floor":22,"key":"FairyPotion"}],"is_trial":false,"path_per_floor":["M","M","M","?","M","R","$","E","T","M","$","M","?","M","R","B",null,"M","M","$","M","M","R","?","R","T","R","?","M","M","M","R","B",null,"M","?"],"character_chosen":"THE_BUGKNIGHT","items_purchased":["HollowMod:RecoilStrike","HollowMod:CycloneSlash","PrismaticShard"],"campfire_rested":1,"item_purchase_floors":[7,11,20],"current_hp_per_floor":[73,75,75,75,68,68,68,57,57,51,51,47,52,51,51,10,80,65,65,65,65,51,51,51,51,51,51,51,38,32,20,44,13,80,65,0,0],"gold":207,"neow_bonus":"RANDOM_COMMON_RELIC","is_daily":false,"chose_seed":false,"campfire_upgraded":4,"win_rate":0.0,"timestamp":1611551820,"path_taken":["M","M","M","?","M","R","$","E","T","M","?","M","?","M","R","BOSS","M","M","$","M","M","R","?","R","T","R","?","M","M","M","R","BOSS","M","?"],"items_purchased_type":["Card","Card","Relic"],"build_version":"2020-12-22","purchased_purges":0,"victory":false,"max_hp_per_floor":[75,75,75,75,75,75,75,75,75,75,75,75,80,80,80,80,80,80,80,80,80,80,80,80,80,80,80,80,80,80,80,80,80,80,80,80,80],"card_choices":[{"not_picked":["HollowMod:TaintedHusks","HollowMod:DescendingDark"],"picked":"HollowMod:BaldurShell","floor":1},{"not_picked":["HollowMod:VengefulVoid","HollowMod:SiblingsSouls"],"picked":"HollowMod:HeavyBlow","floor":2},{"not_picked":["HollowMod:DescendingDark","HollowMod:CloakDash"],"picked":"HollowMod:CornifersMapStart","floor":3},{"not_picked":["HollowMod:SiblingsSouls","HollowMod:DescendingDark","HollowMod:BrokenVessel"],"picked":"SKIP","floor":5},{"not_picked":["HollowMod:WraithStrike","HollowMod:CloakDash+1"],"picked":"HollowMod:DashSlash","floor":8},{"not_picked":["HollowMod:WraithStrike","HollowMod:MawleksShell+1"],"picked":"HollowMod:MantisMark+1","floor":10},{"not_picked":["HollowMod:CloakDash+1","HollowMod:SiblingsSouls+1"],"picked":"HollowMod:SoulStrike","floor":12},{"not_picked":["HollowMod:HornetsHelp","HollowMod:MonarchWings+1"],"picked":"HollowMod:SoulSplash+1","floor":14},{"not_picked":["HollowMod:MidwifesHunger","Reaper"],"picked":"HollowMod:ZotesMagnificence","floor":16},{"not_picked":["HollowMod:WraithStrike","HollowMod:SoulSplash+1","HollowMod:CrystalDash+1"],"picked":"SKIP","floor":18},{"not_picked":["HollowMod:NewLittleFool","HollowMod:SoulSplash+1"],"picked":"HollowMod:GoodIntentions+1","floor":19},{"not_picked":["jesterMod:BouncingKnife","FIFO Queue"],"picked":"sneckomod:UnknownClassBUGKNIGHT_GRAY_COLOR+1","floor":21},{"not_picked":["HollowMod:NewGlowingWomb","ReplayTheSpireMod:Strike From Hell+1","champ:FancyFootwork+1"],"picked":"SKIP","floor":22},{"not_picked":["champ:FlashCut","bronze:BronzeOrb"],"picked":"Gash","floor":29},{"not_picked":["hexamod:ShieldOfDarkness+1","HollowMod:MothsMistake+1"],"picked":"Slimebound:SamplingLick+1","floor":30},{"not_picked":["sneckomod:DefensiveFlair+1","bronze:BugBarrage"],"picked":"hexamod:GhostflameBarrier+1","floor":31},{"not_picked":["Brilliance","champ:VampiricStrike"],"picked":"sneckomod:UnknownRareSkill+1","floor":33},{"not_picked":["hexamod:ThirdSeal","sneckomod:SoulDraw+1"],"picked":"HollowMod:DescendingDark+1","floor":35}],"player_experience":265789,"relics_obtained":[{"floor":8,"key":"Toxic Egg 2"},{"floor":9,"key":"infinitespire:WardingShard"},{"floor":26,"key":"aspiration:HummingbirdHeart"}],"event_choices":[{"damage_healed":0,"gold_gain":0,"player_choice":"Upgraded","damage_taken":0,"max_hp_gain":0,"max_hp_loss":0,"event_name":"Upgrade Shrine","floor":4,"gold_loss":0,"cards_upgraded":["HollowMod:HeavyBlow"]}],"is_beta":false,"boss_relics":[{"not_picked":["halation:SmartPhone","infinitespire:Cupcake"],"picked":"CosmicIsotope"},{"not_picked":["ReplayTheSpireMod:DimensionalGlitch","halation:HeavySnake"],"picked":"Sozu"}],"items_purged_floors":[],"is_endless":false,"potions_floor_spawned":[2,5,14,21,22,30],"killed_by":"Nightmare_Alpha","ascension_level":0}}