{"host":"9n6i2vl93jt4o42q","time":1611617263,"event":{"mods":["BaseMod","Minty Spire (QoL Compilation)","Relic Stats"],"gold_per_floor":[115,190,115,132,132,132,157,171,171,171,183,20,20,39,39,116,116,135,93,93,93,2,2,30,49,76,103,103,118,3,15,15,86,86,104,123,148,148,165,165,165,165,165],"floor_reached":42,"language":"ENG","playtime":19261,"items_purged":["Strike_R"],"score":882,"play_id":"7d570bf3-51c5-47c2-96a8-dbfe9978c8ec","local_time":"20210126002743","is_ascension_mode":true,"campfire_choices":[{"data":"Armaments","floor":6.0,"key":"SMITH"},{"floor":10.0,"key":"REST"},{"data":"True Grit","floor":13.0,"key":"SMITH"},{"data":"Uppercut","floor":15.0,"key":"SMITH"},{"data":"Barricade","floor":23.0,"key":"SMITH"},{"floor":28,"key":"REST"},{"floor":32,"key":"REST"},{"data":"Body Slam","floor":40,"key":"SMITH"}],"circlet_count":0,"master_deck":["AscendersBane","Strike_R","Defend_R","Defend_R","Defend_R","Defend_R","Bash+1","Armaments+1","Body Slam+1","Impervious","Uppercut+1","True Grit+1","Anger","Barricade+1","Seeing Red+1","Iron Wave","Shockwave","Impervious","Jack Of All Trades","Fiend Fire","Havoc+1","Feel No Pain","Shrug It Off+1","Corruption","Ghostly Armor","Wild Strike+1","Disarm","Parasite","Spot Weakness+1","Cleave+1"],"relics":["Burning Blood","Eternal Feather","Charon\u0027s Ashes","Sundial","SlaversCollar","Nunchaku","Ancient Tea Set","Red Mask","Black Star","Prayer Wheel"],"acts_visited":["Exordium","TheCity","TheBeyond"],"potions_floor_usage":[27,27,39,42],"damage_taken":[{"damage":5.0,"enemies":"2 Louse","floor":1.0,"turns":3.0},{"damage":0.0,"enemies":"Jaw Worm","floor":4.0,"turns":4.0},{"damage":64.0,"enemies":"Lagavulin","floor":7.0,"turns":7.0},{"damage":0.0,"enemies":"Small Slimes","floor":8.0,"turns":4.0},{"damage":10.0,"enemies":"Exordium Wildlife","floor":11.0,"turns":5.0},{"damage":0.0,"enemies":"Exordium Thugs","floor":14.0,"turns":4.0},{"damage":22.0,"enemies":"The Guardian","floor":16.0,"turns":12.0},{"damage":24.0,"enemies":"Chosen","floor":18.0,"turns":4.0},{"damage":23.0,"enemies":"2 Thieves","floor":19.0,"turns":5.0},{"damage":29.0,"enemies":"Slavers","floor":24.0,"turns":7.0},{"damage":14.0,"enemies":"3 Cultists","floor":25.0,"turns":6.0},{"damage":28,"enemies":"Masked Bandits","floor":27,"turns":5},{"damage":18,"enemies":"Shelled Parasite and Fungi","floor":29,"turns":8},{"damage":18,"enemies":"Centurion and Healer","floor":31,"turns":6},{"damage":19,"enemies":"Automaton","floor":33,"turns":9},{"damage":3,"enemies":"3 Shapes","floor":35,"turns":4},{"damage":0,"enemies":"3 Darklings","floor":36,"turns":5},{"damage":0,"enemies":"Mind Bloom Boss Battle","floor":37,"turns":9},{"damage":22,"enemies":"Writhing Mass","floor":39,"turns":9},{"damage":78,"enemies":"Reptomancer","floor":42,"turns":3}],"seed_played":"-4899536570595311923","potions_obtained":[{"floor":1.0,"key":"GamblersBrew"},{"floor":14.0,"key":"Block Potion"},{"floor":16.0,"key":"DuplicationPotion"},{"floor":18.0,"key":"PowerPotion"},{"floor":24.0,"key":"BloodPotion"},{"floor":37,"key":"Weak Potion"},{"floor":39,"key":"ColorlessPotion"}],"is_trial":false,"path_per_floor":["M","?","?","M","?","R","E","M","T","R","M","$","R","M","R","B",null,"M","M","?","?","$","R","E","M","T","?","R","M","$","M","R","B",null,"M","M","?","?","M","R","?","E"],"character_chosen":"IRONCLAD","items_purchased":["True Grit","Anger","Fire Potion","Jack Of All Trades","Feel No Pain"],"campfire_rested":3,"item_purchase_floors":[12,12,12,22,30],"current_hp_per_floor":[69,58,58,64,59,65,7,13,13,41,37,37,46,52,61,45,68,50,33,33,33,33,45,22,14,14,7,41,29,29,17,51,38,66,69,75,75,75,59,75,75,0,0],"gold":165,"neow_bonus":"UPGRADE_CARD","is_daily":false,"chose_seed":false,"campfire_upgraded":5,"win_rate":0.0,"timestamp":1611617263,"path_taken":["M","?","?","M","?","R","E","M","T","R","M","?","R","M","R","BOSS","M","M","?","?","$","R","E","?","T","?","R","M","?","M","R","BOSS","M","M","?","?","M","R","?","E"],"items_purchased_type":["Card","Card","Potion","Card","Card"],"build_version":"2020-12-22","purchased_purges":1,"victory":false,"max_hp_per_floor":[75,75,75,75,75,75,75,75,75,75,75,75,75,75,75,75,75,75,75,75,75,75,75,75,75,75,75,75,75,75,75,75,75,75,75,75,75,75,75,75,75,75,75],"relic_stats":{"Nunchaku":[8],"counters":[20,119],"Sundial":[12],"Eternal Feather":82,"Prayer Wheel":1,"Charon\u0027s Ashes":[631],"Black Star":0,"obtain_stats":[{"SlaversCollar":17,"Nunchaku":24,"Sundial":9,"Eternal Feather":5,"Prayer Wheel":37,"Charon\u0027s Ashes":7,"Red Mask":27,"Black Star":34,"Ancient Tea Set":26,"Burning Blood":0},{"SlaversCollar":7,"Nunchaku":10,"Sundial":4,"Eternal Feather":2,"Prayer Wheel":18,"Charon\u0027s Ashes":3,"Red Mask":12,"Black Star":15,"Ancient Tea Set":11,"Burning Blood":0},{"SlaversCollar":39,"Nunchaku":55,"Sundial":18,"Eternal Feather":7,"Prayer Wheel":107,"Charon\u0027s Ashes":14,"Red Mask":66,"Black Star":89,"Ancient Tea Set":61,"Burning Blood":0}],"Burning Blood":108},"card_choices":[{"not_picked":["Flame Barrier","Havoc"],"picked":"Armaments","floor":1.0},{"not_picked":["Clash","Dual Wield"],"picked":"Body Slam","floor":4.0},{"not_picked":["Infernal Blade","Iron Wave"],"picked":"Impervious","floor":7.0},{"not_picked":["Clothesline","Power Through"],"picked":"Uppercut","floor":8.0},{"not_picked":["Wild Strike","Armaments"],"picked":"Shrug It Off","floor":11.0},{"not_picked":["Body Slam","Flex","Clash"],"picked":"SKIP","floor":14.0},{"not_picked":["Brutality","Exhume"],"picked":"Barricade","floor":16.0},{"not_picked":["Reckless Charge","Sever Soul"],"picked":"Seeing Red+1","floor":18.0},{"not_picked":["Searing Blow","Havoc"],"picked":"Iron Wave","floor":19.0},{"not_picked":["Sword Boomerang","Power Through"],"picked":"Fiend Fire","floor":24.0},{"not_picked":["Pommel Strike","Rage","Clash"],"picked":"SKIP","floor":25.0},{"not_picked":["Disarm","Body Slam"],"picked":"Havoc+1","floor":29},{"not_picked":["Sword Boomerang","Pummel"],"picked":"Shrug It Off+1","floor":31},{"not_picked":["Brutality","Bludgeon"],"picked":"Corruption","floor":33},{"not_picked":["Rupture+1","Clothesline+1"],"picked":"Ghostly Armor","floor":35},{"not_picked":["Dropkick","Cleave"],"picked":"Wild Strike+1","floor":36},{"not_picked":["Shrug It Off+1","Searing Blow"],"picked":"Disarm","floor":37},{"not_picked":["Twin Strike","Wild Strike"],"picked":"Spot Weakness+1","floor":39},{"not_picked":["Intimidate","Wild Strike"],"picked":"Cleave+1","floor":39}],"player_experience":2276742,"relics_obtained":[{"floor":7.0,"key":"Charon\u0027s Ashes"},{"floor":9.0,"key":"Sundial"},{"floor":24.0,"key":"Nunchaku"},{"floor":26.0,"key":"Ancient Tea Set"},{"floor":27,"key":"Red Mask"},{"floor":37,"key":"Prayer Wheel"}],"event_choices":[{"damage_healed":0.0,"max_hp_gain":0.0,"max_hp_loss":0.0,"gold_gain":75.0,"event_name":"World of Goop","player_choice":"Gather Gold","floor":2.0,"gold_loss":0.0,"damage_taken":11.0},{"cards_removed":["Strike_R"],"damage_healed":0.0,"max_hp_gain":0.0,"max_hp_loss":0.0,"gold_gain":0.0,"event_name":"The Cleric","player_choice":"Card Removal","floor":3.0,"gold_loss":75.0,"damage_taken":0.0},{"damage_healed":0.0,"max_hp_gain":0.0,"max_hp_loss":0.0,"gold_gain":0.0,"event_name":"Scrap Ooze","player_choice":"Success","floor":5.0,"gold_loss":0.0,"damage_taken":5.0,"relics_obtained":["Eternal Feather"]},{"damage_healed":0.0,"max_hp_gain":0.0,"max_hp_loss":0.0,"gold_gain":0.0,"cards_transformed":["Strike_R","Strike_R"],"event_name":"Drug Dealer","player_choice":"Became Test Subject","floor":20.0,"gold_loss":0.0,"damage_taken":0.0,"cards_obtained":["Shockwave","Impervious"]},{"damage_healed":0.0,"max_hp_gain":0.0,"max_hp_loss":0.0,"gold_gain":0.0,"event_name":"N\u0027loth","player_choice":"Ignored","floor":21.0,"gold_loss":0.0,"damage_taken":0.0},{"damage_healed":0,"gold_gain":0,"player_choice":"Fought Bandits","damage_taken":0,"max_hp_gain":0,"max_hp_loss":0,"event_name":"Masked Bandits","floor":27,"gold_loss":0},{"damage_healed":0,"gold_gain":0,"player_choice":"Fight","damage_taken":0,"max_hp_gain":0,"max_hp_loss":0,"event_name":"MindBloom","floor":37,"gold_loss":0},{"cards_removed":["Shrug It Off"],"damage_healed":0,"gold_gain":0,"player_choice":"Removed Skill","damage_taken":0,"max_hp_gain":0,"max_hp_loss":0,"event_name":"Falling","floor":38,"gold_loss":0},{"damage_healed":0,"gold_gain":0,"player_choice":"Ignored","damage_taken":0,"max_hp_gain":0,"max_hp_loss":0,"event_name":"Tomb of Lord Red Mask","floor":41,"gold_loss":0}],"is_beta":false,"boss_relics":[{"not_picked":["Velvet Choker","Empty Cage"],"picked":"SlaversCollar"},{"not_picked":["Runic Cube","Pandora\u0027s Box"],"picked":"Black Star"}],"items_purged_floors":[30],"is_endless":false,"potions_floor_spawned":[1,14,16,18,19,24,37,39],"killed_by":"Reptomancer","ascension_level":20}}