{"host":"reugk9pd1uotrglt","time":1611533839,"event":{"mods":["AchievementEnabler","BaseMod","BetterRewards","Colored Map","Custom Start","DeckTracker","Minty Spire (QoL Compilation)","Permanent Neow","Quick Restart","SuperFastMode"],"gold_per_floor":[117,133,133,133,146,146,171,190,272,283,283,301,317,330,330,405,405,415,428,440,177,189,221,241,274,274,307,307,307,28,38,38,111,111,124,124,124,124,175,207,207,235,235,263,129,155,155,173,173,173,173,173,173,6,31,31],"floor_reached":57,"language":"ENG","playtime":3107,"items_purged":["Strike_G"],"score":3939,"play_id":"b1b04020-c64a-4c34-98e2-aa63f9a2ece9","local_time":"20210125011719","is_ascension_mode":true,"campfire_choices":[{"data":"Apotheosis","floor":6.0,"key":"SMITH"},{"data":"1","floor":15.0,"key":"LIFT"},{"data":"2","floor":29.0,"key":"LIFT"},{"data":"3","floor":32.0,"key":"LIFT"},{"data":"Caltrops","floor":41.0,"key":"SMITH"},{"floor":47.0,"key":"RECALL"},{"floor":49.0,"key":"REST"},{"data":"Adrenaline","floor":53.0,"key":"SMITH"}],"circlet_count":0,"master_deck":["AscendersBane","Strike_G","Strike_G","Defend_G","Defend_G","Defend_G","Defend_G","Defend_G","Survivor+1","Neutralize","Backstab","Caltrops+1","Heel Hook","Sucker Punch","Apotheosis+1","Slice","Blade Dance","Quick Slash","Dagger Throw","Escape Plan","Concentrate","PiercingWail","Dagger Throw","Well Laid Plans+1","Die Die Die","Heel Hook","Backflip+1","Deflect","Quick Slash","Burst","Flying Knee+1","Noxious Fumes","Backflip","Doppelganger","Leg Sweep+1","Madness","Madness","Adrenaline+1","Escape Plan","Well Laid Plans"],"relics":["Ring of the Snake","Membership Card","Centennial Puzzle","Gremlin Horn","Chemical X","Oddly Smooth Stone","Tough Bandages","Bronze Scales","Potion Belt","Du-Vu Doll","Girya","Kunai","HoveringKite","Meat on the Bone","Tiny Chest","War Paint","Ninja Scroll","Pear","Smiling Mask","Mummified Hand","Lee\u0027s Waffle","Empty Cage","Dead Branch","Orichalcum","Sundial","Singing Bowl","Unceasing Top","Bottled Tornado","Prayer Wheel","Vajra","Mercury Hourglass"],"acts_visited":["Exordium","TheCity","TheBeyond","TheEnding"],"potions_floor_usage":[56,56],"damage_taken":[{"damage":0.0,"enemies":"2 Louse","floor":1.0,"turns":3.0},{"damage":0.0,"enemies":"Small Slimes","floor":2.0,"turns":2.0},{"damage":0.0,"enemies":"Cultist","floor":5.0,"turns":2.0},{"damage":6.0,"enemies":"Lagavulin","floor":7.0,"turns":6.0},{"damage":0.0,"enemies":"3 Louse","floor":8.0,"turns":1.0},{"damage":0.0,"enemies":"Gremlin Gang","floor":10.0,"turns":3.0},{"damage":0.0,"enemies":"2 Fungi Beasts","floor":12.0,"turns":1.0},{"damage":0.0,"enemies":"Blue Slaver","floor":13.0,"turns":2.0},{"damage":1.0,"enemies":"Looter","floor":14.0,"turns":2.0},{"damage":0.0,"enemies":"Hexaghost","floor":16.0,"turns":7.0},{"damage":1.0,"enemies":"2 Thieves","floor":18.0,"turns":1.0},{"damage":0.0,"enemies":"Chosen","floor":19.0,"turns":4.0},{"damage":9.0,"enemies":"Snake Plant","floor":20.0,"turns":3.0},{"damage":8.0,"enemies":"Shelled Parasite and Fungi","floor":22.0,"turns":3.0},{"damage":15.0,"enemies":"Slavers","floor":23.0,"turns":4.0},{"damage":13.0,"enemies":"Snecko","floor":24.0,"turns":4.0},{"damage":11.0,"enemies":"Book of Stabbing","floor":25.0,"turns":4.0},{"damage":0.0,"enemies":"Gremlin Leader","floor":27.0,"turns":4.0},{"damage":0.0,"enemies":"Centurion and Healer","floor":31.0,"turns":4.0},{"damage":22.0,"enemies":"Champ","floor":33.0,"turns":10.0},{"damage":0.0,"enemies":"3 Shapes","floor":35.0,"turns":4.0},{"damage":12.0,"enemies":"2 Orb Walkers","floor":39.0,"turns":3.0},{"damage":0.0,"enemies":"Nemesis","floor":40.0,"turns":3.0},{"damage":0.0,"enemies":"Reptomancer","floor":42.0,"turns":4.0},{"damage":1.0,"enemies":"Giant Head","floor":44.0,"turns":6.0},{"damage":11.0,"enemies":"Reptomancer","floor":46.0,"turns":3.0},{"damage":0.0,"enemies":"Orb Walker","floor":48.0,"turns":1.0},{"damage":0.0,"enemies":"Donu and Deca","floor":50.0,"turns":6.0},{"damage":28.0,"enemies":"Time Eater","floor":51.0,"turns":8.0},{"damage":0.0,"enemies":"Shield and Spear","floor":55.0,"turns":3.0},{"damage":43,"enemies":"The Heart","floor":56,"turns":7}],"seed_played":"-4349993144186777642","potions_obtained":[{"floor":1.0,"key":"LiquidMemories"},{"floor":8.0,"key":"Poison Potion"},{"floor":10.0,"key":"ColorlessPotion"},{"floor":13.0,"key":"ColorlessPotion"},{"floor":18.0,"key":"Explosive Potion"},{"floor":22.0,"key":"CunningPotion"},{"floor":31.0,"key":"Poison Potion"},{"floor":39.0,"key":"Energy Potion"},{"floor":42.0,"key":"DistilledChaos"},{"floor":48.0,"key":"Ancient Potion"},{"floor":55.0,"key":"ColorlessPotion"}],"is_trial":false,"path_per_floor":["M","M","?","?","M","R","E","M","T","M","?","M","M","M","R","B",null,"M","M","M","$","M","E","M","E","T","E","?","R","$","M","R","B",null,"M","?","T","?","?","E","R","E","T","E","$","E","R","M","R","B","B",null,"R","$","E","B",null],"character_chosen":"THE_SILENT","items_purchased":["Membership Card","Centennial Puzzle","Gremlin Horn","Backstab","Chemical X","Oddly Smooth Stone","Caltrops","Heel Hook","Sucker Punch","Bronze Scales","Potion Belt","Apotheosis","Meat on the Bone","Tiny Chest","Noxious Fumes","Mummified Hand","Lee\u0027s Waffle","Backflip","Bottled Tornado","Vajra","Escape Plan","Well Laid Plans","AttackPotion"],"campfire_rested":1,"item_purchase_floors":[0,0,0,0,0,0,0,0,0,0,0,0,21,21,30,30,30,30,45,54,54,54,54],"current_hp_per_floor":[18,18,18,40,40,40,34,34,34,34,34,34,34,33,33,33,58,57,57,48,48,40,37,36,37,47,47,47,47,83,83,83,61,78,78,78,78,63,51,51,51,51,51,52,52,55,55,59,86,86,58,83,83,83,85,54],"gold":31,"neow_bonus":"","is_daily":false,"chose_seed":false,"campfire_upgraded":3,"win_rate":0.0,"timestamp":1611533839,"path_taken":["M","M","?","?","M","R","E","M","T","M","?","M","?","M","R","BOSS","M","M","M","$","M","E","M","E","T","E","?","R","$","?","R","BOSS","M","?","?","?","?","E","R","E","T","E","?","E","R","M","R","BOSS","BOSS","R","$","E","BOSS"],"items_purchased_type":["Relic","Relic","Relic","Card","Relic","Relic","Card","Card","Card","Relic","Relic","Card","Relic","Relic","Card","Relic","Relic","Card","Relic","Relic","Card","Card","Potion"],"build_version":"2020-12-22","purchased_purges":1,"victory":true,"max_hp_per_floor":[66,66,66,66,66,66,66,66,66,66,66,66,66,66,66,66,66,66,66,66,66,66,66,66,66,76,76,76,76,83,83,83,83,83,83,83,83,83,83,83,83,83,83,85,85,87,87,91,91,91,91,91,91,91,93,93],"card_choices":[{"not_picked":["Underhanded Strike","Prepared"],"picked":"Slice","floor":1.0},{"not_picked":["Accuracy","Sucker Punch"],"picked":"Blade Dance","floor":2.0},{"not_picked":["Sucker Punch","Acrobatics"],"picked":"Quick Slash","floor":5.0},{"not_picked":["Underhanded Strike","Riddle With Holes"],"picked":"Tactician","floor":7.0},{"not_picked":["Underhanded Strike","Deadly Poison"],"picked":"Dagger Throw","floor":8.0},{"not_picked":["Unload","Terror"],"picked":"Escape Plan","floor":10.0},{"not_picked":["Sucker Punch","All Out Attack"],"picked":"PiercingWail","floor":12.0},{"not_picked":["Bane","Calculated Gamble"],"picked":"Dagger Throw","floor":13.0},{"not_picked":["Calculated Gamble","Poisoned Stab"],"picked":"Well Laid Plans","floor":14.0},{"not_picked":["Burst","Storm of Steel"],"picked":"Die Die Die","floor":16.0},{"not_picked":["Deflect","Flying Knee"],"picked":"Heel Hook","floor":18.0},{"not_picked":["Dagger Spray","Deflect"],"picked":"Backflip","floor":19.0},{"not_picked":["Acrobatics","Sucker Punch"],"picked":"Deflect","floor":20.0},{"not_picked":["Poisoned Stab","Sucker Punch","Blade Dance"],"picked":"SKIP","floor":22.0},{"not_picked":["Outmaneuver","Cloak And Dagger"],"picked":"Quick Slash","floor":23.0},{"not_picked":["Outmaneuver","All Out Attack+1"],"picked":"Burst","floor":24.0},{"not_picked":["Calculated Gamble","Poisoned Stab"],"picked":"Flying Knee+1","floor":25.0},{"not_picked":["Flying Knee","Slice","Crippling Poison"],"picked":"SKIP","floor":27.0},{"not_picked":["Catalyst","Flechettes","Outmaneuver"],"picked":"SKIP","floor":31.0},{"not_picked":["A Thousand Cuts","Grand Finale"],"picked":"Doppelganger","floor":33.0},{"not_picked":["Bane","Acrobatics"],"picked":"Leg Sweep+1","floor":35.0},{"not_picked":["Poisoned Stab","Underhanded Strike+1","Quick Slash"],"picked":"SKIP","floor":40.0},{"not_picked":["Acrobatics","Backflip"],"picked":"Adrenaline","floor":42.0},{"not_picked":["Dagger Throw","Cloak And Dagger","Prepared"],"picked":"Singing Bowl","floor":44.0},{"not_picked":["Backflip+1","Dagger Spray","Acrobatics"],"picked":"Singing Bowl","floor":46.0},{"not_picked":["Masterful Stab","Bane","Deflect"],"picked":"Singing Bowl","floor":48.0},{"not_picked":["Prepared","Eviscerate","Underhanded Strike"],"picked":"Singing Bowl","floor":48.0},{"not_picked":["Catalyst","Acrobatics","Deflect"],"picked":"Singing Bowl","floor":55.0}],"player_experience":1501708,"relics_obtained":[{"floor":7.0,"key":"Girya"},{"floor":9.0,"key":"Kunai"},{"floor":23.0,"key":"War Paint"},{"floor":25.0,"key":"Ninja Scroll"},{"floor":26.0,"key":"Pear"},{"floor":27.0,"key":"Smiling Mask"},{"floor":39.0,"key":"Dead Branch"},{"floor":40.0,"key":"Orichalcum"},{"floor":42.0,"key":"Sundial"},{"floor":43.0,"key":"Singing Bowl"},{"floor":44.0,"key":"Unceasing Top"},{"floor":46.0,"key":"Prayer Wheel"},{"floor":55.0,"key":"Mercury Hourglass"}],"event_choices":[{"damage_healed":0.0,"max_hp_gain":0.0,"max_hp_loss":0.0,"gold_gain":0.0,"event_name":"Shining Light","player_choice":"Ignored","floor":3.0,"gold_loss":0.0,"damage_taken":0.0},{"damage_healed":22.0,"max_hp_gain":0.0,"max_hp_loss":0.0,"gold_gain":0.0,"event_name":"Big Fish","player_choice":"Banana","floor":4.0,"gold_loss":0.0,"damage_taken":0.0},{"damage_healed":0.0,"max_hp_gain":0.0,"max_hp_loss":0.0,"gold_gain":0.0,"cards_transformed":["Tactician"],"event_name":"Transmorgrifier","player_choice":"Transformed","floor":11.0,"gold_loss":0.0,"damage_taken":0.0,"cards_obtained":["Concentrate"]},{"damage_healed":0.0,"max_hp_gain":0.0,"max_hp_loss":0.0,"gold_gain":0.0,"event_name":"Upgrade Shrine","player_choice":"Upgraded","floor":28.0,"gold_loss":0.0,"damage_taken":0.0,"cards_upgraded":["Well Laid Plans"]},{"damage_healed":0.0,"max_hp_gain":0.0,"max_hp_loss":0.0,"gold_gain":0.0,"event_name":"Tomb of Lord Red Mask","player_choice":"Ignored","floor":36.0,"gold_loss":0.0,"damage_taken":0.0},{"damage_healed":0.0,"max_hp_gain":0.0,"max_hp_loss":0.0,"gold_gain":0.0,"event_name":"Winding Halls","player_choice":"Embrace Madness","floor":38.0,"gold_loss":0.0,"damage_taken":15.0,"cards_obtained":["Madness","Madness"]},{"damage_healed":0.0,"max_hp_gain":0.0,"max_hp_loss":0.0,"gold_gain":0.0,"event_name":"Mysterious Sphere","player_choice":"Fight","floor":39.0,"gold_loss":0.0,"damage_taken":0.0}],"is_beta":false,"boss_relics":[{"not_picked":["SacredBark","WristBlade"],"picked":"HoveringKite"},{"not_picked":["Runic Dome","Snecko Eye"],"picked":"Empty Cage"}],"items_purged_floors":[21],"is_endless":false,"potions_floor_spawned":[1,8,10,13,18,22,31,39,42,44,48,55],"ascension_level":20}}