{"host":"kvq1t47bkvtg8ho9","time":1611607689,"event":{"mods":["Aspiration","Bard","BaseMod","Beaked The Cultist","Better Sensory Stone","Better Third Choice","BetterRewards","Clockwork Mod","Colored Map","Conspire","Downfall","Energized Spire","Friendly Minions","Hermit","HexUI Lib","Highlight Path","Hubris","Infinite Spire","JesterMod","Minty Spire (QoL Compilation)","READ ME - Guardian Mod","Relic Stats","Shade Mod","Somnambulant","StSLib","The Bladedancer","The Bug Knight","The Cursed","The Death Knight","The Disciple","The Forsaken","The Jungle","The Marked","The Necromancer","The Runesmith"],"gold_per_floor":[109,122,222,238,252,279,279,298,298,298,316,330,342,362,362,463,463,463,463,463,388,290,290,290,0,0,0,0,0,0,0,0,0,0,0,0,0,0,0,0,0,0,0,0,0,0,0,0,0,0,0,0,0],"floor_reached":52,"language":"ENG","playtime":4116,"items_purged":[],"score":661,"play_id":"4271c7e5-49b0-46f3-b916-232746f0851a","local_time":"20210125154809","is_ascension_mode":false,"campfire_choices":[{"data":"HollowMod:ShadowDash","floor":7,"key":"SMITH"},{"floor":10,"key":"REST"},{"floor":15,"key":"REST"},{"floor":23,"key":"REST"},{"floor":32,"key":"REST"},{"floor":40,"key":"REST"},{"data":"HollowMod:ShadowDash","floor":45,"key":"SMITH"},{"data":"HollowMod:FocusHealStart","floor":49,"key":"SMITH"}],"circlet_count":0,"master_deck":["HollowMod:NailStrikeStart","HollowMod:NailStrikeStart","HollowMod:NailStrikeStart","HollowMod:NailStrikeStart","HollowMod:QuickDashStart","HollowMod:QuickDashStart","HollowMod:QuickDashStart","HollowMod:QuickDashStart","HollowMod:FocusHealStart+1","HollowMod:PogoStrike","HollowMod:LifebloodCore+1","HollowMod:DescendingDark","HollowMod:GreatSlash","Flash of Steel","HollowMod:HeavyBlow","HollowMod:ShadowDash+1","HollowMod:SharpenedNail","HollowMod:AbyssShriek","HollowMod:WraithStrike","HollowMod:WraithStrike","HollowMod:WraithStrike","HollowMod:VengefulVoid","HollowMod:SharpenedShadows","HollowMod:theNailsmith","HollowMod:HeavyBlow","HollowMod:CloakDash","conspire:Banana","HollowMod:NewLittleFool+1","HollowMod:NewLastStag","HollowMod:MantisMark","HollowMod:DashSlash","HollowMod:SharpenedShadows","HollowMod:ShadowDash+1","HollowMod:Hiveblood","HollowMod:DashSlash","hubris:Fate","infinitespire:Collect","HollowMod:DashSlash+1","ClearTheMind+1","DeceiveReality+1","HollowMod:ShadowDash+1","Parasite","EmptyMind","HollowMod:VengefulVoid","HollowMod:ElderbugsWisdom"],"relics":["HollowMod:VesselMask","Lantern","infinitespire:ShieldingShard","conspire:TopHat","Ectoplasm","Vajra","hubris:SphereOfDissonance","energizedSpire:DeadBattery","aspiration:ChemicalBlood","aspiration:WatcherSkillbook","aspiration:FrozenJewel","hubris:TerracottaHorce"],"acts_visited":["Exordium","TheCity","TheBeyond","Exordium"],"potions_floor_usage":[5,6,12,16,24,24,33,33,41,44,46,50,50,50,50],"damage_taken":[{"damage":0,"enemies":"Cultist","floor":1,"turns":3},{"damage":2,"enemies":"conspire:RoseBush","floor":2,"turns":2},{"damage":0,"enemies":"2 Louse","floor":4,"turns":2},{"damage":0,"enemies":"Large Slime","floor":5,"turns":5},{"damage":19,"enemies":"Gremlin Nob","floor":6,"turns":4},{"damage":25,"enemies":"Exordium Wildlife","floor":8,"turns":4},{"damage":0,"enemies":"2 Fungi Beasts","floor":11,"turns":1},{"damage":5,"enemies":"Looter","floor":12,"turns":2},{"damage":0,"enemies":"Gremlin Gang","floor":13,"turns":2},{"damage":0,"enemies":"Blue Slaver","floor":14,"turns":2},{"damage":31,"enemies":"Hexaghost","floor":16,"turns":9},{"damage":0,"enemies":"Chosen","floor":18,"turns":4},{"damage":4,"enemies":"3 Byrds","floor":19,"turns":4},{"damage":32,"enemies":"Sentry and Sphere","floor":20,"turns":5},{"damage":39,"enemies":"Nightmare","floor":24,"turns":7},{"damage":0,"enemies":"Snecko","floor":27,"turns":3},{"damage":0,"enemies":"Snake Plant","floor":28,"turns":2},{"damage":18,"enemies":"Sentry and Sphere","floor":30,"turns":4},{"damage":0,"enemies":"conspire:HollyBat","floor":31,"turns":8},{"damage":32,"enemies":"conspire:MysteriousRune","floor":33,"turns":8},{"damage":0,"enemies":"3 Shapes","floor":35,"turns":3},{"damage":0,"enemies":"Orb Walker","floor":37,"turns":2},{"damage":32,"enemies":"Jaw Worm Horde","floor":39,"turns":3},{"damage":5,"enemies":"3 Darklings","floor":41,"turns":3},{"damage":0,"enemies":"Maw","floor":42,"turns":6},{"damage":17,"enemies":"Writhing Mass","floor":44,"turns":6},{"damage":0,"enemies":"Spire Growth","floor":46,"turns":2},{"damage":122,"enemies":"Time Eater","floor":50,"turns":9},{"damage":1,"enemies":"2 Louse","floor":52,"turns":1}],"seed_played":"-232148274211291298","potions_obtained":[{"floor":1,"key":"FearPotion"},{"floor":5,"key":"BlessingOfTheForge"},{"floor":8,"key":"BlessingOfTheForge"},{"floor":13,"key":"SkillPotion"},{"floor":16,"key":"EssenceOfSteel"},{"floor":18,"key":"hexamod:SoulburnPotion"},{"floor":30,"key":"bronze:BurnAndBuffPotion"},{"floor":31,"key":"BlessingOfTheForge"},{"floor":37,"key":"sneckomod:MuddlingPotion"},{"floor":39,"key":"Energy Potion"},{"floor":42,"key":"Explosive Potion"},{"floor":44,"key":"DeathKnight:RimePotion"},{"floor":46,"key":"sneckomod:MuddlingPotion"},{"floor":50,"key":"Ancient Potion"},{"floor":50,"key":"ColorlessPotion"}],"is_trial":false,"path_per_floor":["M","M","?","M","M","E","R","M","T","R","M","M","M","M","R","B",null,"M","M","M","?","$","R","NM","?","T","M","M","$","M","M","R","B",null,"M","AVR","M","?","M","R","M","M","T","M","R","M","?","?","R","B",null,"M"],"character_chosen":"THE_BUGKNIGHT","items_purchased":["HollowMod:LifebloodCore","HollowMod:DescendingDark","HollowMod:GreatSlash","Flash of Steel","Lantern","conspire:Banana"],"campfire_rested":5,"item_purchase_floors":[0,0,0,0,0,22],"current_hp_per_floor":[75,73,73,73,75,56,56,31,31,53,53,48,48,48,70,39,75,75,71,43,43,43,65,27,27,27,27,27,27,10,11,34,9,79,79,79,80,80,48,72,67,81,81,65,65,65,65,65,65,24,68,73,73],"gold":0,"neow_bonus":"","is_daily":false,"chose_seed":false,"campfire_upgraded":3,"win_rate":0.0,"timestamp":1611607689,"path_taken":["M","M","?","?","M","E","R","M","T","R","M","?","M","M","R","BOSS","M","M","M","?","$","R","NM","?","T","M","M","?","M","M","R","BOSS","M","AVR","M","?","M","R","?","M","T","M","R","M","?","?","R","BOSS","M"],"items_purchased_type":["Card","Card","Card","Card","Relic","Card"],"build_version":"2020-12-22","purchased_purges":0,"victory":false,"max_hp_per_floor":[75,75,75,75,75,75,75,75,75,75,75,75,75,75,75,75,75,75,75,75,75,75,75,76,76,76,76,76,76,77,78,78,79,79,79,79,80,80,80,80,80,81,81,82,82,82,82,82,82,83,83,83,83],"relic_stats":{"counters":[167,645],"Ectoplasm":521,"obtain_stats":[{"infinitespire:Cubic Diamond":4,"hubris:MysteriousPyramids":118,"aspiration:RitualStick":126,"infinitespire:ShieldingShard":27,"hubris:DeckOfHolding":53,"Fusion Hammer":17,"Kunai":7,"HollowMod:PaleOreRelic":112,"aspiration:DSix":0,"Pear":10,"Blue Candle":3,"hubris:SphereOfDissonance":89,"Shade:YorickPolishedSkull":51,"Pen Nib":44,"Guardian:PocketSentry":156,"energizedSpire:StickyHand":34,"aspiration:FrozenJewel":43,"MutagenicStrength":19,"infinitespire:PuzzleCube":104,"hubris:Reverence":14,"Regal Pillow":94,"Lantern":0,"Torii":74,"Bag of Preparation":91,"Burning Blood":4,"hubris:BlackHole":102,"hubris:ScarierMask":17,"hubris:CuriousFeather":6,"WingedGreaves":6,"aspiration:FutureDiary":68,"downfall:ExtraCursedBell":3,"aspiration:ChemicalBlood":36,"aspiration:VileToxins":146,"hubris:64BitClover":48,"Golden Idol":61,"Guardian:GemstoneGun":6,"conspire:RunicOctahedron":85,"The Courier":99,"Omamori":80,"infinitespire:Lucky Rock":59,"infinitespire:CheckeredPen":86,"Frozen Egg 2":36,"hubris:Towel":73,"MawBank":148,"energizedSpire:DeadBattery":34,"Ectoplasm":17,"Art of War":46,"Runesmith:AutoHammer":14,"conspire:DeflatedDodgeball":12,"Toy Ornithopter":23,"hubris:BottledRain":60,"Gremlin Horn":44,"hubris:VirtuousBlindfold":17,"Vajra":115,"HollowMod:StagPassRelic":57,"hubris:TerracottaHorce":51,"Lizard Tail":128,"aspiration:MobileForge":119,"aspiration:ArtOfWarUpgrade":83,"Toxic Egg 2":4,"hubris:Teleporter":123,"Astrolabe":136,"Oddly Smooth Stone":76,"energizedSpire:OgreHead":53,"Letter Opener":129,"conspire:GiftBox":43,"aspiration:EmptySkull":0,"Shuriken":64,"Molten Egg 2":131,"infinitespire:EmpoweringShard":43,"Pocketwatch":9,"Darkstone Periapt":9,"bronze:BronzeCore":0,"SacredBark":34,"theForsaken:Lifeblossom":25,"Mango":77,"conspire:SpecialSausage":153,"Incense Burner":99,"Juzu Bracelet":142,"hubris:SlimyHat":6,"theForsaken:Gavel":26,"conspire:TopHat":9,"aspiration:StickyExplosives_weak":95,"Frozen Eye":70,"Nunchaku":29,"Tough Bandages":3,"hubris:Icosahedron":24,"theForsaken:Kindling":139,"Pantograph":106,"Tiny Chest":26,"Red Mask":37,"aspiration:FetidBarrel":26,"Orichalcum":69,"Mercury Hourglass":40,"Calling Bell":99,"infinitespire:WardingShard":23,"infinitespire:Satchel":9,"aspiration:WatcherSkillbook":36,"Bag of Marbles":111,"Membership Card":0},{"infinitespire:Cubic Diamond":128,"hubris:MysteriousPyramids":93,"aspiration:RitualStick":96,"infinitespire:ShieldingShard":48,"hubris:DeckOfHolding":61,"Fusion Hammer":119,"Kunai":3,"HollowMod:PaleOreRelic":88,"aspiration:DSix":35,"Pear":5,"Blue Candle":128,"hubris:SphereOfDissonance":79,"Shade:YorickPolishedSkull":60,"Pen Nib":31,"Guardian:PocketSentry":109,"energizedSpire:StickyHand":52,"aspiration:FrozenJewel":163,"MutagenicStrength":19,"infinitespire:PuzzleCube":85,"hubris:Reverence":42,"Regal Pillow":80,"Lantern":131,"Torii":72,"Bag of Preparation":79,"Burning Blood":128,"hubris:BlackHole":83,"hubris:ScarierMask":43,"hubris:CuriousFeather":39,"WingedGreaves":130,"aspiration:FutureDiary":68,"downfall:ExtraCursedBell":128,"aspiration:ChemicalBlood":159,"aspiration:VileToxins":105,"hubris:64BitClover":59,"Golden Idol":66,"Guardian:GemstoneGun":14,"conspire:RunicOctahedron":77,"The Courier":82,"Omamori":74,"infinitespire:Lucky Rock":66,"infinitespire:CheckeredPen":78,"Frozen Egg 2":28,"hubris:Towel":71,"MawBank":106,"energizedSpire:DeadBattery":158,"Ectoplasm":149,"Art of War":59,"Runesmith:AutoHammer":17,"conspire:DeflatedDodgeball":15,"Toy Ornithopter":47,"hubris:BottledRain":66,"Gremlin Horn":58,"hubris:VirtuousBlindfold":18,"Vajra":91,"HollowMod:StagPassRelic":64,"hubris:TerracottaHorce":166,"Lizard Tail":96,"aspiration:MobileForge":93,"aspiration:ArtOfWarUpgrade":76,"Toxic Egg 2":37,"hubris:Teleporter":95,"Astrolabe":100,"Oddly Smooth Stone":73,"energizedSpire:OgreHead":61,"Letter Opener":97,"conspire:GiftBox":31,"aspiration:EmptySkull":9,"Shuriken":67,"Molten Egg 2":98,"infinitespire:EmpoweringShard":57,"Pocketwatch":134,"Darkstone Periapt":39,"bronze:BronzeCore":0,"SacredBark":27,"theForsaken:Lifeblossom":23,"Mango":73,"conspire:SpecialSausage":108,"Incense Burner":82,"Juzu Bracelet":104,"hubris:SlimyHat":114,"theForsaken:Gavel":47,"conspire:TopHat":115,"aspiration:StickyExplosives_weak":80,"Frozen Eye":69,"Nunchaku":24,"Tough Bandages":128,"hubris:Icosahedron":47,"theForsaken:Kindling":102,"Pantograph":85,"Tiny Chest":23,"Red Mask":28,"aspiration:FetidBarrel":124,"Orichalcum":69,"Mercury Hourglass":56,"Calling Bell":82,"infinitespire:WardingShard":22,"infinitespire:Satchel":14,"aspiration:WatcherSkillbook":159,"Bag of Marbles":88,"Membership Card":9},{"infinitespire:Cubic Diamond":473,"hubris:MysteriousPyramids":337,"aspiration:RitualStick":340,"infinitespire:ShieldingShard":207,"hubris:DeckOfHolding":261,"Fusion Hammer":428,"Kunai":10,"HollowMod:PaleOreRelic":331,"aspiration:DSix":159,"Pear":18,"Blue Candle":473,"hubris:SphereOfDissonance":310,"Shade:YorickPolishedSkull":259,"Pen Nib":138,"Guardian:PocketSentry":371,"energizedSpire:StickyHand":224,"aspiration:FrozenJewel":627,"MutagenicStrength":92,"infinitespire:PuzzleCube":326,"hubris:Reverence":183,"Regal Pillow":311,"Lantern":487,"Torii":294,"Bag of Preparation":310,"Burning Blood":473,"hubris:BlackHole":323,"hubris:ScarierMask":190,"hubris:CuriousFeather":174,"WingedGreaves":484,"aspiration:FutureDiary":282,"downfall:ExtraCursedBell":473,"aspiration:ChemicalBlood":613,"aspiration:VileToxins":352,"hubris:64BitClover":249,"Golden Idol":274,"Guardian:GemstoneGun":65,"conspire:RunicOctahedron":308,"The Courier":317,"Omamori":300,"infinitespire:Lucky Rock":274,"infinitespire:CheckeredPen":309,"Frozen Egg 2":126,"hubris:Towel":290,"MawBank":355,"energizedSpire:DeadBattery":610,"Ectoplasm":565,"Art of War":249,"Runesmith:AutoHammer":79,"conspire:DeflatedDodgeball":69,"Toy Ornithopter":204,"hubris:BottledRain":274,"Gremlin Horn":247,"hubris:VirtuousBlindfold":88,"Vajra":334,"HollowMod:StagPassRelic":267,"hubris:TerracottaHorce":644,"Lizard Tail":340,"aspiration:MobileForge":337,"aspiration:ArtOfWarUpgrade":304,"Toxic Egg 2":164,"hubris:Teleporter":339,"Astrolabe":345,"Oddly Smooth Stone":297,"energizedSpire:OgreHead":261,"Letter Opener":341,"conspire:GiftBox":138,"aspiration:EmptySkull":39,"Shuriken":277,"Molten Egg 2":342,"infinitespire:EmpoweringShard":242,"Pocketwatch":497,"Darkstone Periapt":174,"bronze:BronzeCore":0,"SacredBark":122,"theForsaken:Lifeblossom":105,"Mango":297,"conspire:SpecialSausage":370,"Incense Burner":317,"Juzu Bracelet":351,"hubris:SlimyHat":396,"theForsaken:Gavel":204,"conspire:TopHat":400,"aspiration:StickyExplosives_weak":311,"Frozen Eye":285,"Nunchaku":108,"Tough Bandages":473,"hubris:Icosahedron":204,"theForsaken:Kindling":347,"Pantograph":326,"Tiny Chest":105,"Red Mask":126,"aspiration:FetidBarrel":457,"Orichalcum":285,"Mercury Hourglass":239,"Calling Bell":317,"infinitespire:WardingShard":102,"infinitespire:Satchel":65,"aspiration:WatcherSkillbook":613,"Bag of Marbles":331,"Membership Card":39}]},"card_choices":[{"not_picked":["HollowMod:TaintedHusks","HollowMod:SiblingsSouls"],"picked":"HollowMod:HeavyBlow","floor":1},{"not_picked":["HollowMod:MonarchWings","HollowMod:CycloneSlash"],"picked":"HollowMod:ShadowDash","floor":2},{"not_picked":["HollowMod:TaintedHusks","HollowMod:ShadowDash"],"picked":"HollowMod:SharpenedNail","floor":4},{"not_picked":["HollowMod:GoodIntentions","HollowMod:TaintedHusks"],"picked":"HollowMod:NewGlowingWomb","floor":5},{"not_picked":["HollowMod:QuirrelsAssistance","HollowMod:BaldurShell"],"picked":"HollowMod:AbyssShriek","floor":6},{"not_picked":["HollowMod:HornetsHelp","HollowMod:CycloneSlash"],"picked":"HollowMod:WraithStrike","floor":8},{"not_picked":["HollowMod:InfectedCysts","HollowMod:HeavyBlow"],"picked":"HollowMod:WraithStrike","floor":11},{"not_picked":["HollowMod:GreatSlash","HollowMod:SoulStrike"],"picked":"HollowMod:WraithStrike","floor":12},{"not_picked":["HollowMod:MothsMistake","HollowMod:QuirrelsAssistance"],"picked":"HollowMod:VengefulVoid","floor":13},{"not_picked":["HollowMod:TaintedHusks","HollowMod:DescendingDark"],"picked":"HollowMod:SharpenedShadows","floor":14},{"not_picked":["HollowMod:AwokenDreamNail","HollowMod:LifebloodCore"],"picked":"HollowMod:theNailsmith","floor":16},{"not_picked":["HollowMod:ChannelNail","HollowMod:SoulStrike+1","HollowMod:CornifersMapStart"],"picked":"SKIP","floor":18},{"not_picked":["HollowMod:SoulStrike","HollowMod:NewInfectedGuardian"],"picked":"HollowMod:HeavyBlow","floor":19},{"not_picked":["HollowMod:NewJinnsSoul+1","HollowMod:SoulEater"],"picked":"HollowMod:CloakDash","floor":20},{"not_picked":["HollowMod:SoulSplash","HollowMod:InfectedCysts"],"picked":"HollowMod:NewLittleFool+1","floor":24},{"not_picked":["HollowMod:GreatSlash","HollowMod:HuntersJournal"],"picked":"HollowMod:MantisMark","floor":27},{"not_picked":["HollowMod:SiblingsSouls","HollowMod:MantisMark"],"picked":"HollowMod:DashSlash","floor":28},{"not_picked":["HollowMod:TaintedHusks","HollowMod:theNailsmith"],"picked":"HollowMod:SharpenedShadows","floor":30},{"not_picked":["HollowMod:QuirrelsAssistance","HollowMod:HowlingWraiths"],"picked":"HollowMod:ShadowDash+1","floor":31},{"not_picked":["HollowMod:ElderbugsWisdom","HollowMod:LifebloodCore"],"picked":"HollowMod:Hiveblood","floor":33},{"not_picked":["HollowMod:InfectedAttack+1","HollowMod:GoodIntentions+1"],"picked":"HollowMod:DashSlash","floor":35},{"not_picked":["HollowMod:AbyssShriek","HollowMod:QuirrelsAssistance","Consecrate+1"],"picked":"HollowMod:DashSlash+1","floor":37},{"not_picked":["HollowMod:FallenFury+1","HollowMod:InfectedAttack+1","HollowMod:VengefulVoid+1"],"picked":"ClearTheMind+1","floor":39},{"not_picked":["InnerPeace+1","Evaluate+1","HollowMod:ChannelNail+1"],"picked":"DeceiveReality+1","floor":41},{"not_picked":["HollowMod:SiblingsShadow+1","HollowMod:PerfectDash+1","HollowMod:NewGlowingWomb+1"],"picked":"HollowMod:ShadowDash","floor":42},{"not_picked":["HollowMod:SoulVessel","Tantrum","HollowMod:InfectedCysts+1"],"picked":"EmptyMind","floor":44},{"not_picked":["WindmillStrike","BowlingBash+1","HollowMod:HowlingWraiths+1"],"picked":"HollowMod:VengefulVoid","floor":46},{"not_picked":["MasterReality","Omniscience","HollowMod:ZotesMagnificence"],"picked":"HollowMod:ElderbugsWisdom","floor":50}],"player_experience":816858,"relics_obtained":[{"floor":6,"key":"infinitespire:ShieldingShard"},{"floor":9,"key":"conspire:TopHat"},{"floor":24,"key":"Vajra"},{"floor":26,"key":"hubris:SphereOfDissonance"},{"floor":43,"key":"aspiration:FrozenJewel"}],"event_choices":[{"damage_healed":0,"gold_gain":100,"player_choice":"Gold","damage_taken":0,"max_hp_gain":0,"max_hp_loss":0,"event_name":"Wheel of Change","floor":3,"gold_loss":0},{"cards_removed":["HollowMod:NewGlowingWomb"],"damage_healed":0,"gold_gain":0,"player_choice":"Gave Gold","damage_taken":0,"max_hp_gain":0,"max_hp_loss":0,"event_name":"Beggar","floor":21,"gold_loss":75},{"damage_healed":0,"gold_gain":0,"player_choice":"Upgraded","damage_taken":0,"max_hp_gain":0,"max_hp_loss":0,"event_name":"Upgrade Shrine","floor":48,"gold_loss":0,"cards_upgraded":["HollowMod:LifebloodCore"]}],"is_beta":false,"boss_relics":[{"not_picked":["aspiration:RitualDagger","SlaversCollar"],"picked":"Ectoplasm"},{"not_picked":["beaked:SacredDeck","hubris:BlackHole"],"picked":"energizedSpire:DeadBattery"},{"not_picked":["energizedSpire:RedRose","jesterMod:MachoBrace"],"picked":"hubris:TerracottaHorce"}],"items_purged_floors":[],"is_endless":true,"potions_floor_spawned":[1,5,8,13,16,18,30,31,37,39,42,46],"killed_by":"2 Louse","ascension_level":0}}