{"host":"i0avyit1s6jb1siw","time":1611567836,"event":{"mods":["BaseMod","DeckTracker","Dota2Spire","Highlight Path","Minty Spire (QoL Compilation)","Quick Restart","StSLib","SuperFastMode"],"gold_per_floor":[16,16,41,41,66,66,66,101,125,148,161,174,174,187,187,187,283,283,296,296,315,334,348,348,391,391,391,391,424,182,198,22,22,115,115,130,5,338,338,355,355,355],"floor_reached":41,"language":"ENG","playtime":1073,"items_purged":["Strike_G+1","Strike_G+1","Strike_G+1"],"score":866,"play_id":"b32221da-13e1-41d0-bbf9-0381a1e420c1","local_time":"20210125104356","is_ascension_mode":true,"campfire_choices":[{"data":"Neutralize","floor":6,"key":"SMITH"},{"data":"Blade Dance","floor":13,"key":"SMITH"},{"data":"Blade Dance","floor":15,"key":"SMITH"},{"floor":16,"key":"REST"},{"floor":24,"key":"REST"},{"data":"Footwork","floor":28,"key":"SMITH"},{"floor":33,"key":"REST"}],"circlet_count":0,"master_deck":["AscendersBane","Strike_G+1","Defend_G+1","Defend_G+1","Defend_G+1","Defend_G+1","Defend_G+1","Survivor","Neutralize+1","Dash","Injury","All Out Attack","PiercingWail","After Image","Deadly Poison","Blade Dance+1","PiercingWail","Blade Dance+1","Glass Knife","Footwork+1","Predator","Terror+1","Blade Dance+1","Cloak And Dagger+1","Choke","Malaise+1","Crippling Poison+1","Writhe"],"relics":["Ring of the Snake","Du-Vu Doll","Dota2Spire:MagicBottle","Regal Pillow","Lantern","Snecko Eye","Toxic Egg 2","Oddly Smooth Stone","Nunchaku","Black Star"],"acts_visited":["Exordium","TheCity","TheBeyond"],"potions_floor_usage":[12,17,34],"damage_taken":[{"damage":1,"enemies":"Cultist","floor":1,"turns":4},{"damage":4,"enemies":"Small Slimes","floor":3,"turns":3},{"damage":0,"enemies":"2 Louse","floor":5,"turns":3},{"damage":28,"enemies":"Lagavulin","floor":8,"turns":8},{"damage":0,"enemies":"Gremlin Gang","floor":10,"turns":3},{"damage":0,"enemies":"2 Fungi Beasts","floor":11,"turns":2},{"damage":5,"enemies":"Exordium Wildlife","floor":12,"turns":4},{"damage":0,"enemies":"Large Slime","floor":14,"turns":5},{"damage":22,"enemies":"Slime Boss","floor":17,"turns":6},{"damage":0,"enemies":"3 Byrds","floor":19,"turns":5},{"damage":0,"enemies":"2 Thieves","floor":21,"turns":3},{"damage":24,"enemies":"Sentry and Sphere","floor":22,"turns":6},{"damage":2,"enemies":"Snecko","floor":23,"turns":4},{"damage":19,"enemies":"Slavers","floor":25,"turns":7},{"damage":4,"enemies":"Book of Stabbing","floor":29,"turns":4},{"damage":32,"enemies":"Cultist and Chosen","floor":31,"turns":7},{"damage":19,"enemies":"Champ","floor":34,"turns":10},{"damage":4,"enemies":"3 Shapes","floor":36,"turns":10},{"damage":21,"enemies":"3 Darklings","floor":40,"turns":6},{"damage":53,"enemies":"Giant Head","floor":41,"turns":8}],"seed_played":"3145015546989477271","potions_obtained":[{"floor":5,"key":"EssenceOfSteel"},{"floor":8,"key":"Block Potion"},{"floor":11,"key":"Strength Potion"},{"floor":19,"key":"Strength Potion"},{"floor":29,"key":"LiquidMemories"},{"floor":34,"key":"FearPotion"}],"is_trial":false,"path_per_floor":["M","?","M","?","M","R","?","E","T","M","M","M","R","M","R","R","B",null,"M","?","M","M","M","R","E","?","T","R","E","$","M","$","R","B",null,"M","$","?","?","M","E"],"character_chosen":"THE_SILENT","items_purchased":["Nunchaku","Choke"],"campfire_rested":3,"item_purchase_floors":[30,32],"current_hp_per_floor":[58,58,54,36,36,36,36,23,23,23,23,18,18,18,18,52,30,57,57,57,57,33,31,65,53,53,53,53,49,49,17,17,51,32,58,54,54,54,66,45,0,0],"gold":355,"neow_bonus":"ONE_RARE_RELIC","is_daily":false,"chose_seed":false,"campfire_upgraded":4,"win_rate":0.0,"timestamp":1611567836,"path_taken":["M","?","M","?","M","R","?","E","T","M","M","M","R","?","R","R","BOSS","M","?","M","M","M","R","E","?","T","R","E","?","M","$","R","BOSS","M","$","?","?","M","E"],"items_purchased_type":["Relic","Card"],"build_version":"2020-12-22","purchased_purges":3,"victory":false,"max_hp_per_floor":[66,66,66,66,66,66,66,66,66,66,66,66,66,66,66,66,66,66,66,66,66,66,66,66,66,66,66,66,66,66,66,66,66,66,66,66,66,66,66,66,66,66],"card_choices":[{"not_picked":["Dodge and Roll","Dagger Spray"],"picked":"Dash","floor":1},{"not_picked":["Backflip","Dodge and Roll"],"picked":"All Out Attack","floor":3},{"not_picked":["Outmaneuver","Setup"],"picked":"PiercingWail","floor":5},{"not_picked":["Backflip","Backstab"],"picked":"After Image","floor":8},{"not_picked":["Deflect","Dash"],"picked":"Deadly Poison","floor":10},{"not_picked":["Deflect","Outmaneuver"],"picked":"Blade Dance","floor":11},{"not_picked":["Choke","Deflect"],"picked":"PiercingWail","floor":12},{"not_picked":["Skewer","Prepared"],"picked":"Blade Dance","floor":14},{"not_picked":["Bullet Time","Storm of Steel"],"picked":"Glass Knife","floor":17},{"not_picked":["Setup","Backflip"],"picked":"Footwork","floor":19},{"not_picked":["Bane","Leg Sweep"],"picked":"Predator","floor":21},{"not_picked":["Setup","Bane","Dagger Throw"],"picked":"SKIP","floor":22},{"not_picked":["Dagger Throw","Underhanded Strike","Reflex"],"picked":"SKIP","floor":23},{"not_picked":["Skewer","Eviscerate"],"picked":"Terror+1","floor":25},{"not_picked":["Infinite Blades","Grand Finale","Masterful Stab"],"picked":"SKIP","floor":29},{"not_picked":["Concentrate+1","Sucker Punch"],"picked":"Cloak And Dagger+1","floor":31},{"not_picked":["Doppelganger+1","Phantasmal Killer+1"],"picked":"Malaise+1","floor":34},{"not_picked":["Outmaneuver+1","Poisoned Stab"],"picked":"Crippling Poison+1","floor":36},{"not_picked":["Terror+1","Concentrate+1","Dagger Throw"],"picked":"SKIP","floor":40}],"player_experience":2332118,"relics_obtained":[{"floor":8,"key":"Regal Pillow"},{"floor":9,"key":"Lantern"},{"floor":25,"key":"Toxic Egg 2"},{"floor":29,"key":"Oddly Smooth Stone"}],"event_choices":[{"damage_healed":0,"gold_gain":0,"player_choice":"Take Wound","damage_taken":0,"relics_obtained":["Golden Idol"],"max_hp_gain":0,"max_hp_loss":0,"event_name":"Golden Idol","floor":2,"gold_loss":0,"cards_obtained":["Injury"]},{"damage_healed":0,"gold_gain":0,"player_choice":"Success","damage_taken":18,"relics_obtained":["Dota2Spire:MagicBottle"],"max_hp_gain":0,"max_hp_loss":0,"event_name":"Scrap Ooze","floor":4,"gold_loss":0},{"cards_removed":["Strike_G"],"damage_healed":0,"gold_gain":0,"player_choice":"Offered Basic","damage_taken":0,"max_hp_gain":0,"max_hp_loss":0,"event_name":"Bonfire Elementals","floor":7,"gold_loss":0},{"damage_healed":0,"gold_gain":0,"player_choice":"Simplicity","damage_taken":0,"max_hp_gain":0,"max_hp_loss":0,"event_name":"Back to Basics","floor":20,"gold_loss":0,"cards_upgraded":["Strike_G","Strike_G","Strike_G","Strike_G","Defend_G","Defend_G","Defend_G","Defend_G","Defend_G"]},{"damage_healed":0,"gold_gain":0,"player_choice":"Read","damage_taken":0,"max_hp_gain":0,"max_hp_loss":0,"event_name":"The Library","floor":26,"gold_loss":0,"cards_obtained":["Blade Dance"]},{"damage_healed":0,"gold_gain":333,"player_choice":"Gave Idol","damage_taken":0,"max_hp_gain":0,"max_hp_loss":0,"event_name":"The Moai Head","floor":38,"relics_lost":["Golden Idol"],"gold_loss":0},{"damage_healed":13,"gold_gain":0,"player_choice":"Writhe","damage_taken":0,"max_hp_gain":0,"max_hp_loss":0,"event_name":"Winding Halls","floor":39,"gold_loss":0,"cards_obtained":["Writhe"]}],"is_beta":false,"boss_relics":[{"not_picked":["Ectoplasm","Philosopher\u0027s Stone"],"picked":"Snecko Eye"},{"not_picked":["SacredBark","SlaversCollar"],"picked":"Black Star"}],"items_purged_floors":[30,32,37],"is_endless":false,"potions_floor_spawned":[5,8,11,19,29,34,36],"killed_by":"Giant Head","ascension_level":20}}