{"host":"vrsxkkch9ccrec7k","time":1611560634,"event":{"mods":["Act Like it!","BaseMod","Bestiary","Better Altar","Better Match","Better Note","Better Sensory Stone","Better Skull","Better Third Choice","Better Vampires","Downfall","Minty Spire (QoL Compilation)","Permanent Neow","Relic Stats","Spicy Shops","StSLib"],"gold_per_floor":[114,114,124,140,155,155,178,195,271,271,51,2,2,49,49,128,128,101,118,118,118,118],"floor_reached":21,"language":"ENG","playtime":919,"items_purged":["Doubt"],"score":321,"play_id":"fe13ee1d-6dc6-42ec-b4b3-1a9635dcc402","local_time":"20210125024354","is_ascension_mode":true,"campfire_choices":[{"floor":6,"key":"REST"},{"data":"Zap","floor":10,"key":"SMITH"},{"data":"Defragment","floor":13,"key":"SMITH"},{"data":"Defragment","floor":15,"key":"SMITH"}],"circlet_count":0,"master_deck":["AscendersBane","Strike_B","Strike_B","Defend_B","Defend_B","Defend_B","Defend_B","Zap+1","Dualcast","Sweeping Beam","Loop","Defragment+1","Doom and Gloom","Beam Cell","Sweeping Beam","Conserve Battery","Defragment+1","Meteor Strike","Go for the Eyes","Ball Lightning+1"],"relics":["Cracked Core","Odd Mushroom","Pear","DataDisk","betterThird:SlimedRelic","PreservedInsect","sneckomod:SneckoTalon","bronze:DecasWashers"],"acts_visited":["Exordium","TheCity"],"potions_floor_usage":[7,16,21,21],"damage_taken":[{"damage":0,"enemies":"2 Louse","floor":1,"turns":2},{"damage":7,"enemies":"Cultist","floor":3,"turns":4},{"damage":4,"enemies":"Jaw Worm","floor":4,"turns":4},{"damage":25,"enemies":"Red Slaver","floor":5,"turns":4},{"damage":5,"enemies":"The Mushroom Lair","floor":7,"turns":3},{"damage":16,"enemies":"Gremlin Gang","floor":8,"turns":3},{"damage":12,"enemies":"Hexaghost","floor":16,"turns":8},{"damage":22,"enemies":"2 Thieves","floor":18,"turns":4},{"damage":29,"enemies":"Shell Parasite","floor":19,"turns":4},{"damage":16,"enemies":"Shelled Parasite and Fungi","floor":21,"turns":3}],"seed_played":"8416188108479006483","potions_obtained":[{"floor":4,"key":"champ:CounterPotion"},{"floor":5,"key":"Fire Potion"},{"floor":8,"key":"CultistPotion"},{"floor":19,"key":"SpeedPotion"}],"is_trial":false,"path_per_floor":["M","?","M","M","M","R","?","M","T","R","$","?","R","T","R","B",null,"M","M","T","M"],"character_chosen":"DEFECT","items_purchased":["DataDisk","Defragment"],"campfire_rested":1,"item_purchase_floors":[11,11],"current_hp_per_floor":[64,64,57,53,28,49,44,28,38,38,38,27,27,27,27,15,65,43,14,14,0,0],"gold":118,"neow_bonus":"REMOVE_CARD","is_daily":false,"chose_seed":false,"campfire_upgraded":3,"win_rate":0.0,"timestamp":1611560634,"path_taken":["M","?","M","M","?","R","?","M","T","R","$","?","R","?","R","BOSS","M","M","?","M"],"items_purchased_type":["Relic","Card"],"build_version":"2020-12-22","purchased_purges":1,"victory":false,"max_hp_per_floor":[71,71,71,71,71,71,71,71,81,81,81,81,81,81,81,81,81,81,81,81,81,81],"relic_stats":{"counters":[10,39],"PreservedInsect":0,"obtain_stats":[{"DataDisk":11,"Pear":9,"betterThird:SlimedRelic":12,"bronze:DecasWashers":20,"PreservedInsect":14,"Odd Mushroom":7,"Cracked Core":0,"sneckomod:SneckoTalon":17},{"DataDisk":6,"Pear":6,"betterThird:SlimedRelic":6,"bronze:DecasWashers":9,"PreservedInsect":6,"Odd Mushroom":5,"Cracked Core":0,"sneckomod:SneckoTalon":7},{"DataDisk":20,"Pear":20,"betterThird:SlimedRelic":20,"bronze:DecasWashers":36,"PreservedInsect":20,"Odd Mushroom":17,"Cracked Core":0,"sneckomod:SneckoTalon":28}]},"card_choices":[{"not_picked":["Beam Cell","Compile Driver"],"picked":"Sweeping Beam","floor":1},{"not_picked":["Reinforced Body","Undo"],"picked":"Defragment","floor":3},{"not_picked":["Force Field","Heatsinks"],"picked":"Doom and Gloom","floor":4},{"not_picked":["Heatsinks","Streamline"],"picked":"Beam Cell","floor":5},{"not_picked":["Doom and Gloom","Streamline"],"picked":"Sweeping Beam","floor":7},{"not_picked":["Lockon","Redo"],"picked":"Conserve Battery","floor":8},{"not_picked":["Amplify","All For One"],"picked":"Meteor Strike","floor":16},{"not_picked":["Steam","Scrape"],"picked":"Go for the Eyes","floor":18},{"not_picked":["Compile Driver","Stack"],"picked":"Ball Lightning+1","floor":19}],"player_experience":1729545,"relics_obtained":[{"floor":7,"key":"Odd Mushroom"},{"floor":9,"key":"Pear"},{"floor":14,"key":"PreservedInsect"},{"floor":20,"key":"bronze:DecasWashers"}],"event_choices":[{"damage_healed":0,"gold_gain":0,"cards_transformed":["Strike_B"],"player_choice":"Transformed","damage_taken":0,"max_hp_gain":0,"max_hp_loss":0,"event_name":"Transmorgrifier","floor":2,"gold_loss":0,"cards_obtained":["Loop"]},{"damage_healed":0,"gold_gain":0,"player_choice":"Fought Mushrooms","damage_taken":0,"max_hp_gain":0,"max_hp_loss":0,"event_name":"Mushrooms","floor":7,"gold_loss":0},{"damage_healed":0,"gold_gain":0,"player_choice":"Slimed","damage_taken":11,"max_hp_gain":0,"max_hp_loss":0,"event_name":"betterThird:BetterGoop","floor":12,"gold_loss":49}],"is_beta":false,"boss_relics":[{"not_picked":["Inserter","FrozenCore"],"picked":"sneckomod:SneckoTalon"}],"items_purged_floors":[11],"is_endless":false,"potions_floor_spawned":[4,5,8,19],"killed_by":"Shelled Parasite and Fungi","ascension_level":18}}