{"host":"xmr2g8b7eju0288o","time":1611559120,"event":{"mods":["AchievementEnabler","BaseMod","Colored Map","Colored Powertips","Minty Spire (QoL Compilation)","Quick Restart","StSLib","SuperFastMode"],"gold_per_floor":[118,118,130,130,130,144,144,167,167,167,21,55,69,84,84,209,209,223,223,223,223],"floor_reached":20,"language":"KOR","playtime":442,"items_purged":[],"score":243,"play_id":"3a62cdba-0f14-4fd4-b532-fd5d4887838e","local_time":"20210125161840","is_ascension_mode":true,"campfire_choices":[{"data":"Backstab","floor":7.0,"key":"SMITH"},{"data":"Infinite Blades","floor":10.0,"key":"SMITH"},{"floor":15.0,"key":"REST"}],"circlet_count":0,"master_deck":["Defend_G","Defend_G","Defend_G","Defend_G","Defend_G","Survivor","Neutralize","Infinite Blades+1","Regret","Backstab+1","Flying Knee","Expertise+1","Blade Dance+1","Prepared+1","Backflip+1","Envenom","Prepared+1","Bite","Bite","Bite","Bite","Bite"],"relics":["Ring of the Snake","NeowsBlessing","InkBottle","Golden Idol","Toxic Egg 2","Gremlin Horn","Sling","Peace Pipe","Black Star"],"acts_visited":["Exordium","TheCity"],"potions_floor_usage":[],"damage_taken":[{"damage":0.0,"enemies":"Small Slimes","floor":1.0,"turns":1.0},{"damage":0.0,"enemies":"Jaw Worm","floor":3.0,"turns":1.0},{"damage":0.0,"enemies":"Cultist","floor":6.0,"turns":1.0},{"damage":9.0,"enemies":"Exordium Wildlife","floor":8.0,"turns":4.0},{"damage":32.0,"enemies":"Lagavulin","floor":12.0,"turns":5.0},{"damage":5.0,"enemies":"2 Fungi Beasts","floor":13.0,"turns":3.0},{"damage":0.0,"enemies":"Large Slime","floor":14.0,"turns":3.0},{"damage":19.0,"enemies":"Slime Boss","floor":16.0,"turns":7.0},{"damage":28,"enemies":"Shell Parasite","floor":18,"turns":8},{"damage":43,"enemies":"3 Byrds","floor":20,"turns":5}],"seed_played":"97917718489125982","potions_obtained":[{"floor":1.0,"key":"AttackPotion"},{"floor":12.0,"key":"Strength Potion"}],"is_trial":false,"path_per_floor":["M","?","M","?","?","M","R","M","T","R","$","E","M","M","R","B",null,"M","?","M"],"character_chosen":"THE_SILENT","items_purchased":["Sling"],"campfire_rested":1,"item_purchase_floors":[11],"current_hp_per_floor":[70,70,70,53,53,53,53,44,44,44,44,12,7,7,28,9,55,27,27,0,0],"gold":223,"neow_bonus":"THREE_ENEMY_KILL","is_daily":false,"chose_seed":false,"campfire_upgraded":2,"win_rate":0.0,"timestamp":1611559120,"path_taken":["M","?","M","?","?","M","R","?","T","R","$","E","M","M","R","BOSS","M","?","M"],"items_purchased_type":["Relic"],"build_version":"2020-12-22","purchased_purges":0,"victory":false,"max_hp_per_floor":[70,70,70,70,70,70,70,70,70,70,70,70,70,70,70,70,70,70,49,49,49],"card_choices":[{"not_picked":["Escape Plan","Outmaneuver"],"picked":"Infinite Blades","floor":1.0},{"not_picked":["Prepared","Dodge and Roll"],"picked":"Backstab","floor":3.0},{"not_picked":["Slice","Distraction+1"],"picked":"Flying Knee","floor":6.0},{"not_picked":["Concentrate+1","Tools of the Trade"],"picked":"Expertise+1","floor":8.0},{"not_picked":["Leg Sweep+1","Sucker Punch"],"picked":"Blade Dance+1","floor":12.0},{"not_picked":["Flying Knee","Burst+1"],"picked":"Prepared+1","floor":13.0},{"not_picked":["Acrobatics+1","Setup+1"],"picked":"Backflip+1","floor":14.0},{"not_picked":["Tools of the Trade","A Thousand Cuts"],"picked":"Envenom","floor":16.0},{"not_picked":["Outmaneuver+1","Choke"],"picked":"Prepared+1","floor":18}],"player_experience":192257,"relics_obtained":[{"floor":9.0,"key":"Gremlin Horn"},{"floor":12.0,"key":"Peace Pipe"}],"event_choices":[{"damage_healed":0.0,"max_hp_gain":0.0,"max_hp_loss":0.0,"gold_gain":0.0,"event_name":"Big Fish","player_choice":"Box","floor":2.0,"gold_loss":0.0,"damage_taken":0.0,"relics_obtained":["InkBottle"],"cards_obtained":["Regret"]},{"damage_healed":0.0,"max_hp_gain":0.0,"max_hp_loss":0.0,"gold_gain":0.0,"event_name":"Golden Idol","player_choice":"Take Damage","floor":4.0,"gold_loss":0.0,"damage_taken":17.0,"relics_obtained":["Golden Idol"]},{"damage_healed":0.0,"max_hp_gain":0.0,"max_hp_loss":0.0,"gold_gain":0.0,"event_name":"WeMeetAgain","player_choice":"Gave Potion","floor":5.0,"gold_loss":0.0,"damage_taken":0.0,"relics_obtained":["Toxic Egg 2"]},{"damage_healed":0,"gold_gain":0,"player_choice":"Became a vampire","damage_taken":0,"max_hp_gain":0,"max_hp_loss":21,"event_name":"Vampires","floor":19,"gold_loss":0,"cards_obtained":["Bite","Bite","Bite","Bite","Bite"]}],"is_beta":false,"boss_relics":[{"not_picked":["Empty Cage","Runic Pyramid"],"picked":"Black Star"}],"items_purged_floors":[],"is_endless":false,"potions_floor_spawned":[1,12],"killed_by":"3 Byrds","ascension_level":5}}