{"host":"39i3emxub3h8uyq3","time":1611533263,"event":{"mods":["AchievementEnabler","BaseMod","Clockwork Mod","Colored Map","Downfall","Glutton Mod","Gold Saver","Minty Spire (QoL Compilation)","StSLib","TheHeartMod"],"gold_per_floor":[529,205,205,169,169,200,200,218,243,256,256,277,277,302,302,427,427,443,75,89,104,120,120,138,138,138,138,138],"floor_reached":27,"language":"ENG","playtime":1757,"items_purged":["Regret"],"score":215,"play_id":"81f639c0-109e-43a3-aa3c-3a4b07bcc478","local_time":"20210124190743","is_ascension_mode":false,"campfire_choices":[{"floor":7.0,"key":"REST"},{"data":"Inflame","floor":11.0,"key":"SMITH"},{"floor":15.0,"key":"REST"},{"floor":23,"key":"REST"},{"floor":25,"key":"REST"}],"circlet_count":0,"master_deck":["Strike_R","Strike_R","Strike_R","Strike_R","Strike_R","Defend_R","Defend_R","Defend_R","Defend_R","Bash","Twin Strike","Inflame+1","Metallicize","Injury","Infernal Blade","Wild Strike","Whirlwind","Shrug It Off","Fiend Fire","Armaments","Demon Form","Dropkick+1","Anger","Heavy Blade+1","Rampage+1","Shockwave+1"],"relics":["Black Blood","Orichalcum","OrangePellets","Happy Flower","Golden Idol","Anchor","MealTicket","StoneCalendar","Magic Flower"],"acts_visited":["Exordium","TheCity"],"potions_floor_usage":[21,21,27],"damage_taken":[{"damage":0.0,"enemies":"Cultist","floor":1.0,"turns":3.0},{"damage":35.0,"enemies":"Lagavulin","floor":6.0,"turns":9.0},{"damage":0.0,"enemies":"2 Louse","floor":8.0,"turns":2.0},{"damage":0.0,"enemies":"Small Slimes","floor":10.0,"turns":3.0},{"damage":25.0,"enemies":"Gremlin Gang","floor":12.0,"turns":4.0},{"damage":2.0,"enemies":"2 Fungi Beasts","floor":14.0,"turns":4.0},{"damage":69.0,"enemies":"Slime Boss","floor":16.0,"turns":14.0},{"damage":6,"enemies":"Chosen","floor":18,"turns":5},{"damage":34,"enemies":"3 Byrds","floor":20,"turns":6},{"damage":40,"enemies":"3 Cultists","floor":21,"turns":6},{"damage":22,"enemies":"Centurion and Healer","floor":22,"turns":7},{"damage":14,"enemies":"Snecko","floor":24,"turns":5},{"damage":66,"enemies":"Gremlin Leader","floor":27,"turns":4}],"seed_played":"3548208309023767882","potions_obtained":[{"floor":6.0,"key":"FearPotion"},{"floor":10.0,"key":"Ancient Potion"},{"floor":14.0,"key":"sneckomod:MuddlingPotion"},{"floor":18,"key":"Block Potion"},{"floor":24,"key":"CultistPotion"}],"is_trial":false,"path_per_floor":["M","$","?","$","?","E","R","M","T","M","R","M","?","M","R","B",null,"M","$","M","M","M","R","M","R","T","E"],"character_chosen":"IRONCLAD","items_purchased":["Inflame","OrangePellets","Happy Flower","Metallicize","StoneCalendar"],"campfire_rested":4,"item_purchase_floors":[2,2,2,4,19],"current_hp_per_floor":[80,80,80,80,80,51,75,80,80,80,80,61,61,65,80,17,80,80,80,58,30,20,44,42,66,66,0,0],"gold":138,"neow_bonus":"RANDOM_COMMON_RELIC","is_daily":false,"chose_seed":false,"campfire_upgraded":1,"win_rate":0.0,"timestamp":1611533263,"path_taken":["M","$","?","$","?","E","R","M","T","M","R","M","?","M","R","BOSS","M","$","?","M","M","R","M","R","T","E"],"items_purchased_type":["Card","Relic","Relic","Card","Relic"],"build_version":"2020-12-22","purchased_purges":1,"victory":false,"max_hp_per_floor":[80,80,80,80,80,80,80,80,80,80,80,80,80,80,80,80,80,80,80,80,80,80,80,80,80,80,80,80],"card_choices":[{"not_picked":["Dropkick","Flex"],"picked":"Twin Strike","floor":1.0},{"not_picked":["Twin Strike","Combust"],"picked":"Infernal Blade","floor":6.0},{"not_picked":["Rupture","Ghostly Armor"],"picked":"Wild Strike","floor":8.0},{"not_picked":["Disarm","Twin Strike"],"picked":"Whirlwind","floor":10.0},{"not_picked":["Dark Embrace","Sever Soul"],"picked":"Shrug It Off","floor":12.0},{"not_picked":["Flex","Rupture"],"picked":"Armaments","floor":14.0},{"not_picked":["Bludgeon","Barricade"],"picked":"Demon Form","floor":16.0},{"not_picked":["Feel No Pain","Seeing Red"],"picked":"Dropkick+1","floor":18},{"not_picked":["Combust","Heavy Blade"],"picked":"Anger","floor":20},{"not_picked":["Rampage","Warcry"],"picked":"Heavy Blade+1","floor":21},{"not_picked":["Shrug It Off","Anger"],"picked":"Rampage+1","floor":22},{"not_picked":["Disarm","Flex+1"],"picked":"Shockwave+1","floor":24}],"player_experience":45233,"relics_obtained":[{"floor":6.0,"key":"Anchor"},{"floor":9.0,"key":"MealTicket"},{"floor":26,"key":"Magic Flower"}],"event_choices":[{"damage_healed":0.0,"max_hp_gain":0.0,"max_hp_loss":0.0,"gold_gain":0.0,"event_name":"Golden Wing","player_choice":"Ignored","floor":3.0,"gold_loss":0.0,"damage_taken":0.0},{"damage_healed":0.0,"max_hp_gain":0.0,"max_hp_loss":0.0,"gold_gain":0.0,"event_name":"Golden Idol","player_choice":"Take Wound","floor":5.0,"gold_loss":0.0,"damage_taken":0.0,"relics_obtained":["Golden Idol"],"cards_obtained":["Injury"]},{"damage_healed":0.0,"max_hp_gain":0.0,"max_hp_loss":0.0,"gold_gain":0.0,"event_name":"Match and Keep!","player_choice":"2 cards matched","floor":13.0,"gold_loss":0.0,"damage_taken":0.0,"cards_obtained":["Fiend Fire","Regret"]}],"is_beta":false,"boss_relics":[{"not_picked":["SlaversCollar","Cursed Key"],"picked":"Black Blood"}],"items_purged_floors":[19],"is_endless":false,"potions_floor_spawned":[6,10,14,16,18,24],"killed_by":"Gremlin Leader","ascension_level":0}}