{"host":"t7mx8yfj1no5p62f","time":1611597413,"event":{"mods":["BaseMod","Bestiary","Colored Map","Colored Powertips","Minty Spire (QoL Compilation)","Relic Stats","StSLib","ojb\u0027s Info Mod"],"gold_per_floor":[110,110,110,130,130,165,165,199,199,217,2,27,39,59,59,130,130,88,98,110,124,35,35,35,35],"floor_reached":24,"language":"ENG","playtime":1296,"items_purged":["Pain"],"score":486,"play_id":"49dda455-1ee5-4bfb-8cf1-dff8ba0190ba","local_time":"20210125125653","is_ascension_mode":true,"campfire_choices":[{"data":"Uppercut","floor":7.0,"key":"SMITH"},{"data":"Feel No Pain","floor":15.0,"key":"SMITH"},{"data":"Dark Embrace","floor":23,"key":"SMITH"}],"circlet_count":0,"master_deck":["AscendersBane","Strike_R+1","Strike_R","Defend_R","Defend_R+1","Defend_R","Defend_R","Bash","Uppercut+1","Anger","Twin Strike","Second Wind","PanicButton","Dropkick","Feel No Pain+1","Reaper","Sentinel+1","Feel No Pain+1","Juggernaut+1","Power Through","Shrug It Off+1","Ghostly Armor","Dark Embrace+1"],"relics":["Burning Blood","NeowsBlessing","Sundial","WarpedTongs","Bronze Scales","Gremlin Horn","Singing Bowl","InkBottle","Astrolabe"],"acts_visited":["Exordium","TheCity"],"potions_floor_usage":[24,24,24,24],"damage_taken":[{"damage":0.0,"enemies":"Cultist","floor":1.0,"turns":1.0},{"damage":0.0,"enemies":"Small Slimes","floor":4.0,"turns":1.0},{"damage":0.0,"enemies":"3 Sentries","floor":6.0,"turns":1.0},{"damage":8.0,"enemies":"Gremlin Nob","floor":8.0,"turns":3.0},{"damage":5.0,"enemies":"2 Louse","floor":10.0,"turns":2.0},{"damage":7.0,"enemies":"Lagavulin","floor":12.0,"turns":6.0},{"damage":5.0,"enemies":"Gremlin Gang","floor":13.0,"turns":3.0},{"damage":6.0,"enemies":"Looter","floor":14.0,"turns":3.0},{"damage":29.0,"enemies":"Slime Boss","floor":16.0,"turns":12.0},{"damage":12.0,"enemies":"2 Thieves","floor":18.0,"turns":5.0},{"damage":40.0,"enemies":"Spheric Guardian","floor":19.0,"turns":6.0},{"damage":24.0,"enemies":"Snake Plant","floor":20.0,"turns":5.0},{"damage":1,"enemies":"Centurion and Healer","floor":21,"turns":15},{"damage":52,"enemies":"Book of Stabbing","floor":24,"turns":5}],"seed_played":"8879602130465344357","potions_obtained":[{"floor":4.0,"key":"EntropicBrew"},{"floor":6.0,"key":"FearPotion"},{"floor":13.0,"key":"EntropicBrew"},{"floor":19.0,"key":"BloodPotion"}],"is_trial":false,"path_per_floor":["M","T","?","M","?","E","R","E","T","M","$","E","M","M","R","B",null,"M","M","M","M","$","R","E"],"character_chosen":"IRONCLAD","items_purchased":["Second Wind","PanicButton","Dark Embrace"],"campfire_rested":0,"item_purchase_floors":[11,11,22],"current_hp_per_floor":[74,74,51,57,57,63,63,61,61,64,64,63,66,66,66,43,70,64,32,14,29,29,29,0,0],"gold":35,"neow_bonus":"THREE_ENEMY_KILL","is_daily":false,"chose_seed":false,"campfire_upgraded":3,"win_rate":0.0,"timestamp":1611597413,"path_taken":["M","?","?","M","?","E","R","E","T","M","$","E","M","M","R","BOSS","M","M","?","M","$","R","E"],"items_purchased_type":["Card","Card","Card"],"build_version":"2020-12-22","purchased_purges":1,"victory":false,"max_hp_per_floor":[75,75,75,75,75,75,75,75,75,77,77,77,79,79,79,79,79,79,81,81,81,81,81,81,81],"relic_stats":{"Gremlin Horn":[9,9],"Singing Bowl":6,"counters":[14,68],"Sundial":[8],"Bronze Scales":[123],"Astrolabe":["Sentinel","Feel No Pain","Juggernaut"],"obtain_stats":[{"NeowsBlessing":0,"Gremlin Horn":8,"Singing Bowl":9,"Sundial":2,"Bronze Scales":6,"Astrolabe":17,"Burning Blood":0,"InkBottle":12,"WarpedTongs":5},{"NeowsBlessing":0,"Gremlin Horn":4,"Singing Bowl":4,"Sundial":1,"Bronze Scales":3,"Astrolabe":9,"Burning Blood":0,"InkBottle":6,"WarpedTongs":2},{"NeowsBlessing":0,"Gremlin Horn":6,"Singing Bowl":6,"Sundial":1,"Bronze Scales":3,"Astrolabe":32,"Burning Blood":0,"InkBottle":14,"WarpedTongs":2}],"Burning Blood":78,"InkBottle":[13],"WarpedTongs":[60]},"card_choices":[{"not_picked":["Clothesline","Armaments"],"picked":"Uppercut","floor":1.0},{"not_picked":["Wild Strike","Thunderclap","Armaments"],"picked":"SKIP","floor":4.0},{"not_picked":["Havoc","Twin Strike"],"picked":"Anger","floor":6.0},{"not_picked":["Havoc","Iron Wave"],"picked":"Twin Strike","floor":8.0},{"not_picked":["Armaments","Reckless Charge","Seeing Red"],"picked":"Singing Bowl","floor":10.0},{"not_picked":["Feel No Pain","Ghostly Armor"],"picked":"Dropkick","floor":12.0},{"not_picked":["Rupture","Iron Wave","Armaments"],"picked":"Singing Bowl","floor":13.0},{"not_picked":["Demon Form","Armaments"],"picked":"Feel No Pain","floor":14.0},{"not_picked":["Barricade","Berserk"],"picked":"Reaper","floor":16.0},{"not_picked":["Shrug It Off","Fire Breathing"],"picked":"Power Through","floor":18.0},{"not_picked":["Armaments","Entrench","Headbutt"],"picked":"Singing Bowl","floor":19.0},{"not_picked":["Cleave","Seeing Red"],"picked":"Shrug It Off+1","floor":20.0},{"not_picked":["Combust","Whirlwind"],"picked":"Ghostly Armor","floor":21}],"player_experience":1855893,"relics_obtained":[{"floor":2.0,"key":"Sundial"},{"floor":6.0,"key":"Bronze Scales"},{"floor":8.0,"key":"Gremlin Horn"},{"floor":9.0,"key":"Singing Bowl"},{"floor":12.0,"key":"InkBottle"}],"event_choices":[{"damage_healed":0.0,"max_hp_gain":0.0,"max_hp_loss":0.0,"gold_gain":0.0,"event_name":"Shining Light","player_choice":"Entered Light","floor":3.0,"gold_loss":0.0,"damage_taken":23.0,"cards_upgraded":["Defend_R","Strike_R"]},{"damage_healed":0.0,"max_hp_gain":0.0,"max_hp_loss":0.0,"gold_gain":0.0,"event_name":"Accursed Blacksmith","player_choice":"Rummage","floor":5.0,"gold_loss":0.0,"damage_taken":0.0,"relics_obtained":["WarpedTongs"],"cards_obtained":["Pain"]}],"is_beta":false,"boss_relics":[{"not_picked":["Pandora\u0027s Box","Calling Bell"],"picked":"Astrolabe"}],"items_purged_floors":[11],"is_endless":false,"potions_floor_spawned":[4,6,13,16,19],"killed_by":"Book of Stabbing","ascension_level":20}}