{"host":"i4vlfbz13gs2xtdj","time":1611616998,"event":{"mods":["2.2 Compatiblity","AchievementEnabler","Act Like it!","Aspiration","BaseMod","Better Altar","Better Match","Better Note","Better Sensory Stone","Better Skull","Better Third Choice","BetterRewards","Colored Map","Elementarium","Energized Spire","Fox Events","Friendly Minions","GifTheSpireLib","Halation","Hubris","Infinite Spire","Jedi Mod","Minty Spire (QoL Compilation)","Pale of the Ancients","Potionbrewer","Replay The Spire","Shop Mod","Somnambulant","Spikes Relics","StSLib","Stuff the Spire","The Jungle","The Marked","The Sage","Trackpad"],"gold_per_floor":[116,129,129,149,149,181,201,214,214,214,239,239,264,279,279,391,391,414,427,427,450,450,450,490,490,516,550,20,43,43,50,50],"floor_reached":31,"language":"ENG","playtime":4499,"items_purged":[],"score":302,"play_id":"8d80a99e-db31-426a-978e-ac2600838eb3","local_time":"20210125182318","is_ascension_mode":false,"campfire_choices":[{"data":"Eruption","floor":10,"key":"SMITH"},{"data":"FollowUp","floor":12,"key":"SMITH"},{"data":"Vigilance","floor":15,"key":"SMITH"},{"data":"Fasting2","floor":23,"key":"SMITH"},{"floor":30,"key":"REST"}],"circlet_count":0,"master_deck":["Defend_P","Defend_P","Defend_P","Defend_P","Eruption+1","Vigilance+1","FollowUp+1","Prostrate+1","Replay:Cycle+1","ClearTheMind+1","EmptyBody+1","Replay:Hum+1","ForeignInfluence+1","Scrawl+1","Fasting2+1","Replay:AtTheReady+1","BowlingBash","Bite","Bite","Bite","Bite","Bite","Sanctity+1","Pray+1","Flash of Steel","PathToVictory+1"],"relics":["PureWater","NeowsBlessing","Toxic Egg 2","halation:IllGainedPizza","Pantograph","jedi:shrinkray","energizedSpire:BlackCloud","Anchor","trackpad:IceCube","aspiration:Stabinomicon","potionbrewer:DrinkingBird","MerchantsRug"],"acts_visited":["Exordium","TheCity"],"potions_floor_usage":[16,16,18,24,29],"damage_taken":[{"damage":0,"enemies":"Small Slimes","floor":1,"turns":1},{"damage":0,"enemies":"Jaw Worm","floor":2,"turns":1},{"damage":0,"enemies":"Cultist","floor":4,"turns":1},{"damage":33,"enemies":"3 Sentries","floor":6,"turns":12},{"damage":8,"enemies":"Exordium Wildlife","floor":7,"turns":3},{"damage":3,"enemies":"Red Slaver","floor":8,"turns":4},{"damage":8,"enemies":"Gremlin Gang","floor":13,"turns":7},{"damage":0,"enemies":"2 Fungi Beasts","floor":14,"turns":3},{"damage":43,"enemies":"Slime Boss","floor":16,"turns":10},{"damage":21,"enemies":"Shell Parasite","floor":18,"turns":6},{"damage":0,"enemies":"Chosen","floor":19,"turns":4},{"damage":16,"enemies":"Shelled Parasite and Fungi","floor":21,"turns":4},{"damage":19,"enemies":"Slavers","floor":24,"turns":5},{"damage":21,"enemies":"Book of Stabbing","floor":27,"turns":4},{"damage":0,"enemies":"Snake Plant","floor":29,"turns":3},{"damage":52,"enemies":"Cultist and Chosen","floor":31,"turns":6}],"seed_played":"8925318859617578634","potions_obtained":[{"floor":4,"key":"Elixir"},{"floor":8,"key":"potionbrewer:AcidPotion"},{"floor":13,"key":"PowerPotion"},{"floor":14,"key":"Regen Potion"},{"floor":16,"key":"Energy Potion"},{"floor":27,"key":"Fire Potion"},{"floor":29,"key":"potionbrewer:DiscountPotion"}],"is_trial":false,"path_per_floor":["M","M","?","M","?","E","M","M","T","R","T","R","M","M","R","B",null,"M","M","?","M","?","R","E","T","T","E","$","M","R","M"],"character_chosen":"WATCHER","items_purchased":["Flash of Steel","potionbrewer:DrinkingBird","MerchantsRug"],"campfire_rested":1,"item_purchase_floors":[28,28,28],"current_hp_per_floor":[72,72,72,72,72,39,31,28,28,28,28,28,20,20,20,11,72,51,51,51,35,35,35,20,20,20,9,9,11,26,0,0],"gold":50,"neow_bonus":"THREE_ENEMY_KILL","is_daily":false,"chose_seed":false,"campfire_upgraded":4,"win_rate":0.0,"timestamp":1611616998,"path_taken":["M","M","?","M","?","E","?","M","T","R","?","R","?","?","R","BOSS","M","M","?","?","?","R","E","?","T","E","$","M","R","M"],"items_purchased_type":["Card","Relic","Relic"],"build_version":"2020-12-22","purchased_purges":0,"victory":false,"max_hp_per_floor":[72,72,72,72,72,72,72,72,72,72,72,72,72,72,72,72,72,72,72,72,72,50,50,50,50,50,50,50,50,50,50,50],"card_choices":[{"not_picked":["Vengeance","Adaptation"],"picked":"FollowUp","floor":1},{"not_picked":["Replay:Battleflow","Consecrate","Crescendo"],"picked":"SKIP","floor":2},{"not_picked":["SandsOfTime","Fasting2"],"picked":"Prostrate+1","floor":4},{"not_picked":["Establishment","Fasting2"],"picked":"Replay:Cycle+1","floor":6},{"not_picked":["Replay:AtTheReady+1","WheelKick"],"picked":"ClearTheMind+1","floor":7},{"not_picked":["Wireheading","Perseverance+1"],"picked":"EmptyBody+1","floor":8},{"not_picked":["TalkToTheHand","Protect+1"],"picked":"Replay:Hum+1","floor":13},{"not_picked":["CutThroughFate","SashWhip"],"picked":"ForeignInfluence+1","floor":14},{"not_picked":["Blasphemy+1","Replay:AllIn+1"],"picked":"Scrawl+1","floor":16},{"not_picked":["EmptyFist+1","Protect+1"],"picked":"Fasting2","floor":18},{"not_picked":["Nirvana","FlyingSleeves"],"picked":"Replay:AtTheReady+1","floor":19},{"not_picked":["Prostrate+1","EmptyBody+1"],"picked":"BowlingBash","floor":21},{"not_picked":["Protect+1","Replay:AtTheReady+1"],"picked":"Sanctity+1","floor":24},{"not_picked":["Wireheading","Worship+1"],"picked":"Pray+1","floor":27},{"not_picked":["CutThroughFate","DeusExMachina+1"],"picked":"PathToVictory+1","floor":29}],"player_experience":212897,"relics_obtained":[{"floor":6,"key":"halation:IllGainedPizza"},{"floor":9,"key":"Pantograph"},{"floor":11,"key":"jedi:shrinkray"},{"floor":24,"key":"Anchor"},{"floor":26,"key":"trackpad:IceCube"},{"floor":27,"key":"aspiration:Stabinomicon"}],"event_choices":[{"cards_removed":["Injury"],"damage_healed":0,"gold_gain":0,"player_choice":"Purged","damage_taken":0,"max_hp_gain":0,"max_hp_loss":0,"event_name":"Purifier","floor":5,"gold_loss":0},{"cards_removed":["Replay:Hum"],"damage_healed":0,"gold_gain":0,"player_choice":"Give","damage_taken":0,"max_hp_gain":0,"max_hp_loss":0,"event_name":"betterNote:BetterNote","floor":20,"gold_loss":0,"cards_obtained":["None"]},{"damage_healed":0,"gold_gain":0,"player_choice":"Became a vampire","damage_taken":0,"max_hp_gain":0,"max_hp_loss":22,"event_name":"Vampires","floor":22,"gold_loss":0,"cards_obtained":["Bite","Bite","Bite","Bite","Bite"]}],"is_beta":false,"boss_relics":[{"not_picked":["aspiration:IroncladSkillbook","energizedSpire:StickyHand"],"picked":"energizedSpire:BlackCloud"}],"items_purged_floors":[],"is_endless":false,"potions_floor_spawned":[4,8,13,14,16,27,29],"killed_by":"Cultist and Chosen","ascension_level":0}}