{"host":"y76clbnovzmw9ubx","time":1611579757,"event":{"mods":["AchievementEnabler","BaseMod","Minty Spire (QoL Compilation)","Permanent Neow","Relic Stats"],"gold_per_floor":[360,360,3,3,22,53,53,86,158,158,174,34,51,66,66,144,144,161,76,95,109,109,109,135,9,9,9,9],"floor_reached":27,"language":"ENG","playtime":1485,"items_purged":["Writhe"],"score":482,"play_id":"92e089ba-a944-47fd-bfb8-9334765c6c87","local_time":"20210125080237","is_ascension_mode":true,"campfire_choices":[{"floor":7,"key":"REST"},{"floor":10,"key":"REST"},{"floor":15,"key":"REST"},{"floor":23,"key":"REST"}],"circlet_count":0,"master_deck":["AscendersBane","Strike_G","Strike_G","Strike_G","Strike_G","Defend_G","Defend_G+1","Defend_G","Defend_G+1","Defend_G","Survivor","Neutralize","Dagger Spray","Skewer","Endless Agony","Poisoned Stab","Secret Weapon","Deflect","Deadly Poison","Dodge and Roll","Leg Sweep","Cloak And Dagger","Deadly Poison","Bouncing Flask","Venomology","Infinite Blades","Noxious Fumes","Cloak And Dagger","Backflip","PiercingWail"],"relics":["Ring of the Snake","Orrery","Ancient Tea Set","Gremlin Horn","Letter Opener","Fusion Hammer","InkBottle","Bird Faced Urn","Nunchaku","Toy Ornithopter"],"acts_visited":["Exordium","TheCity"],"potions_floor_usage":[16,24,27,27,27],"damage_taken":[{"damage":2,"enemies":"2 Louse","floor":1,"turns":4},{"damage":1,"enemies":"Jaw Worm","floor":5,"turns":3},{"damage":16,"enemies":"3 Sentries","floor":6,"turns":8},{"damage":32,"enemies":"Gremlin Nob","floor":8,"turns":4},{"damage":0,"enemies":"Cultist","floor":11,"turns":2},{"damage":9,"enemies":"Exordium Wildlife","floor":13,"turns":6},{"damage":0,"enemies":"Looter","floor":14,"turns":2},{"damage":17,"enemies":"The Guardian","floor":16,"turns":10},{"damage":9,"enemies":"Chosen","floor":18,"turns":4},{"damage":10,"enemies":"Spheric Guardian","floor":20,"turns":4},{"damage":6,"enemies":"Snake Plant","floor":21,"turns":4},{"damage":27,"enemies":"Slavers","floor":24,"turns":5},{"damage":39,"enemies":"Book of Stabbing","floor":27,"turns":5}],"seed_played":"6342584024731914571","potions_obtained":[{"floor":8,"key":"Weak Potion"},{"floor":11,"key":"Ancient Potion"},{"floor":13,"key":"Energy Potion"},{"floor":20,"key":"DuplicationPotion"}],"is_trial":false,"path_per_floor":["M","?","$","?","M","E","R","E","T","R","M","$","M","M","R","B",null,"M","?","M","M","?","R","E","$","T","E"],"character_chosen":"THE_SILENT","items_purchased":["Orrery","Secret Weapon","Leg Sweep","Cloak And Dagger","PiercingWail"],"campfire_rested":4,"item_purchase_floors":[3,3,12,12,25],"current_hp_per_floor":[57,50,50,32,31,15,33,1,1,19,19,19,10,10,28,11,48,39,39,29,23,23,41,18,18,18,0,0],"gold":9,"neow_bonus":"TWO_FIFTY_GOLD","is_daily":false,"chose_seed":false,"campfire_upgraded":0,"win_rate":0.0,"timestamp":1611579757,"path_taken":["M","?","$","?","M","E","R","E","T","R","M","$","M","M","R","BOSS","M","?","M","M","?","R","E","?","T","E"],"items_purchased_type":["Relic","Card","Card","Card","Card"],"build_version":"2020-12-22","purchased_purges":1,"victory":false,"max_hp_per_floor":[60,60,60,60,60,60,60,60,60,60,60,60,60,60,60,60,60,60,60,60,60,60,60,60,60,60,60,60],"relic_stats":{"Nunchaku":[1],"Gremlin Horn":[3,3],"counters":[13,61],"Bird Faced Urn":[8],"Letter Opener":[70],"obtain_stats":[{"Nunchaku":24,"Gremlin Horn":8,"Bird Faced Urn":22,"Orrery":3,"Fusion Hammer":17,"Letter Opener":9,"Ancient Tea Set":6,"InkBottle":19,"Toy Ornithopter":26,"Ring of the Snake":0},{"Nunchaku":12,"Gremlin Horn":4,"Bird Faced Urn":11,"Orrery":1,"Fusion Hammer":8,"Letter Opener":4,"Ancient Tea Set":3,"InkBottle":9,"Toy Ornithopter":12,"Ring of the Snake":0},{"Nunchaku":56,"Gremlin Horn":19,"Bird Faced Urn":51,"Orrery":4,"Fusion Hammer":39,"Letter Opener":19,"Ancient Tea Set":15,"InkBottle":43,"Toy Ornithopter":56,"Ring of the Snake":0}],"InkBottle":[8],"Toy Ornithopter":15,"Ring of the Snake":[27]},"card_choices":[{"not_picked":["Deflect","Acrobatics"],"picked":"Dagger Spray","floor":1},{"not_picked":["Terror","Storm of Steel"],"picked":"Skewer","floor":3},{"not_picked":["PiercingWail","Choke"],"picked":"Endless Agony","floor":3},{"not_picked":["Storm of Steel","Prepared"],"picked":"Poisoned Stab","floor":3},{"not_picked":["Accuracy","Flying Knee"],"picked":"Deflect","floor":5},{"not_picked":["Masterful Stab","Dash"],"picked":"Deadly Poison","floor":6},{"not_picked":["Bane","Quick Slash","Expertise"],"picked":"SKIP","floor":8},{"not_picked":["Tools of the Trade","Underhanded Strike"],"picked":"Dodge and Roll","floor":11},{"not_picked":["Deflect","Calculated Gamble"],"picked":"Deadly Poison","floor":13},{"not_picked":["Poisoned Stab","Tools of the Trade"],"picked":"Bouncing Flask","floor":14},{"not_picked":["Die Die Die","Glass Knife"],"picked":"Venomology","floor":16},{"not_picked":["Backflip","Outmaneuver+1"],"picked":"Infinite Blades","floor":18},{"not_picked":["Poisoned Stab","Blade Dance"],"picked":"Noxious Fumes","floor":20},{"not_picked":["Outmaneuver","Blade Dance"],"picked":"Cloak And Dagger","floor":21},{"not_picked":["Acrobatics","Bane"],"picked":"Backflip","floor":24}],"player_experience":3126992,"relics_obtained":[{"floor":6,"key":"Ancient Tea Set"},{"floor":8,"key":"Gremlin Horn"},{"floor":9,"key":"Letter Opener"},{"floor":24,"key":"Nunchaku"},{"floor":26,"key":"Toy Ornithopter"}],"event_choices":[{"cards_removed":["Strike_G"],"damage_healed":0,"gold_gain":0,"player_choice":"Card Removal","damage_taken":7,"max_hp_gain":0,"max_hp_loss":0,"event_name":"Golden Wing","floor":2,"gold_loss":0},{"damage_healed":0,"gold_gain":0,"player_choice":"Entered Light","damage_taken":18,"max_hp_gain":0,"max_hp_loss":0,"event_name":"Shining Light","floor":4,"gold_loss":0,"cards_upgraded":["Defend_G","Defend_G"]},{"damage_healed":0,"gold_gain":0,"player_choice":"Obtained Relic","damage_taken":0,"relics_obtained":["InkBottle"],"max_hp_gain":0,"max_hp_loss":0,"event_name":"Addict","floor":19,"gold_loss":85},{"damage_healed":0,"gold_gain":0,"player_choice":"Opened","damage_taken":0,"relics_obtained":["Bird Faced Urn"],"max_hp_gain":0,"max_hp_loss":0,"event_name":"The Mausoleum","floor":22,"gold_loss":0,"cards_obtained":["Writhe"]}],"is_beta":false,"boss_relics":[{"not_picked":["Pandora\u0027s Box","SlaversCollar"],"picked":"Fusion Hammer"}],"items_purged_floors":[25],"is_endless":false,"potions_floor_spawned":[8,11,13,14,20],"killed_by":"Book of Stabbing","ascension_level":20}}