{"host":"fdq5pmhluajjrf8d","time":1611611758,"event":{"mods":["BaseMod","Minty Spire (QoL Compilation)"],"gold_per_floor":[117,267,35,45,56,56,66,66,66,81,91,118,133,150,150,227,227,240,256,256,256,83,83,99,99,99,117,137,137,137],"floor_reached":29,"language":"ENG","playtime":1219,"items_purged":["Doubt"],"score":462,"play_id":"e90e80a7-1337-483f-8b1b-8b7dd1013ae9","local_time":"20210125165558","is_ascension_mode":true,"campfire_choices":[{"data":"Redo","floor":6,"key":"SMITH"},{"data":"Zap","floor":15,"key":"SMITH"},{"floor":23,"key":"REST"},{"floor":25,"key":"REST"}],"circlet_count":0,"master_deck":["AscendersBane","Zap+1","Dualcast","Ball Lightning","Redo+1","Lockon","Reboot","Fission","BootSequence","Multi-Cast","Redo","Force Field","Go for the Eyes","Chill","Heatsinks","Gash","Consume","Redo+1","Hologram+1"],"relics":["Cracked Core","ClockworkSouvenir","NlothsMask","Pear","Pandora\u0027s Box","Runic Capacitor","Eternal Feather"],"acts_visited":["Exordium","TheCity"],"potions_floor_usage":[11,16,18,24,28],"damage_taken":[{"damage":5,"enemies":"2 Louse","floor":1,"turns":2},{"damage":7,"enemies":"Small Slimes","floor":4,"turns":3},{"damage":1,"enemies":"Cultist","floor":5,"turns":3},{"damage":4,"enemies":"3 Louse","floor":7,"turns":3},{"damage":37,"enemies":"Exordium Thugs","floor":10,"turns":3},{"damage":13,"enemies":"Large Slime","floor":11,"turns":4},{"damage":14,"enemies":"Gremlin Nob","floor":12,"turns":3},{"damage":1,"enemies":"2 Fungi Beasts","floor":13,"turns":2},{"damage":0,"enemies":"3 Louse","floor":14,"turns":2},{"damage":26,"enemies":"The Guardian","floor":16,"turns":9},{"damage":32,"enemies":"Shell Parasite","floor":18,"turns":5},{"damage":13,"enemies":"3 Byrds","floor":19,"turns":3},{"damage":38,"enemies":"Snake Plant","floor":24,"turns":3},{"damage":4,"enemies":"Cultist and Chosen","floor":27,"turns":7},{"damage":29,"enemies":"Shelled Parasite and Fungi","floor":28,"turns":6},{"damage":64,"enemies":"3 Cultists","floor":29,"turns":6}],"seed_played":"467898333525080709","potions_obtained":[{"floor":7,"key":"FairyPotion"},{"floor":10,"key":"Strength Potion"},{"floor":12,"key":"CultistPotion"},{"floor":13,"key":"AttackPotion"},{"floor":19,"key":"DistilledChaos"},{"floor":24,"key":"PowerPotion"},{"floor":28,"key":"FairyPotion"}],"is_trial":false,"path_per_floor":["M","?","$","M","M","R","M","?","T","M","M","E","M","M","R","B",null,"M","M","?","?","$","R","M","R","T","M","M","M"],"character_chosen":"DEFECT","items_purchased":["ClockworkSouvenir","Runic Capacitor"],"campfire_rested":2,"item_purchase_floors":[3,22],"current_hp_per_floor":[66,66,66,59,58,58,54,54,54,17,4,33,32,32,32,6,68,36,23,23,23,23,49,11,37,37,33,4,0,0],"gold":137,"neow_bonus":"TEN_PERCENT_HP_BONUS","is_daily":false,"chose_seed":false,"campfire_upgraded":2,"win_rate":0.0,"timestamp":1611611758,"path_taken":["M","?","$","M","M","R","M","?","T","M","M","E","M","M","R","BOSS","M","?","?","?","$","R","M","R","T","M","M","M"],"items_purchased_type":["Relic","Relic"],"build_version":"2020-12-22","purchased_purges":1,"victory":false,"max_hp_per_floor":[78,78,78,78,78,78,78,78,78,78,78,88,88,88,88,88,88,88,88,88,88,88,88,88,88,88,88,88,88,88],"card_choices":[{"not_picked":["Streamline","Beam Cell"],"picked":"Ball Lightning","floor":1},{"not_picked":["Blizzard","Stack","Rebound"],"picked":"SKIP","floor":4},{"not_picked":["Go for the Eyes","Hello World"],"picked":"Redo","floor":5},{"not_picked":["Beam Cell","Turbo","Undo"],"picked":"SKIP","floor":7},{"not_picked":["Barrage","Steam"],"picked":"Lockon","floor":10},{"not_picked":["Hello World","Lockon"],"picked":"Reboot","floor":11},{"not_picked":["Reinforced Body","Coolheaded","Blizzard"],"picked":"SKIP","floor":12},{"not_picked":["Lockon","Sunder","BootSequence"],"picked":"SKIP","floor":13},{"not_picked":["Conserve Battery","Compile Driver","Auto Shields"],"picked":"SKIP","floor":14},{"not_picked":["Machine Learning","Rainbow"],"picked":"Fission","floor":16},{"not_picked":["Stack","Beam Cell","Rip and Tear"],"picked":"SKIP","floor":18},{"not_picked":["Leap","Cold Snap"],"picked":"Consume","floor":19},{"not_picked":["Conserve Battery","Glacier","Redo"],"picked":"SKIP","floor":24},{"not_picked":["Gash","Streamline"],"picked":"Hologram+1","floor":27},{"not_picked":["Sweeping Beam","Compile Driver","Redo+1"],"picked":"SKIP","floor":28}],"player_experience":1936074,"relics_obtained":[{"floor":12,"key":"Pear"},{"floor":26,"key":"Eternal Feather"}],"event_choices":[{"damage_healed":0,"gold_gain":150,"player_choice":"AGREE","damage_taken":0,"max_hp_gain":0,"max_hp_loss":0,"event_name":"Liars Game","floor":2,"gold_loss":0,"cards_obtained":["Doubt"]},{"damage_healed":0,"gold_gain":0,"player_choice":"Trade","damage_taken":0,"relics_obtained":["NlothsMask"],"max_hp_gain":0,"max_hp_loss":0,"event_name":"FaceTrader","floor":8,"gold_loss":0},{"damage_healed":0,"gold_gain":0,"player_choice":"Ignored","damage_taken":0,"max_hp_gain":0,"max_hp_loss":0,"event_name":"Beggar","floor":20,"gold_loss":0},{"damage_healed":0,"gold_gain":0,"player_choice":"Copied","damage_taken":0,"max_hp_gain":0,"max_hp_loss":0,"event_name":"Duplicator","floor":21,"gold_loss":0,"cards_obtained":["Redo"]}],"is_beta":false,"boss_relics":[{"not_picked":["Snecko Eye","Tiny House"],"picked":"Pandora\u0027s Box"}],"items_purged_floors":[3],"is_endless":false,"potions_floor_spawned":[7,10,12,13,19,24,28],"killed_by":"3 Cultists","ascension_level":20}}