{"host":"1zjc08c6hob33401","time":1611610497,"event":{"mods":["AchievementEnabler","Act Like it!","Aspiration","BaseMod","Downfall","Elementarium","Energized Spire","Evolution","Friendly Minions","Gensokyo","GifTheSpireLib","Hubris","Infinite Spire","Jedi Mod","Menagerie","Minty Spire (QoL Compilation)","Pale of the Ancients","Quick Restart","Reliquary","Replay The Spire","Retaliation","Shop Mod","Spicy Shops","Spire Arcade","StS++","StSLib","Stuff the Spire","The Blue Laboratory","Wandering Minibosses","??????REMEMod"],"gold_per_floor":[110,110,24,35,49,49,49,49],"floor_reached":7,"language":"RUS","playtime":380,"items_purged":[],"score":78,"play_id":"267fecb5-89e5-43f1-be14-6d957274b8fb","local_time":"20210125233457","is_ascension_mode":true,"campfire_choices":[{"data":"bronze:Break","floor":6.0,"key":"SMITH"}],"circlet_count":0,"master_deck":["AscendersBane","Rebound","Rebound","Strike_B","Defend_B","Defend_B","Defend_B","Zap","Dualcast","bronze:Break+1","ReplaySolidLightProjector","Melter","Leap","Menagerie:BeastSpirit","jedi:BurstFrost","Compile Driver"],"relics":["Cracked Core","EVO:Axolotl","REME_ComplimentaryCards","HandDrill"],"acts_visited":["Menagerie:Menagerie"],"potions_floor_usage":[],"damage_taken":[{"damage":5.0,"enemies":"Menagerie:2_RABBITS","floor":1.0,"turns":4.0},{"damage":2.0,"enemies":"Menagerie:MonstrousExperiment","floor":4.0,"turns":3.0},{"damage":1.0,"enemies":"Menagerie:WhisperingWraith","floor":5.0,"turns":3.0},{"damage":46,"enemies":"Menagerie:MaskedSummoner","floor":7,"turns":8}],"seed_played":"7846784716742329441","potions_obtained":[{"floor":1.0,"key":"blueLaboratory:PhilterOfMotion"},{"floor":4.0,"key":"Dexterity Potion"}],"is_trial":false,"path_per_floor":["M","?","$","M","M","R","E"],"character_chosen":"DEFECT","items_purchased":["HandDrill"],"campfire_rested":0,"item_purchase_floors":[3],"current_hp_per_floor":[41,41,41,39,38,38,0,0],"gold":49,"neow_bonus":"TRANSFORM_TWO_CARDS","is_daily":false,"chose_seed":false,"campfire_upgraded":1,"win_rate":0.0,"timestamp":1611610497,"path_taken":["M","?","$","M","?","R","E"],"items_purchased_type":["Relic"],"build_version":"2020-12-22","purchased_purges":0,"victory":false,"max_hp_per_floor":[71,66,66,66,66,66,66,66],"card_choices":[{"not_picked":["StuffTheSpire:Plugnplay","Redo"],"picked":"Leap","floor":1.0},{"not_picked":["StuffTheSpire:LoadUp","jedi:blockon"],"picked":"jedi:BurstFrost","floor":4.0},{"not_picked":["Rebound","Streamline"],"picked":"Compile Driver","floor":5.0}],"player_experience":710927,"relics_obtained":[],"event_choices":[{"damage_healed":0.0,"max_hp_gain":0.0,"max_hp_loss":5.0,"gold_gain":0.0,"event_name":"Menagerie:BeastSpiritShrine","player_choice":"Knelt","floor":2.0,"gold_loss":0.0,"damage_taken":0.0,"cards_obtained":["Menagerie:BeastSpirit"]}],"is_beta":false,"boss_relics":[],"items_purged_floors":[],"is_endless":false,"potions_floor_spawned":[1,4],"killed_by":"Menagerie:MaskedSummoner","ascension_level":18}}