{"host":"Jade","time":1611546450,"event":{"mods":["2.2 Compatiblity","A Penny For Your Troubles","Aspiration","BaseMod","Better Altar","Better Match","Better Note","Better Skull","Better Third Choice","Better Vampires","BetterRewards","Colored Powertips","Conspire","Curses Come First","DeckTracker","GifTheSpireLib","Hero for Fun","Hubris","Infinite Spire","Minty Spire (QoL Compilation)","Quick Restart","Rare Cards Sparkle","Relic Stats","Replay The Spire","RumiaBox-????????","StSLib","Stuff the Spire","Wandering Minibosses"],"gold_per_floor":[117,117,128,128,66,96,96,96,96],"floor_reached":8,"language":"ENG","playtime":399,"items_purged":[],"score":56,"play_id":"19ea86d2-472b-4461-8229-a93e8d5720f6","local_time":"20210125114730","daily_mods":["Heirloom"],"is_ascension_mode":false,"campfire_choices":[{"data":"Strike_G","floor":7,"key":"SMITH"}],"circlet_count":0,"master_deck":["Strike_G+1","Strike_G","Strike_G","Strike_G","Strike_G","Defend_G","Defend_G","Defend_G","Defend_G","Defend_G","Survivor","Neutralize"],"relics":["Ring of the Snake","Ring of Chaos","Unceasing Top","hubris:Towel","StrikeDummy"],"acts_visited":["Exordium"],"potions_floor_usage":[3,6],"damage_taken":[{"damage":3,"enemies":"Jaw Worm","floor":1,"turns":5},{"damage":1,"enemies":"2 Louse","floor":3,"turns":3},{"damage":1,"enemies":"Small Slimes","floor":5,"turns":5},{"damage":53,"enemies":"Lagavulin","floor":6,"turns":9},{"damage":20,"enemies":"Gremlin Nob","floor":8,"turns":4}],"seed_played":"9003119056140852912","potions_obtained":[{"floor":1,"key":"Fire Potion"},{"floor":5,"key":"SteroidPotion"}],"is_trial":true,"path_per_floor":["M","?","M","?","M","E","R","E"],"character_chosen":"THE_SILENT","items_purchased":[],"campfire_rested":0,"item_purchase_floors":[],"current_hp_per_floor":[67,67,66,66,65,12,12,0,0],"gold":96,"neow_bonus":"","is_daily":false,"chose_seed":false,"campfire_upgraded":1,"win_rate":0.0,"timestamp":1611546450,"path_taken":["M","?","M","?","M","E","R","E"],"items_purchased_type":[],"build_version":"2020-11-17","purchased_purges":0,"victory":false,"max_hp_per_floor":[70,70,70,70,70,70,70,70,70],"relic_stats":{"counters":[5,26],"obtain_stats":[{"hubris:Icosahedron":4,"Ring of Chaos":0,"hubris:Towel":2,"StrikeDummy":6,"Unceasing Top":0,"Ring of the Snake":0},{"hubris:Icosahedron":2,"Ring of Chaos":0,"hubris:Towel":1,"StrikeDummy":4,"Unceasing Top":0,"Ring of the Snake":0},{"hubris:Icosahedron":8,"Ring of Chaos":0,"hubris:Towel":5,"StrikeDummy":22,"Unceasing Top":0,"Ring of the Snake":0}],"Unceasing Top":[1],"Ring of the Snake":[10]},"card_choices":[{"not_picked":["StuffTheSpire:ClusterCrunch","StuffTheSpire:BrimstoneBlast","Infinite Blades"],"picked":"SKIP","floor":1},{"not_picked":["Sucker Punch","Riddle With Holes","StuffTheSpire:Injection"],"picked":"SKIP","floor":3},{"not_picked":["hubris:TrickCloak","StuffTheSpire:Fury","Deadly Poison"],"picked":"SKIP","floor":5},{"not_picked":["StuffTheSpire:ClusterCrunch","ReplayTheSpireMod:Exploit Weakness","Setup"],"picked":"SKIP","floor":6}],"player_experience":37032,"relics_obtained":[{"floor":6,"key":"StrikeDummy"}],"event_choices":[],"is_beta":true,"boss_relics":[],"items_purged_floors":[],"is_endless":false,"potions_floor_spawned":[1,5],"killed_by":"Gremlin Nob","ascension_level":0}}