{"host":"ty9fb48q9oru32qm","time":1611602584,"event":{"mods":["2.2 Compatiblity","AchievementEnabler","Act Like it!","Astrologer","BaseMod","Beaked The Cultist","Better Synergies","Block Reminder","ChefMod","Colored Powertips","Conspire","DeckTracker","Downfall","Friendly Minions","GifTheSpireLib","Hermit","Hubris","Infinite Spire","Jorbs\u0027s Wanderer Trilogy","Marisa????????","Minty Spire (QoL Compilation)","Permanent Neow","Quick Restart","Random Character Button","Reliquary","Replay The Spire","Somnambulant","StSLib","Stuff the Spire","The Construct","The Cursed","The Marked","The Runesmith","The Servant 0.9.4","TheHeartMod"],"gold_per_floor":[99,115,265,265,30,30,81,108,8,0,0,0,27,40,59,154,154,54,39,39,39,39,39],"floor_reached":21,"language":"ENG","playtime":1421,"items_purged":["downfall:Icky"],"score":231,"play_id":"81d59326-afec-42f1-896a-065b8c2912e0","local_time":"20210125202304","is_ascension_mode":false,"campfire_choices":[{"data":"champ:LastStand","floor":1,"key":"SMITH"},{"floor":6,"key":"RECALL"},{"data":"champ:FanOfKnives","floor":9,"key":"SMITH"},{"data":"champ:Devastate","floor":18,"key":"SMITH"}],"circlet_count":0,"master_deck":["conspire:GhostlyStrike","conspire:GhostlyStrike","conspire:GhostlyStrike","conspire:GhostlyStrike","conspire:GhostlyDefend","conspire:GhostlyDefend","conspire:GhostlyDefend","conspire:GhostlyDefend","champ:Taunt","champ:LastStand+1","champ:BerserkersShout+1","champ:AdrenalArmor","champ:FanOfKnives+1","champ:BringItOn+1","champ:CrownThrow","champ:Encircle","champ:Devastate+1","RitualDagger+1"],"relics":["champ:ChampionCrown","reliquary:BrokenClock","reliquary:Buckler","infinitespire:Satchel","downfall:HeartBlessingRed","Darkstone Periapt","StuffTheSpire:RunicHypercube","downfall:HeartBlessingGreen"],"acts_visited":["Exordium","TheCity"],"potions_floor_usage":[16],"damage_taken":[{"damage":21,"enemies":"Jaw Worm","floor":2,"turns":3},{"damage":40,"enemies":"downfall:FleeingMerchant","floor":5,"turns":4},{"damage":67,"enemies":"Gremlin Nob","floor":8,"turns":5},{"damage":45,"enemies":"downfall:FleeingMerchant","floor":10,"turns":4},{"damage":45,"enemies":"Lagavulin","floor":13,"turns":4},{"damage":5,"enemies":"2 Louse","floor":14,"turns":1},{"damage":18,"enemies":"conspire:RoseBush","floor":15,"turns":3},{"damage":24,"enemies":"WA_ARCHETYPE_RETAIN","floor":16,"turns":5},{"damage":5,"enemies":"downfall:FleeingMerchant","floor":19,"turns":4},{"damage":92,"enemies":"Chosen","floor":21,"turns":6}],"seed_played":"7543221650477801692","potions_obtained":[{"floor":8,"key":"Toxic Potion"},{"floor":13,"key":"Energy Potion"},{"floor":14,"key":"Venom Potion"},{"floor":16,"key":"Venom Potion"},{"floor":20,"key":"CultistPotion"}],"is_trial":false,"path_per_floor":["R","M","?","?","$","R","T","E","R","$","?","?","E","M","M","B",null,"R","$","?","M"],"character_chosen":"THE_CHAMP","items_purchased":["reliquary:BrokenClock"],"campfire_rested":0,"item_purchase_floors":[5],"current_hp_per_floor":[90,79,79,79,74,74,74,42,42,42,42,42,37,37,29,15,90,90,90,90,0,0,0],"gold":39,"neow_bonus":"ONE_RANDOM_RARE_CARD","is_daily":false,"chose_seed":false,"campfire_upgraded":3,"win_rate":0.0,"timestamp":1611602584,"path_taken":["R","M","?","?","$","R","T","E","R","$","?","?","E","M","M","BOSS","R","$","?","M"],"items_purchased_type":["Relic"],"build_version":"2020-12-22","purchased_purges":1,"victory":false,"max_hp_per_floor":[90,90,90,90,90,90,90,90,90,90,90,90,90,90,90,90,90,90,90,90,90,90,90],"card_choices":[{"not_picked":["champ:TornadoPunch","champ:ArenaPreparation"],"picked":"champ:BerserkersShout","floor":2},{"not_picked":["champ:CrownThrow","champ:DefensiveShout"],"picked":"champ:AdrenalArmor","floor":5},{"not_picked":["champ:BerserkersShout","champ:Duel"],"picked":"champ:FanOfKnives","floor":8},{"not_picked":["champ:PreciseThrust","champ:HeartStrike","champ:PerfectedStrike"],"picked":"SKIP","floor":10},{"not_picked":["champ:AdrenalArmor","champ:SkillfulDodge"],"picked":"champ:CrownThrow","floor":13},{"not_picked":["champ:BerserkersShout","champ:UltimateStance"],"picked":"champ:Encircle","floor":14},{"not_picked":["champ:ShieldSlam","champ:EnragedBash","champ:AdrenalArmor"],"picked":"SKIP","floor":15},{"not_picked":["champ:GladiatorForm","champ:DancingMaster"],"picked":"champ:Devastate","floor":16},{"not_picked":["champ:Shatter","champ:GutPunch+1","champ:BladeFlurry+1"],"picked":"SKIP","floor":19}],"player_experience":279889,"relics_obtained":[{"floor":7,"key":"reliquary:Buckler"},{"floor":8,"key":"infinitespire:Satchel"},{"floor":13,"key":"Darkstone Periapt"}],"event_choices":[{"damage_healed":0,"gold_gain":0,"player_choice":"Agree","damage_taken":0,"max_hp_gain":0,"max_hp_loss":0,"event_name":"conspire:LoneGhost","floor":4,"gold_loss":0}],"is_beta":false,"boss_relics":[{"not_picked":["ChewingGum","reliquary:WritOfMandamus"],"picked":"StuffTheSpire:RunicHypercube"}],"items_purged_floors":[5],"is_endless":false,"potions_floor_spawned":[8,13,14,15,16],"killed_by":"Chosen","ascension_level":0}}