{"host":"bfjg2gtnqo0q4f32","time":1611543855,"event":{"mods":["BaseMod","BetterRewards","DeckTracker","Dio Mod","Hero for Fun","Jorbs\u0027s Wanderer Trilogy","Mad Scientist","Minty Spire (QoL Compilation)","READ ME - Guardian Mod","Shop Mod","StSLib","The Bladedancer","The Construct","The Cursed","The Disciple","The Forsaken","The Necromancer","The Saiyan","The Servant 0.9.4","The Wild Card","TheHero","thorton"],"gold_per_floor":[111,111,111,127,140,140,140,172,172,188,188,207,227,260,260,363,363,375,387,397,8,8,8,41,54,54,54,67,87,103,122,122,217,217,235,235,0,16,66,94,105,3,58,58,84,84,134,5,5,5],"floor_reached":51,"language":"ENG","playtime":2211,"items_purged":["Concentrate","Bouncing Flask"],"score":864,"play_id":"3374a4b6-393c-4b12-a64b-45ab79e01f50","local_time":"20210124220415","is_ascension_mode":false,"campfire_choices":[{"data":"Calculated Gamble","floor":11,"key":"SMITH"},{"floor":15,"key":"REST"},{"floor":23,"key":"REST"},{"floor":27,"key":"REST"},{"floor":32,"key":"REST"},{"floor":44,"key":"REST"},{"data":"Envenom","floor":46,"key":"SMITH"},{"floor":49,"key":"REST"}],"circlet_count":0,"master_deck":["Survivor","Neutralize","Calculated Gamble+1","Riddle With Holes","Backstab","Backstab","Quick Slash","Blade Dance","Envenom+1","Storm of Steel","Adrenaline","Corpse Explosion","Venomology","Backflip","Bouncing Flask","Doppelganger","Tools of the Trade","Backstab","Blade Dance","Blade Dance","Backstab","Poisoned Stab","Finisher","Envenom","Madness","Madness","Distraction+1","Blade Dance+1","Accuracy+1","Adrenaline"],"relics":["WristBlade","Question Card","Gremlin Horn","theForsaken:Kindling","Pandora\u0027s Box","Membership Card","Torii","Shuriken","Kunai","construct:WeddingRing","Red Mask","Unceasing Top","Strawberry","Art of War","Ancient Tea Set","Incense Burner","Letter Opener"],"acts_visited":["Exordium","TheCity","TheBeyond"],"potions_floor_usage":[8,14,14,28,33,40,50,50],"damage_taken":[{"damage":0,"enemies":"Jaw Worm","floor":1,"turns":5},{"damage":1,"enemies":"Small Slimes","floor":4,"turns":4},{"damage":0,"enemies":"Cultist","floor":5,"turns":2},{"damage":0,"enemies":"3 Sentries","floor":8,"turns":9},{"damage":0,"enemies":"3 Louse","floor":10,"turns":1},{"damage":1,"enemies":"Gremlin Gang","floor":12,"turns":3},{"damage":0,"enemies":"Blue Slaver","floor":13,"turns":1},{"damage":24,"enemies":"Lagavulin","floor":14,"turns":6},{"damage":30,"enemies":"Slime Boss","floor":16,"turns":8},{"damage":21,"enemies":"Shell Parasite","floor":18,"turns":4},{"damage":18,"enemies":"Spheric Guardian","floor":19,"turns":4},{"damage":35,"enemies":"Shelled Parasite and Fungi","floor":20,"turns":4},{"damage":1,"enemies":"Gremlin Leader","floor":24,"turns":4},{"damage":2,"enemies":"Chosen and Byrds","floor":25,"turns":3},{"damage":2,"enemies":"Cultist and Chosen","floor":28,"turns":3},{"damage":14,"enemies":"Centurion and Healer","floor":29,"turns":3},{"damage":2,"enemies":"Chosen and Byrds","floor":30,"turns":3},{"damage":10,"enemies":"Sentry and Sphere","floor":31,"turns":3},{"damage":49,"enemies":"Champ","floor":33,"turns":5},{"damage":0,"enemies":"3 Darklings","floor":35,"turns":3},{"damage":8,"enemies":"3 Shapes","floor":38,"turns":2},{"damage":0,"enemies":"Mind Bloom Boss Battle","floor":39,"turns":3},{"damage":10,"enemies":"Giant Head","floor":40,"turns":5},{"damage":36,"enemies":"Spire Growth","floor":41,"turns":3},{"damage":1,"enemies":"Nemesis","floor":45,"turns":3},{"damage":19,"enemies":"2 Orb Walkers","floor":47,"turns":3},{"damage":57,"enemies":"Time Eater","floor":50,"turns":6}],"seed_played":"-6318310596101333310","potions_obtained":[{"floor":1,"key":"EssenceOfSteel"},{"floor":10,"key":"SpeedPotion"},{"floor":12,"key":"Regen Potion"},{"floor":16,"key":"PowerPotion"},{"floor":18,"key":"Dexterity Potion"},{"floor":25,"key":"BlessingOfTheForge"},{"floor":28,"key":"Fruit Juice"},{"floor":33,"key":"Ancient Potion"},{"floor":38,"key":"BlessingOfTheForge"},{"floor":39,"key":"BlessingOfTheForge"}],"is_trial":false,"path_per_floor":["M","?","?","M","M","?","$","E","T","M","R","M","M","E","R","B",null,"M","M","M","$","?","R","E","M","T","R","M","M","M","M","R","B",null,"M","?","?","M","?","E","M","$","T","R","E","R","?","$","R","B",null],"character_chosen":"THE_SILENT","items_purchased":["Membership Card","Torii","FairyPotion","GhostInAJar","Letter Opener"],"campfire_rested":6,"item_purchase_floors":[21,21,21,42,48],"current_hp_per_floor":[70,63,63,62,62,62,62,62,62,62,62,61,61,52,75,45,75,54,36,1,1,1,28,27,25,25,54,57,43,41,31,63,14,95,95,83,83,75,75,72,36,36,36,71,70,70,51,51,88,31],"gold":5,"neow_bonus":"BOSS_RELIC","is_daily":false,"chose_seed":false,"campfire_upgraded":2,"win_rate":0.0,"timestamp":1611543855,"path_taken":["M","?","?","M","M","?","?","E","T","M","R","?","M","E","R","BOSS","M","M","M","$","?","R","E","M","T","R","?","M","M","M","R","BOSS","M","?","?","M","?","E","M","?","T","R","E","R","?","?","R","BOSS"],"items_purchased_type":["Relic","Relic","Potion","Potion","Relic"],"build_version":"2020-12-22","purchased_purges":2,"victory":true,"max_hp_per_floor":[70,70,70,70,70,70,70,70,70,70,70,70,70,70,75,75,75,75,75,75,75,75,80,80,80,80,85,90,90,90,90,95,95,95,95,95,95,95,95,102,102,102,102,107,107,107,107,107,112,112],"card_choices":[{"not_picked":["Eviscerate","Cloak And Dagger"],"picked":"Calculated Gamble","floor":1},{"not_picked":["Blade Dance","Dagger Throw"],"picked":"Backstab","floor":4},{"not_picked":["Poisoned Stab","Riddle With Holes"],"picked":"Backstab","floor":5},{"not_picked":["Masterful Stab","Reflex"],"picked":"Quick Slash","floor":8},{"not_picked":["Outmaneuver","Dagger Throw","Flechettes","Tactician"],"picked":"SKIP","floor":10},{"not_picked":["Quick Slash","Prepared","Choke"],"picked":"Blade Dance","floor":12},{"not_picked":["Concentrate","Flechettes","Blur"],"picked":"Bouncing Flask","floor":13},{"not_picked":["Prepared","Tactician","Noxious Fumes"],"picked":"Envenom","floor":14},{"not_picked":["Grand Finale","Wraith Form v2","Venomology"],"picked":"Storm of Steel","floor":16},{"not_picked":["Outmaneuver","Accuracy","Bane","Prepared"],"picked":"SKIP","floor":18},{"not_picked":["Prepared","Infinite Blades","Calculated Gamble","Underhanded Strike"],"picked":"SKIP","floor":19},{"not_picked":["Deflect","Deadly Poison","Flechettes","Blade Dance"],"picked":"SKIP","floor":20},{"not_picked":["PiercingWail","Quick Slash","Dodge and Roll"],"picked":"Blade Dance","floor":24},{"not_picked":["Reflex","Escape Plan","Prepared+1"],"picked":"Blade Dance","floor":25},{"not_picked":["Heel Hook","Concentrate","Calculated Gamble","Slice"],"picked":"SKIP","floor":28},{"not_picked":["Predator","Leg Sweep","Dodge and Roll"],"picked":"Backstab","floor":29},{"not_picked":["Bane","Skewer","Deflect"],"picked":"Poisoned Stab","floor":30},{"not_picked":["Poisoned Stab","Reflex+1","Escape Plan+1"],"picked":"Finisher","floor":31},{"not_picked":["After Image","A Thousand Cuts","Phantasmal Killer"],"picked":"Envenom","floor":33},{"not_picked":["Terror+1","Endless Agony+1","Slice+1","Sucker Punch+1"],"picked":"SKIP","floor":35},{"not_picked":["Outmaneuver+1","Slice+1","Prepared+1","PiercingWail"],"picked":"SKIP","floor":38},{"not_picked":["Sucker Punch","Escape Plan+1","Acrobatics+1"],"picked":"Distraction+1","floor":40},{"not_picked":["Distraction+1","Poisoned Stab","Deflect"],"picked":"Blade Dance+1","floor":41},{"not_picked":["Backstab","Deflect","Prepared+1"],"picked":"Accuracy+1","floor":45},{"not_picked":["Slice+1","Concentrate+1","Deadly Poison+1"],"picked":"Adrenaline","floor":47}],"player_experience":88654,"relics_obtained":[{"floor":8,"key":"Question Card"},{"floor":9,"key":"Gremlin Horn"},{"floor":14,"key":"theForsaken:Kindling"},{"floor":24,"key":"Shuriken"},{"floor":26,"key":"Kunai"},{"floor":39,"key":"Unceasing Top"},{"floor":40,"key":"Strawberry"},{"floor":43,"key":"Art of War"},{"floor":45,"key":"Ancient Tea Set"},{"floor":47,"key":"Incense Burner"}],"event_choices":[{"cards_removed":["Strike_G"],"damage_healed":0,"gold_gain":0,"player_choice":"Card Removal","damage_taken":7,"max_hp_gain":0,"max_hp_loss":0,"event_name":"Golden Wing","floor":2,"gold_loss":0},{"damage_healed":0,"gold_gain":0,"cards_transformed":["Strike_G"],"player_choice":"Change","damage_taken":0,"max_hp_gain":0,"max_hp_loss":0,"event_name":"Living Wall","floor":3,"gold_loss":0,"cards_obtained":["Riddle With Holes"]},{"damage_healed":0,"gold_gain":0,"player_choice":"Ignored","damage_taken":0,"max_hp_gain":0,"max_hp_loss":0,"event_name":"Liars Game","floor":6,"gold_loss":0},{"damage_healed":0,"gold_gain":0,"player_choice":"Copied","damage_taken":0,"max_hp_gain":0,"max_hp_loss":0,"event_name":"Duplicator","floor":22,"gold_loss":0,"cards_obtained":["Backstab"]},{"damage_healed":0,"gold_gain":0,"player_choice":"Embrace Madness","damage_taken":12,"max_hp_gain":0,"max_hp_loss":0,"event_name":"Winding Halls","floor":36,"gold_loss":0,"cards_obtained":["Madness","Madness"]},{"damage_healed":0,"gold_gain":0,"player_choice":"Paid","damage_taken":0,"relics_obtained":["Red Mask"],"max_hp_gain":0,"max_hp_loss":0,"event_name":"Tomb of Lord Red Mask","floor":37,"gold_loss":235},{"damage_healed":0,"gold_gain":0,"player_choice":"Fight","damage_taken":0,"max_hp_gain":0,"max_hp_loss":0,"event_name":"MindBloom","floor":39,"gold_loss":0},{"damage_healed":0,"gold_gain":0,"player_choice":"Fight","damage_taken":0,"max_hp_gain":0,"max_hp_loss":0,"event_name":"Mysterious Sphere","floor":47,"gold_loss":0}],"is_beta":false,"boss_relics":[{"not_picked":["thethorton:GreedFountain","Astrolabe"],"picked":"Pandora\u0027s Box"},{"not_picked":["Tiny House","HoveringKite"],"picked":"construct:WeddingRing"}],"items_purged_floors":[21,42],"is_endless":false,"potions_floor_spawned":[1,10,12,16,18,24,25,28,31,33,38,39,40,47],"ascension_level":0}}