{"host":"8yg5xi2a6w9qkgsw","time":1611593800,"event":{"mods":["AchievementEnabler","BaseMod","Block Reminder","Colored Powertips","Minty Spire (QoL Compilation)","MonsterHotkey","Random Character Button","Relic Stats"],"gold_per_floor":[109,109,121,141,26,26,52,64,64,64,92,103,29,56,68,184,196,245,257,269,25,67,67,98,98,98,98,151,187,239,154,154,154,154],"floor_reached":33,"language":"ENG","playtime":5129,"items_purged":["Strike_P"],"score":539,"play_id":"1fbba4be-3653-4537-a828-c3c18c4fea1a","local_time":"20210125175640","is_ascension_mode":true,"campfire_choices":[{"data":"TalkToTheHand","floor":6.0,"key":"SMITH"},{"data":"Eruption","floor":10.0,"key":"SMITH"},{"data":"Meditate","floor":15.0,"key":"SMITH"},{"floor":23,"key":"REST"},{"floor":25,"key":"REST"},{"floor":27,"key":"REST"},{"floor":32,"key":"REST"}],"circlet_count":0,"master_deck":["AscendersBane","Defend_P","Defend_P","Defend_P","Defend_P","Eruption+1","Vigilance","CarveReality","SashWhip","Conclude","TalkToTheHand+1","InnerPeace","Protect","Meditate+1","Wish","Adaptation+1","Bite","Bite","Bite","Bite","Bite","FlurryOfBlows+1","Fasting2+1","WaveOfTheHand","Devotion+1"],"relics":["PureWater","Akabeko","Ancient Tea Set","Sundial","MealTicket","MawBank","Fusion Hammer","Frozen Egg 2","Blue Candle","Anchor","Juzu Bracelet","Turnip","Shuriken"],"acts_visited":["Exordium","TheCity"],"potions_floor_usage":[],"damage_taken":[{"damage":0.0,"enemies":"2 Louse","floor":1.0,"turns":4.0},{"damage":2.0,"enemies":"Small Slimes","floor":3.0,"turns":4.0},{"damage":0.0,"enemies":"Cultist","floor":4.0,"turns":3.0},{"damage":3.0,"enemies":"Gremlin Nob","floor":7.0,"turns":3.0},{"damage":0.0,"enemies":"Lots of Slimes","floor":8.0,"turns":1.0},{"damage":12.0,"enemies":"Lagavulin","floor":11.0,"turns":4.0},{"damage":0.0,"enemies":"3 Louse","floor":12.0,"turns":3.0},{"damage":9.0,"enemies":"3 Sentries","floor":14.0,"turns":6.0},{"damage":9.0,"enemies":"The Guardian","floor":16.0,"turns":13.0},{"damage":6,"enemies":"Shell Parasite","floor":18,"turns":7},{"damage":22,"enemies":"2 Thieves","floor":22,"turns":2},{"damage":36,"enemies":"Book of Stabbing","floor":24,"turns":5},{"damage":15,"enemies":"Gremlin Leader","floor":28,"turns":7},{"damage":18,"enemies":"Snake Plant","floor":29,"turns":6},{"damage":48,"enemies":"Book of Stabbing","floor":30,"turns":8},{"damage":61,"enemies":"Automaton","floor":33,"turns":6}],"seed_played":"3266818518819907523","potions_obtained":[{"floor":1.0,"key":"EssenceOfSteel"},{"floor":3.0,"key":"AttackPotion"},{"floor":11.0,"key":"LiquidBronze"},{"floor":12.0,"key":"Energy Potion"},{"floor":14.0,"key":"FearPotion"},{"floor":16.0,"key":"LiquidBronze"},{"floor":22,"key":"SteroidPotion"}],"is_trial":false,"path_per_floor":["M","?","M","M","$","R","E","M","T","R","E","M","$","E","R","B",null,"M","$","?","$","M","R","E","R","T","R","E","M","E","?","R","B"],"character_chosen":"WATCHER","items_purchased":["TalkToTheHand","Meditate","Frozen Egg 2"],"campfire_rested":4,"item_purchase_floors":[5,13,21],"current_hp_per_floor":[65,53,51,51,51,51,48,48,48,48,36,38,53,46,46,39,64,60,72,72,72,54,72,44,65,65,72,72,62,28,28,49,0,0],"gold":154,"neow_bonus":"RANDOM_COMMON_RELIC","is_daily":false,"chose_seed":false,"campfire_upgraded":3,"win_rate":0.0,"timestamp":1611593800,"path_taken":["M","?","M","M","$","R","E","M","T","R","E","M","$","E","R","BOSS","M","$","?","$","M","R","E","R","T","R","E","M","E","?","R","BOSS"],"items_purchased_type":["Card","Card","Relic"],"build_version":"2020-12-22","purchased_purges":1,"victory":false,"max_hp_per_floor":[72,72,72,72,72,72,72,72,72,72,72,72,72,72,72,72,72,72,72,72,72,72,72,72,72,72,72,72,72,72,72,72,72,72],"relic_stats":{"counters":[16,82],"Sundial":[8],"Shuriken":[3],"Blue Candle":[0],"MealTicket":27,"Turnip":[0],"Juzu Bracelet":0,"MawBank":84,"obtain_stats":[{"Blue Candle":24,"Juzu Bracelet":28,"Frozen Egg 2":21,"Ancient Tea Set":2,"MawBank":14,"Akabeko":0,"Blood Vial":11,"Anchor":26,"Sundial":7,"Shuriken":31,"MealTicket":9,"Fusion Hammer":17,"Turnip":30,"PureWater":0},{"Blue Candle":12,"Juzu Bracelet":13,"Frozen Egg 2":10,"Ancient Tea Set":1,"MawBank":8,"Akabeko":0,"Blood Vial":6,"Anchor":12,"Sundial":4,"Shuriken":15,"MealTicket":5,"Fusion Hammer":9,"Turnip":15,"PureWater":0},{"Blue Candle":55,"Juzu Bracelet":62,"Frozen Egg 2":48,"Ancient Tea Set":4,"MawBank":28,"Akabeko":0,"Blood Vial":19,"Anchor":55,"Sundial":14,"Shuriken":76,"MealTicket":15,"Fusion Hammer":41,"Turnip":76,"PureWater":0}]},"card_choices":[{"not_picked":["FlurryOfBlows","ReachHeaven"],"picked":"CarveReality","floor":1.0},{"not_picked":["ClearTheMind","BowlingBash"],"picked":"SashWhip","floor":3.0},{"not_picked":["CrushJoints","Sanctity"],"picked":"Conclude","floor":4.0},{"not_picked":["Nirvana","MentalFortress"],"picked":"InnerPeace","floor":7.0},{"not_picked":["Halt","Indignation","BattleHymn"],"picked":"SKIP","floor":8.0},{"not_picked":["FollowUp","FlyingSleeves"],"picked":"Protect","floor":11.0},{"not_picked":["Alpha","Pray","PathToVictory"],"picked":"SKIP","floor":12.0},{"not_picked":["Halt","BowlingBash","SashWhip"],"picked":"SKIP","floor":14.0},{"not_picked":["Brilliance","Alpha"],"picked":"Wish","floor":16.0},{"not_picked":["DeceiveReality","JustLucky"],"picked":"Adaptation+1","floor":18},{"not_picked":["DeceiveReality+1","Collect"],"picked":"FlurryOfBlows+1","floor":22},{"not_picked":["ClearTheMind","EmptyBody","SandsOfTime"],"picked":"SKIP","floor":24},{"not_picked":["Sanctity","FlyingSleeves"],"picked":"Fasting2+1","floor":28},{"not_picked":["ForeignInfluence","Study+1"],"picked":"WaveOfTheHand","floor":29},{"not_picked":["Scrawl","Protect"],"picked":"Devotion+1","floor":30}],"player_experience":1467637,"relics_obtained":[{"floor":7.0,"key":"Sundial"},{"floor":9.0,"key":"MealTicket"},{"floor":11.0,"key":"Blood Vial"},{"floor":14.0,"key":"MawBank"},{"floor":24,"key":"Blue Candle"},{"floor":26,"key":"Anchor"},{"floor":28,"key":"Juzu Bracelet"},{"floor":30,"key":"Turnip"}],"event_choices":[{"damage_healed":0.0,"max_hp_gain":0.0,"max_hp_loss":0.0,"gold_gain":0.0,"event_name":"Scrap Ooze","player_choice":"Success","floor":2.0,"gold_loss":0.0,"damage_taken":12.0,"relics_obtained":["Ancient Tea Set"]},{"damage_healed":0,"gold_gain":0,"player_choice":"Became a vampire (Vial)","damage_taken":0,"max_hp_gain":0,"max_hp_loss":0,"event_name":"Vampires","floor":20,"relics_lost":["Blood Vial"],"gold_loss":0,"cards_obtained":["Bite","Bite","Bite","Bite","Bite"]},{"damage_healed":0,"gold_gain":0,"player_choice":"Obtained Relic","damage_taken":0,"relics_obtained":["Shuriken"],"max_hp_gain":0,"max_hp_loss":0,"event_name":"Addict","floor":31,"gold_loss":85}],"is_beta":false,"boss_relics":[{"not_picked":["Pandora\u0027s Box","Runic Dome"],"picked":"Fusion Hammer"}],"items_purged_floors":[5],"is_endless":false,"potions_floor_spawned":[1,3,11,12,14,16,22,29],"killed_by":"Automaton","ascension_level":12}}