{"host":"sav7uxregyirlf69","time":1611581324,"event":{"mods":["AchievementEnabler","BaseMod","Colored Map","DeckTracker","Keyboard Shortcuts","Minty Spire (QoL Compilation)","READ ME - Guardian Mod","StSLib","SuperFastMode"],"gold_per_floor":[364,52,52,70,70,70,90,90,145,180,80,80,90,90,90,162,162,174,193,193,108,18,46,58,58,58,58,69,99,99,130,130,202,202,213,213,238,66,78,107,107,134,158,177,177,177,203,220,220,220,220],"floor_reached":50,"language":"KOR","playtime":1332,"items_purged":["Normality","Defend_G"],"score":1318,"play_id":"2d00720e-780e-4f8d-80db-017f5636c0a0","local_time":"20210125222844","is_ascension_mode":true,"campfire_choices":[{"data":"Deadly Poison","floor":6.0,"key":"SMITH"},{"data":"Riddle With Holes","floor":8.0,"key":"SMITH"},{"floor":15.0,"key":"REST"},{"floor":25.0,"key":"REST"},{"floor":32.0,"key":"REST"},{"floor":41.0,"key":"REST"},{"floor":49.0,"key":"RECALL"}],"circlet_count":0,"master_deck":["AscendersBane","Strike_G","Strike_G+1","Defend_G","Defend_G","Defend_G","Defend_G+1","Survivor","Neutralize","Apotheosis+1","Caltrops+1","Deadly Poison+1","Riddle With Holes+1","Adrenaline","Dagger Spray","Die Die Die","CurseOfTheBell","Noxious Fumes","Catalyst","Tactician","Blur","Night Terror","Deep Breath","Finesse","Acrobatics","Prepared","Venomology","Backflip+1","Reflex","Acrobatics","Catalyst+1","All Out Attack","Footwork+1"],"relics":["Ring of the Snake","War Paint","Bronze Scales","Orichalcum","Mercury Hourglass","Calling Bell","Strawberry","Question Card","Pocketwatch","CaptainsWheel","Sundial","StrikeDummy","Art of War","Frozen Egg 2","Potion Belt","HoveringKite","Orrery","Dream Catcher","Happy Flower","FossilizedHelix","Toxic Egg 2"],"acts_visited":["Exordium","TheCity","TheBeyond"],"potions_floor_usage":[50,50],"damage_taken":[{"damage":0.0,"enemies":"2 Louse","floor":1.0,"turns":4.0},{"damage":7.0,"enemies":"Small Slimes","floor":4.0,"turns":4.0},{"damage":0.0,"enemies":"Cultist","floor":7.0,"turns":4.0},{"damage":21.0,"enemies":"3 Sentries","floor":10.0,"turns":8.0},{"damage":0.0,"enemies":"Red Slaver","floor":13.0,"turns":2.0},{"damage":13.0,"enemies":"Slime Boss","floor":16.0,"turns":9.0},{"damage":2.0,"enemies":"3 Byrds","floor":18.0,"turns":2.0},{"damage":6.0,"enemies":"Chosen","floor":19.0,"turns":4.0},{"damage":2.0,"enemies":"Book of Stabbing","floor":23.0,"turns":4.0},{"damage":12.0,"enemies":"Snecko","floor":24.0,"turns":5.0},{"damage":25.0,"enemies":"Shelled Parasite and Fungi","floor":28.0,"turns":3.0},{"damage":9.0,"enemies":"Gremlin Leader","floor":29.0,"turns":5.0},{"damage":11.0,"enemies":"Book of Stabbing","floor":31.0,"turns":4.0},{"damage":13.0,"enemies":"Champ","floor":33.0,"turns":10.0},{"damage":4.0,"enemies":"Orb Walker","floor":35.0,"turns":3.0},{"damage":0.0,"enemies":"Mind Bloom Boss Battle","floor":37.0,"turns":7.0},{"damage":41.0,"enemies":"3 Darklings","floor":39.0,"turns":4.0},{"damage":4.0,"enemies":"Reptomancer","floor":40.0,"turns":7.0},{"damage":0.0,"enemies":"Nemesis","floor":42.0,"turns":3.0},{"damage":29.0,"enemies":"Transient","floor":44.0,"turns":6.0},{"damage":0.0,"enemies":"Giant Head","floor":47.0,"turns":5.0},{"damage":12.0,"enemies":"Writhing Mass","floor":48.0,"turns":5.0},{"damage":9,"enemies":"Awakened One","floor":50,"turns":14}],"seed_played":"-2144645512161010286","potions_obtained":[{"floor":7.0,"key":"SkillPotion"},{"floor":10.0,"key":"Swift Potion"},{"floor":13.0,"key":"SkillPotion"},{"floor":18.0,"key":"FairyPotion"},{"floor":19.0,"key":"FairyPotion"},{"floor":24.0,"key":"Fruit Juice"},{"floor":31.0,"key":"FearPotion"},{"floor":44.0,"key":"AttackPotion"}],"is_trial":false,"path_per_floor":["M","$","?","M","?","R","M","R","T","E","$","T","M","?","R","B",null,"M","M","?","?","$","E","M","R","T","?","M","E","T","E","R","B",null,"M","?","?","$","M","E","R","E","T","M","T","?","E","M","R","B"],"character_chosen":"THE_SILENT","items_purchased":["Apotheosis","Caltrops","Catalyst","Orrery"],"campfire_rested":4,"item_purchase_floors":[2,2,22,38],"current_hp_per_floor":[59,59,54,47,47,47,47,47,47,26,26,26,26,6,25,12,60,58,52,52,52,52,50,38,59,59,59,34,25,25,14,42,29,66,62,52,52,52,11,7,30,30,30,1,1,1,1,17,17,8,8],"gold":220,"neow_bonus":"TWO_FIFTY_GOLD","is_daily":false,"chose_seed":false,"campfire_upgraded":2,"win_rate":0.0,"timestamp":1611581324,"path_taken":["M","$","?","M","?","R","?","R","T","E","$","?","?","?","R","BOSS","M","M","?","?","$","E","M","R","T","?","M","E","?","E","R","BOSS","M","?","?","$","M","E","R","E","T","M","?","?","E","M","R","BOSS"],"items_purchased_type":["Card","Card","Card","Relic"],"build_version":"2020-12-22","purchased_purges":2,"victory":false,"max_hp_per_floor":[66,66,66,66,66,66,66,66,66,66,66,66,66,66,66,66,73,73,73,73,73,73,73,73,73,73,73,73,73,73,73,78,78,78,78,78,78,78,78,78,78,78,78,78,78,78,78,78,78,78,78],"card_choices":[{"not_picked":["Riddle With Holes","Dodge and Roll","Infinite Blades"],"picked":"SKIP","floor":1.0},{"not_picked":["Catalyst","Escape Plan"],"picked":"Deadly Poison","floor":4.0},{"not_picked":["Quick Slash","Sucker Punch"],"picked":"Riddle With Holes","floor":7.0},{"not_picked":["Deflect","Backflip"],"picked":"Adrenaline","floor":10.0},{"not_picked":["Prepared","Finisher"],"picked":"Dagger Spray","floor":13.0},{"not_picked":["Glass Knife","Doppelganger"],"picked":"Die Die Die","floor":16.0},{"not_picked":["Backstab","Flying Knee","Outmaneuver"],"picked":"Noxious Fumes","floor":18.0},{"not_picked":["Dodge and Roll","Underhanded Strike","Outmaneuver","Accuracy"],"picked":"SKIP","floor":19.0},{"not_picked":["Dagger Throw","Endless Agony","Outmaneuver","Flechettes"],"picked":"SKIP","floor":23.0},{"not_picked":["Sucker Punch","Unload","Backstab","Underhanded Strike"],"picked":"SKIP","floor":24.0},{"not_picked":["Blade Dance","Deadly Poison","Bouncing Flask+1"],"picked":"Tactician","floor":28.0},{"not_picked":["Slice","Finisher","Deadly Poison","Concentrate"],"picked":"SKIP","floor":29.0},{"not_picked":["Finisher","Heel Hook","Storm of Steel"],"picked":"Blur","floor":31.0},{"not_picked":["Grand Finale","Die Die Die","Tools of the Trade+1"],"picked":"Night Terror","floor":33.0},{"not_picked":["Outmaneuver","Expertise","Flying Knee","Caltrops+1"],"picked":"SKIP","floor":35.0},{"not_picked":["The Bomb","Good Instincts","Magnetism+1"],"picked":"Deep Breath","floor":36.0},{"not_picked":["Good Instincts","Transmutation","Impatience"],"picked":"Finesse","floor":36.0},{"not_picked":["Expertise","Poisoned Stab","Distraction"],"picked":"Acrobatics","floor":38.0},{"not_picked":["Bane","PiercingWail+1","Blade Dance"],"picked":"Prepared","floor":38.0},{"not_picked":["Dagger Spray","Blade Dance+1","Envenom+1"],"picked":"Venomology","floor":38.0},{"not_picked":["Dodge and Roll","Venomology","Dagger Spray"],"picked":"Backflip+1","floor":39.0},{"not_picked":["PiercingWail","Deadly Poison","Catalyst","Dagger Throw"],"picked":"SKIP","floor":40.0},{"not_picked":["Deadly Poison","Night Terror","Backstab"],"picked":"Reflex","floor":41.0},{"not_picked":["Predator","Choke","Acrobatics","Catalyst"],"picked":"SKIP","floor":42.0},{"not_picked":["Predator","Choke","Catalyst"],"picked":"Acrobatics","floor":42.0},{"not_picked":["Flying Knee","Sucker Punch+1","Bouncing Flask"],"picked":"Catalyst+1","floor":44.0},{"not_picked":["Predator+1","Cloak And Dagger+1","Dodge and Roll+1","Backflip+1"],"picked":"SKIP","floor":47.0},{"not_picked":["Bouncing Flask+1","Outmaneuver+1","Setup+1"],"picked":"Footwork+1","floor":48.0}],"player_experience":1380481,"relics_obtained":[{"floor":9.0,"key":"Bronze Scales"},{"floor":10.0,"key":"Orichalcum"},{"floor":12.0,"key":"Mercury Hourglass"},{"floor":17.0,"key":"Strawberry"},{"floor":17.0,"key":"Question Card"},{"floor":17.0,"key":"Pocketwatch"},{"floor":23.0,"key":"Sundial"},{"floor":26.0,"key":"StrikeDummy"},{"floor":29.0,"key":"Art of War"},{"floor":30.0,"key":"Frozen Egg 2"},{"floor":31.0,"key":"Potion Belt"},{"floor":40.0,"key":"Dream Catcher"},{"floor":42.0,"key":"Happy Flower"},{"floor":45.0,"key":"FossilizedHelix"},{"floor":47.0,"key":"Toxic Egg 2"}],"event_choices":[{"damage_healed":0.0,"max_hp_gain":0.0,"max_hp_loss":0.0,"gold_gain":0.0,"event_name":"Scrap Ooze","player_choice":"Success","floor":3.0,"gold_loss":0.0,"damage_taken":5.0,"relics_obtained":["War Paint"]},{"cards_removed":["Strike_G"],"damage_healed":0.0,"max_hp_gain":0.0,"max_hp_loss":0.0,"gold_gain":0.0,"event_name":"Purifier","player_choice":"Purged","floor":5.0,"gold_loss":0.0,"damage_taken":0.0},{"damage_healed":0.0,"max_hp_gain":0.0,"max_hp_loss":0.0,"gold_gain":0.0,"event_name":"Shining Light","player_choice":"Entered Light","floor":14.0,"gold_loss":0.0,"damage_taken":20.0,"cards_upgraded":["Caltrops","Strike_G"]},{"cards_removed":["Strike_G"],"damage_healed":0.0,"max_hp_gain":0.0,"max_hp_loss":0.0,"gold_gain":0.0,"event_name":"Back to Basics","player_choice":"Elegance","floor":20.0,"gold_loss":0.0,"damage_taken":0.0},{"damage_healed":0.0,"max_hp_gain":0.0,"max_hp_loss":0.0,"gold_gain":0.0,"event_name":"Addict","player_choice":"Obtained Relic","floor":21.0,"gold_loss":85.0,"damage_taken":0.0,"relics_obtained":["CaptainsWheel"]},{"damage_healed":0.0,"max_hp_gain":0.0,"max_hp_loss":0.0,"gold_gain":0.0,"event_name":"The Mausoleum","player_choice":"Ignored","floor":27.0,"gold_loss":0.0,"damage_taken":0.0},{"damage_healed":0.0,"max_hp_gain":0.0,"max_hp_loss":0.0,"gold_gain":0.0,"event_name":"SensoryStone","player_choice":"Memory 3","floor":36.0,"gold_loss":0.0,"damage_taken":10.0},{"damage_healed":0.0,"max_hp_gain":0.0,"max_hp_loss":0.0,"gold_gain":0.0,"event_name":"MindBloom","player_choice":"Fight","floor":37.0,"gold_loss":0.0,"damage_taken":0.0},{"damage_healed":0.0,"max_hp_gain":0.0,"max_hp_loss":0.0,"gold_gain":0.0,"cards_transformed":["Strike_G"],"event_name":"Transmorgrifier","player_choice":"Transformed","floor":46.0,"gold_loss":0.0,"damage_taken":0.0,"cards_obtained":["All Out Attack"]}],"is_beta":false,"boss_relics":[{"not_picked":["SacredBark","Runic Dome"],"picked":"Calling Bell"},{"not_picked":["Coffee Dripper","Ring of the Serpent"],"picked":"HoveringKite"}],"items_purged_floors":[2,11],"is_endless":false,"potions_floor_spawned":[7,10,13,18,19,24,31,40,44],"killed_by":"Awakened One","ascension_level":20}}