{"host":"i0avyit1s6jb1siw","time":1611564795,"event":{"mods":["BaseMod","DeckTracker","Dota2Spire","Highlight Path","Minty Spire (QoL Compilation)","Quick Restart","StSLib","SuperFastMode"],"gold_per_floor":[111,51,51,31,48,66,91,91,91,146,146,157,157,207,207,314,314,330,49,49,95,140,140,184,184,184,204,281,281,326,368,368,368,368],"floor_reached":33,"language":"ENG","playtime":677,"items_purged":[],"score":522,"play_id":"73d70a23-8bac-4392-99f0-2ed6c602c2d5","local_time":"20210125095315","is_ascension_mode":true,"campfire_choices":[{"data":"Perfected Strike","floor":8,"key":"SMITH"},{"data":"Bash","floor":11,"key":"SMITH"},{"data":"Pommel Strike","floor":15,"key":"SMITH"},{"floor":23,"key":"REST"},{"floor":29,"key":"REST"},{"data":"Fire Breathing","floor":32,"key":"SMITH"}],"circlet_count":0,"master_deck":["AscendersBane","Strike_R+1","Strike_R+1","Strike_R+1","Strike_R+1","Strike_R+1","Defend_R+1","Defend_R+1","Defend_R+1","Defend_R+1","Bash+1","Wild Strike","Perfected Strike+1","Seeing Red","Pommel Strike+1","Shrug It Off","Ghostly Armor","Pommel Strike+1","Demon Form","Feel No Pain","Fire Breathing+1","Flame Barrier","Disarm","Evolve","Flame Barrier","Disarm"],"relics":["Burning Blood","NeowsBlessing","Turnip","Dota2Spire:HandOfMidas","StoneCalendar","Whetstone","Mark of Pain","Question Card"],"acts_visited":["Exordium","TheCity"],"potions_floor_usage":[7,16,24],"damage_taken":[{"damage":0,"enemies":"Jaw Worm","floor":1,"turns":1},{"damage":0,"enemies":"Cultist","floor":5,"turns":1},{"damage":0,"enemies":"2 Louse","floor":6,"turns":1},{"damage":22,"enemies":"Lagavulin","floor":7,"turns":7},{"damage":32,"enemies":"Gremlin Nob","floor":10,"turns":4},{"damage":6,"enemies":"Lots of Slimes","floor":12,"turns":4},{"damage":0,"enemies":"Exordium Wildlife","floor":14,"turns":2},{"damage":10,"enemies":"The Guardian","floor":16,"turns":11},{"damage":18,"enemies":"Spheric Guardian","floor":18,"turns":4},{"damage":14,"enemies":"Chosen","floor":21,"turns":4},{"damage":35,"enemies":"Shelled Parasite and Fungi","floor":22,"turns":7},{"damage":43,"enemies":"Sentry and Sphere","floor":24,"turns":5},{"damage":0,"enemies":"Snake Plant","floor":27,"turns":4},{"damage":2,"enemies":"Cultist and Chosen","floor":28,"turns":7},{"damage":6,"enemies":"Centurion and Healer","floor":30,"turns":5},{"damage":22,"enemies":"Snake Plant","floor":31,"turns":6},{"damage":35,"enemies":"Collector","floor":33,"turns":5}],"seed_played":"8864739733227255803","potions_obtained":[{"floor":1,"key":"BlessingOfTheForge"},{"floor":4,"key":"HeartOfIron"},{"floor":10,"key":"BlessingOfTheForge"},{"floor":18,"key":"LiquidMemories"},{"floor":27,"key":"Ancient Potion"}],"is_trial":false,"path_per_floor":["M","?","$","?","M","M","E","R","T","E","R","M","?","M","R","B",null,"M","$","?","M","M","R","M","?","T","M","M","R","M","M","R","B"],"character_chosen":"IRONCLAD","items_purchased":["Question Card"],"campfire_rested":2,"item_purchase_floors":[19],"current_hp_per_floor":[74,74,74,74,75,75,59,59,59,33,33,33,38,44,44,40,70,58,58,58,50,21,45,8,8,8,14,18,42,42,26,26,0,0],"gold":368,"neow_bonus":"THREE_ENEMY_KILL","is_daily":false,"chose_seed":false,"campfire_upgraded":4,"win_rate":0.0,"timestamp":1611564795,"path_taken":["M","?","?","?","?","M","E","R","T","E","R","M","?","M","R","BOSS","M","$","?","M","M","R","M","?","T","M","M","R","M","M","R","BOSS"],"items_purchased_type":["Relic"],"build_version":"2020-12-22","purchased_purges":0,"victory":false,"max_hp_per_floor":[75,75,75,75,75,75,75,75,75,75,75,75,80,80,80,80,80,80,80,80,80,80,80,80,80,80,80,80,80,80,80,80,80,80],"card_choices":[{"not_picked":["Rampage","Iron Wave"],"picked":"Wild Strike","floor":1},{"not_picked":["Pummel","Clash"],"picked":"Perfected Strike","floor":5},{"not_picked":["Havoc","Disarm"],"picked":"Seeing Red","floor":6},{"not_picked":["Iron Wave","Barricade"],"picked":"Pommel Strike","floor":7},{"not_picked":["True Grit","Sword Boomerang"],"picked":"Shrug It Off","floor":10},{"not_picked":["Clothesline","Battle Trance"],"picked":"Ghostly Armor","floor":12},{"not_picked":["Flex","Intimidate"],"picked":"Pommel Strike","floor":14},{"not_picked":["Fiend Fire","Brutality"],"picked":"Demon Form","floor":16},{"not_picked":["Twin Strike","Havoc+1"],"picked":"Feel No Pain","floor":18},{"not_picked":["True Grit","Seeing Red+1","Pommel Strike"],"picked":"Fire Breathing","floor":21},{"not_picked":["Fire Breathing","Armaments+1","Clothesline"],"picked":"Flame Barrier","floor":22},{"not_picked":["Infernal Blade","Twin Strike","Perfected Strike"],"picked":"Disarm","floor":24},{"not_picked":["Sword Boomerang","Anger","Headbutt+1"],"picked":"Evolve","floor":27},{"not_picked":["Sever Soul","Uppercut","True Grit"],"picked":"Flame Barrier","floor":28},{"not_picked":["Cleave","Warcry","Thunderclap","Reckless Charge"],"picked":"SKIP","floor":30},{"not_picked":["Juggernaut","Warcry","Spot Weakness"],"picked":"Disarm","floor":31}],"player_experience":2329929,"relics_obtained":[{"floor":7,"key":"Dota2Spire:HandOfMidas"},{"floor":9,"key":"StoneCalendar"},{"floor":10,"key":"Whetstone"}],"event_choices":[{"damage_healed":0,"gold_gain":0,"player_choice":"Paid Gold","damage_taken":0,"relics_obtained":["Turnip"],"max_hp_gain":0,"max_hp_loss":0,"event_name":"WeMeetAgain","floor":2,"gold_loss":60},{"damage_healed":0,"gold_gain":0,"player_choice":"Bought 1 Potion","damage_taken":0,"max_hp_gain":0,"max_hp_loss":0,"event_name":"The Woman in Blue","floor":4,"gold_loss":0},{"damage_healed":0,"gold_gain":0,"player_choice":"Donut","damage_taken":0,"max_hp_gain":5,"max_hp_loss":0,"event_name":"Big Fish","floor":13,"gold_loss":0},{"damage_healed":0,"gold_gain":0,"player_choice":"Simplicity","damage_taken":0,"max_hp_gain":0,"max_hp_loss":0,"event_name":"Back to Basics","floor":20,"gold_loss":0,"cards_upgraded":["Strike_R","Strike_R","Strike_R","Strike_R","Defend_R","Defend_R","Defend_R","Defend_R"]},{"damage_healed":0,"gold_gain":0,"player_choice":"Ignored","damage_taken":0,"max_hp_gain":0,"max_hp_loss":0,"event_name":"Vampires","floor":25,"gold_loss":0}],"is_beta":false,"boss_relics":[{"not_picked":["Pandora\u0027s Box","Runic Dome"],"picked":"Mark of Pain"}],"items_purged_floors":[],"is_endless":false,"potions_floor_spawned":[1,6,10,18,22,27,30],"killed_by":"Collector","ascension_level":20}}