{"host":"u1da1lc0tpe6m2ba","time":1611595337,"event":{"mods":["AchievementEnabler","Act Like it!","BaseMod","BetterRewards","Card Forge","Colored Powertips","Gensokyo","Infinite Spire","Koishi","Marisa????????","Minty Spire (QoL Compilation)","Permanent Neow","Remilia??????","Shop Mod","StSLib","SuperFastMode","The Cursed","The Servant 0.9.4"],"gold_per_floor":[210,210,210,210,231,231,270,270,270,270,33,57,73,87,87,215,215,239,283,558,2764,2778,2778,2778,2803,2829,2478,2522,2534,2546,2598,2610,2748,2760,2792,2804,2816,2738,2765,2777,2789,2835,2847,2859,2871,2924,2952,2561,2561,2561],"floor_reached":51,"language":"ENG","playtime":2806,"items_purged":[],"score":936,"play_id":"24bf68af-5e3f-4b3c-989c-af62a4b2c9eb","local_time":"20210125172217","is_ascension_mode":false,"campfire_choices":[{"floor":6,"key":"REST"},{"floor":10,"key":"REST"},{"floor":15,"key":"RECALL"},{"floor":23,"key":"REST"},{"floor":30,"key":"REST"},{"floor":32,"key":"REST"},{"floor":40,"key":"REST"},{"floor":44,"key":"REST"},{"floor":49,"key":"REST"}],"circlet_count":0,"master_deck":["Koishi:BasicStrike+1","Koishi:BasicStrike+1","Koishi:BasicStrike+1","Koishi:BasicStrike+1","Koishi:BasicDefend+1","Koishi:BasicDefend+1","Koishi:BasicDefend+1","Koishi:BasicDefend+1","Koishi:Provoke+1","Koishi:HauntingSlash+1","Koishi:DreadfulBlow+1","Koishi:JumpScare+1","Koishi:Heartbroken+1","Bandage Up+1","Koishi:MindNumbingTerror+1","Koishi:StingingMind+1","Koishi:FleetingPhantom+1","Koishi:TerrifyingSpectre+1","Koishi:EmbryosDream+1","Koishi:RacingHeart+1","Koishi:SprinkleStarAndHeart+1","Good Instincts+1","Koishi:RacingHeart+1","Koishi:UnconsciousUrges+1","Koishi:ParalyzingFear+1","Koishi:JumpScare+1","Koishi:CatchAndRose+1","Koishi:Ego+1","Koishi:ReflexRadar+1","Koishi:CatchAndRose+1","Koishi:ReflexRadar+1","Koishi:VengefulSpirit+1","infinitespire:Gouge+1","Koishi:DNAsFlaw+1","Koishi:RoseHell+1","Koishi:UnansweredLove+1","Gensokyo:CustomPotion","Koishi:SubconsciousSweep+1","Koishi:MindStellarRelief+1","Koishi:MassHysteria+1","Koishi:SprinkleStarAndHeart+1","Koishi:StingingMind+1","Koishi:BloodcurdlingScream+1","Jack Of All Trades+1"],"relics":["Koishi:ImaginaryFriend","Hammer of Thor","Seething Fire","Anvil of the Gods","Ice Cream","infinitespire:PuzzleCube","Golden Idol","Boot","AntiCross","Spirit Poop","Ginger","Medical Kit","Blue Candle","Fusion Hammer","Red Mask","Koishi:LettersToReimu","Frozen Eye","Molten Egg 2","Frozen Egg 2","Toxic Egg 2","PreservedInsect","Bag of Preparation","Orrery","MawBank","Nunchaku","Lantern","Pantograph","infinitespire:Lucky Rock","Bird Faced Urn"],"acts_visited":["Exordium","TheCity","TheCity"],"potions_floor_usage":[21,33,50,50],"damage_taken":[{"damage":7,"enemies":"Small Slimes","floor":1,"turns":5},{"damage":7,"enemies":"2 Louse","floor":5,"turns":2},{"damage":30,"enemies":"3 Sentries","floor":7,"turns":10},{"damage":1,"enemies":"Cultist","floor":12,"turns":3},{"damage":3,"enemies":"Looter","floor":13,"turns":2},{"damage":6,"enemies":"Red Slaver","floor":14,"turns":2},{"damage":31,"enemies":"The Guardian","floor":16,"turns":5},{"damage":3,"enemies":"Chosen","floor":18,"turns":3},{"damage":14,"enemies":"Masked Bandits","floor":19,"turns":3},{"damage":7,"enemies":"2 Thieves","floor":22,"turns":3},{"damage":15,"enemies":"Shelled Parasite and Fungi","floor":25,"turns":3},{"damage":1,"enemies":"Nightmare","floor":28,"turns":5},{"damage":13,"enemies":"Book of Stabbing","floor":31,"turns":3},{"damage":17,"enemies":"Collector","floor":33,"turns":5},{"damage":0,"enemies":"Gensokyo:3_Boulders","floor":35,"turns":5},{"damage":2,"enemies":"Gensokyo:AncientGuardian","floor":39,"turns":3},{"damage":37,"enemies":"Gensokyo:Marisa","floor":42,"turns":4},{"damage":22,"enemies":"Gensokyo:Doremy","floor":46,"turns":4},{"damage":14,"enemies":"Gensokyo:4_Bats","floor":47,"turns":5},{"damage":23,"enemies":"Gensokyo:Yuyuko","floor":50,"turns":3}],"seed_played":"1839439711830498365","potions_obtained":[{"floor":1,"key":"SmokeBomb"},{"floor":12,"key":"Regen Potion"},{"floor":13,"key":"Strength Potion"},{"floor":14,"key":"Block Potion"},{"floor":33,"key":"infinitespire:BlackPotion"},{"floor":42,"key":"infinitespire:BlackPotion"}],"is_trial":false,"path_per_floor":["M","?","?","?","M","R","E","?","T","R","$","M","M","M","R","B",null,"M","?","?","$","M","R","?","M","T","$","NM","AVR","R","E","R","B",null,"M","?","?","?","M","R","?","E","T","R","T","E","M","$","R","B",null],"character_chosen":"KOISHI","items_purchased":["Medical Kit","Bandage Up","Koishi:LettersToReimu","Frozen Eye","Fruit Juice","EntropicBrew","Koishi:SprinkleStarAndHeart","Good Instincts","Koishi:RacingHeart","Koishi:JumpScare+1","Bag of Preparation","Orrery","Koishi:BloodcurdlingScream+1","Bird Faced Urn","Jack Of All Trades+1"],"campfire_rested":8,"item_purchase_floors":[11,11,21,21,21,21,21,21,21,27,27,27,48,48,48],"current_hp_per_floor":[54,54,39,39,34,52,29,29,29,47,47,56,59,60,60,51,60,60,49,49,54,61,65,65,63,63,63,65,65,65,60,65,65,65,65,65,56,56,63,65,65,42,42,61,61,59,60,60,65,65],"gold":2561,"neow_bonus":"HUNDRED_GOLD","is_daily":false,"chose_seed":false,"campfire_upgraded":0,"win_rate":0.0,"timestamp":1611595337,"path_taken":["M","?","?","?","?","R","E","?","T","R","$","M","?","M","R","BOSS","M","?","?","$","?","R","?","M","T","?","NM","AVR","R","E","R","BOSS","M","?","?","?","M","R","?","E","T","R","?","E","M","$","R","BOSS"],"items_purchased_type":["Relic","Card","Relic","Relic","Potion","Potion","Card","Card","Card","Card","Relic","Relic","Card","Relic","Card"],"build_version":"2020-12-22","purchased_purges":0,"victory":true,"max_hp_per_floor":[60,60,60,60,60,60,60,60,60,60,60,60,60,60,60,60,60,60,60,60,65,65,65,65,65,65,65,65,65,65,65,65,65,65,65,65,65,65,65,65,65,65,65,65,65,65,65,65,65,65],"card_choices":[{"not_picked":["Koishi:Catatonia","Koishi:PhilosophyOfTheDespised"],"picked":"Koishi:DreadfulBlow","floor":1},{"not_picked":["Koishi:UnansweredLove","Koishi:SpiritedAway"],"picked":"Koishi:JumpScare","floor":5},{"not_picked":["Koishi:UnansweredLove","Koishi:RacingHeart"],"picked":"Koishi:Heartbroken","floor":7},{"not_picked":["Koishi:SubterraneanRose","Koishi:FreudianInstinct"],"picked":"Koishi:MindNumbingTerror","floor":12},{"not_picked":["Koishi:PhilosophyOfTheDespised","Koishi:FleetingPhantom"],"picked":"Koishi:StingingMind","floor":13},{"not_picked":["Koishi:GeneticsOfTheUnconscious","Koishi:UnansweredLove"],"picked":"Koishi:FleetingPhantom","floor":14},{"not_picked":["Koishi:SuperEgo","Koishi:PerfectMindControl"],"picked":"Koishi:TerrifyingSpectre","floor":16},{"not_picked":["Koishi:FleetingPhantom+1","Koishi:HeartAttack"],"picked":"Koishi:EmbryosDream+1","floor":18},{"not_picked":["Koishi:Jaunt","Koishi:MindStellarRelief"],"picked":"Koishi:RacingHeart","floor":19},{"not_picked":["Koishi:FleetingPhantom","Koishi:SpiritedAway"],"picked":"Koishi:UnconsciousUrges","floor":22},{"not_picked":["Koishi:FourthEye+1","Koishi:FleetingPhantom+1"],"picked":"Koishi:ParalyzingFear+1","floor":25},{"not_picked":["Koishi:Bloodlust+1","Koishi:PhantomStrike+1"],"picked":"Koishi:CatchAndRose+1","floor":27},{"not_picked":["Koishi:UnconsciousUrges+1","Koishi:LastRemote+1"],"picked":"Koishi:Ego+1","floor":27},{"not_picked":["Koishi:DanmakuParanoia+1","Koishi:DreadfulBlow+1"],"picked":"Koishi:ReflexRadar+1","floor":27},{"not_picked":["Koishi:BramblyRoseGarden+1","Koishi:DNAsFlaw+1"],"picked":"Koishi:CatchAndRose+1","floor":27},{"not_picked":["Koishi:Possession+1","Koishi:Heartbroken+1"],"picked":"Koishi:ReflexRadar+1","floor":27},{"not_picked":["Koishi:SpiritedAway+1","Koishi:DanmakuParanoia+1"],"picked":"Koishi:VengefulSpirit+1","floor":28},{"not_picked":["Koishi:JumpScare+1","Koishi:SuperEgo+1"],"picked":"Koishi:DNAsFlaw+1","floor":31},{"not_picked":["Koishi:SilentAndRestless+1","Koishi:ConditionedTeleport+1"],"picked":"Koishi:RoseHell+1","floor":33},{"not_picked":["Koishi:SpiritedAway+1","Koishi:PhilosophyOfTheDespised+1"],"picked":"Koishi:UnansweredLove+1","floor":35},{"not_picked":["Koishi:ApparitionsStalkTheNight+1","Koishi:LastRemote+1"],"picked":"Koishi:SubconsciousSweep+1","floor":39},{"not_picked":["Koishi:EmbryosDream+1","Koishi:FourthEye+1"],"picked":"Koishi:MassHysteria+1","floor":42},{"not_picked":["Koishi:UnconsciousUrges+1","Koishi:EmbryosDream+1"],"picked":"Koishi:SprinkleStarAndHeart+1","floor":46},{"not_picked":["Koishi:Prune+1","Koishi:ReflexRadar+1"],"picked":"Koishi:StingingMind+1","floor":47}],"player_experience":158430,"relics_obtained":[{"floor":7,"key":"AntiCross"},{"floor":9,"key":"Ginger"},{"floor":19,"key":"Red Mask"},{"floor":26,"key":"PreservedInsect"},{"floor":28,"key":"MawBank"},{"floor":31,"key":"Nunchaku"},{"floor":42,"key":"Lantern"},{"floor":45,"key":"Pantograph"},{"floor":46,"key":"infinitespire:Lucky Rock"}],"event_choices":[{"damage_healed":0,"gold_gain":0,"player_choice":"Box","damage_taken":0,"relics_obtained":["infinitespire:PuzzleCube"],"max_hp_gain":0,"max_hp_loss":0,"event_name":"Big Fish","floor":2,"gold_loss":0,"cards_obtained":["Regret"]},{"damage_healed":0,"gold_gain":0,"player_choice":"Take Damage","damage_taken":15,"relics_obtained":["Golden Idol"],"max_hp_gain":0,"max_hp_loss":0,"event_name":"Golden Idol","floor":3,"gold_loss":0},{"damage_healed":0,"gold_gain":0,"player_choice":"Gave Potion","damage_taken":0,"relics_obtained":["Boot"],"max_hp_gain":0,"max_hp_loss":0,"event_name":"WeMeetAgain","floor":4,"gold_loss":0},{"cards_removed":["Regret"],"damage_healed":0,"gold_gain":0,"player_choice":"Offered Curse","damage_taken":0,"relics_obtained":["Spirit Poop"],"max_hp_gain":0,"max_hp_loss":0,"event_name":"Bonfire Elementals","floor":8,"gold_loss":0},{"damage_healed":0,"gold_gain":0,"player_choice":"Fought Bandits","damage_taken":0,"max_hp_gain":0,"max_hp_loss":0,"event_name":"Masked Bandits","floor":19,"gold_loss":0},{"damage_healed":0,"gold_gain":275,"player_choice":"Desecrate","damage_taken":0,"max_hp_gain":0,"max_hp_loss":0,"event_name":"Golden Shrine","floor":20,"gold_loss":0,"cards_obtained":["Regret"]},{"damage_healed":0,"gold_gain":0,"player_choice":"Got Potions","damage_taken":0,"max_hp_gain":0,"max_hp_loss":0,"event_name":"Lab","floor":24,"gold_loss":0}],"is_beta":false,"boss_relics":[{"not_picked":["Calling Bell","SacredBark"],"picked":"Fusion Hammer"},{"not_picked":["Runic Dome","Pandora\u0027s Box","Velvet Choker"]}],"items_purged_floors":[],"is_endless":false,"potions_floor_spawned":[1,12,13,14,16,18,25,28,33,35,42],"ascension_level":0}}