{"host":"0mk07bycsqo1qk03","time":1611604124,"event":{"mods":["BaseMod","Downfall","Hermit","Hubris","Minty Spire (QoL Compilation)","StSLib","The Cursed"],"gold_per_floor":[99,114,130,142,28,28,104,134,167,167,167,202,202,228,239,335,335,235,246,266,282,232,242,265,67,84,84,84,184,184,194,206,304,304,304,318,72,83,83,95,95,125,125,125,138,173,187,239,256,256,256,256],"floor_reached":50,"language":"ENG","playtime":2839,"items_purged":[],"score":653,"play_id":"cc2ec5ea-3374-47e3-a6e1-1c0146f353b8","local_time":"20210125204844","is_ascension_mode":true,"campfire_choices":[{"data":"bronze:Replicate","floor":1,"key":"SMITH"},{"floor":11,"key":"REST"},{"floor":13,"key":"REST"},{"data":"bronze:BuggyMess","floor":18,"key":"SMITH"},{"data":"expansioncontent:DashGenerateEvil","floor":27,"key":"SMITH"},{"data":"bronze:InfiniteLoop","floor":30,"key":"SMITH"},{"data":"bronze:Shell","floor":35,"key":"SMITH"},{"floor":44,"key":"REST"}],"circlet_count":0,"master_deck":["bronze:Strike","bronze:Strike","bronze:Strike","bronze:Strike","bronze:Defend","bronze:Defend","bronze:Defend","bronze:Defend","bronze:Replicate+1","bronze:Goto+1","bronze:WildBeam","bronze:Fortify","bronze:TinkerersToolbox","bronze:Fortify+1","bronze:ItsAFeature","bronze:Constructor+1","bronze:OilSpill","bronze:Refactor","bronze:Repair","bronze:BuggyMess+1","bronze:InfiniteLoop+1","bronze:Repulsor","bronze:BugBarrage","bronze:FineTuning","bronze:Branch","bronze:DelayedGuard","expansioncontent:DashGenerateEvil+1","bronze:OilSpill","bronze:DecaBeam","bronze:Shell+1","bronze:Shell+1","bronze:Return","bronze:BurnOut","bronze:BuggyMess","bronze:Deprecate+1","expansioncontent:DashGenerateEvil+1","bronze:Optimize","bronze:Branch+1","expansioncontent:YouAreMine","Parasite","bronze:Overheat+1","bronze:FunctionCard","bronze:Flail+1"],"relics":["bronze:PlatinumCore","Happy Flower","Sundial","Bag of Preparation","Vajra","Darkstone Periapt","hubris:TerracottaHorce","downfall:HeartBlessingGreen","Lantern","hubris:Towel","ClockworkSouvenir","Molten Egg 2","hubris:Icosahedron","Turnip","Oddly Smooth Stone","Boot","Anchor"],"acts_visited":["Exordium","TheCity","TheBeyond"],"potions_floor_usage":[9,14,20,21,33,33,36,42,50],"damage_taken":[{"damage":9,"enemies":"2 Louse","floor":2,"turns":3},{"damage":3,"enemies":"Small Slimes","floor":3,"turns":2},{"damage":1,"enemies":"Jaw Worm","floor":4,"turns":3},{"damage":3,"enemies":"downfall:FleeingMerchant","floor":5,"turns":4},{"damage":32,"enemies":"Gremlin Nob","floor":9,"turns":4},{"damage":18,"enemies":"Lagavulin","floor":12,"turns":7},{"damage":12,"enemies":"3 Sentries","floor":14,"turns":5},{"damage":4,"enemies":"Blue Slaver","floor":15,"turns":4},{"damage":5,"enemies":"SI_SHIV_ARCHETYPE","floor":16,"turns":9},{"damage":11,"enemies":"3 Byrds","floor":19,"turns":4},{"damage":15,"enemies":"3 Cultists","floor":20,"turns":5},{"damage":18,"enemies":"Snake Plant","floor":21,"turns":4},{"damage":17,"enemies":"Shelled Parasite and Fungi","floor":23,"turns":7},{"damage":3,"enemies":"downfall:FleeingMerchant","floor":25,"turns":4},{"damage":0,"enemies":"Cultist and Chosen","floor":26,"turns":3},{"damage":6,"enemies":"Cultist and Chosen","floor":29,"turns":2},{"damage":8,"enemies":"Centurion and Healer","floor":31,"turns":4},{"damage":14,"enemies":"Shelled Parasite and Fungi","floor":32,"turns":5},{"damage":0,"enemies":"WA_ARCHETYPE_CALM","floor":33,"turns":8},{"damage":27,"enemies":"3 Shapes","floor":36,"turns":5},{"damage":0,"enemies":"downfall:FleeingMerchant","floor":37,"turns":4},{"damage":0,"enemies":"Orb Walker","floor":38,"turns":3},{"damage":5,"enemies":"Spire Growth","floor":40,"turns":5},{"damage":35,"enemies":"Nemesis","floor":42,"turns":7},{"damage":1,"enemies":"Writhing Mass","floor":45,"turns":5},{"damage":18,"enemies":"Reptomancer","floor":46,"turns":8},{"damage":9,"enemies":"4 Shapes","floor":47,"turns":5},{"damage":0,"enemies":"Jaw Worm Horde","floor":49,"turns":3},{"damage":69,"enemies":"IC_BLOCK_ARCHETYPE","floor":50,"turns":10}],"seed_played":"4172267230313100314","potions_obtained":[{"floor":2,"key":"LiquidBronze"},{"floor":4,"key":"DuplicationPotion"},{"floor":12,"key":"EssenceOfSteel"},{"floor":15,"key":"SteroidPotion"},{"floor":16,"key":"BlessingOfTheForge"},{"floor":21,"key":"hexamod:SoulburnPotion"},{"floor":23,"key":"DuplicationPotion"},{"floor":31,"key":"DistilledChaos"},{"floor":33,"key":"champ:CounterPotion"},{"floor":38,"key":"champ:CounterPotion"},{"floor":46,"key":"SpeedPotion"},{"floor":47,"key":"SpeedPotion"}],"is_trial":false,"path_per_floor":["R","M","M","M","$","?","T","?","E","?","R","E","R","E","M","B",null,"R","M","M","M","?","M","T","$","M","R","?","?","R","M","M","B",null,"R","M","$","M","?","M","T","E","?","R","M","E","M","T","M","B"],"character_chosen":"THE_AUTOMATON","items_purchased":["bronze:ItsAFeature","bronze:Constructor","expansioncontent:DashGenerateEvil","ClockworkSouvenir","Molten Egg 2","expansioncontent:DashGenerateEvil+1"],"campfire_rested":3,"item_purchase_floors":[5,5,25,37,37,37],"current_hp_per_floor":[70,61,58,57,54,54,54,54,22,22,43,25,46,34,37,39,62,62,58,50,39,67,57,57,61,68,68,68,62,62,54,47,54,66,66,46,46,53,53,55,55,20,20,41,46,38,36,36,36,0,0,0],"gold":256,"neow_bonus":"RANDOM_COMMON_RELIC","is_daily":false,"chose_seed":false,"campfire_upgraded":5,"win_rate":0.0,"timestamp":1611604124,"path_taken":["R","M","M","M","$","?","T","?","E","?","R","E","R","E","M","BOSS","R","M","M","M","?","M","T","$","M","R","?","?","R","M","M","BOSS","R","M","$","M","?","M","T","E","?","R","?","E","M","?","M","BOSS"],"items_purchased_type":["Card","Card","Card","Relic","Relic","Card"],"build_version":"2020-12-22","purchased_purges":0,"victory":false,"max_hp_per_floor":[70,70,70,70,70,70,70,70,70,70,70,70,70,70,70,70,70,70,70,70,70,70,70,70,70,70,70,70,70,70,70,70,70,70,70,70,70,70,70,70,70,70,70,70,76,76,76,76,76,76,76,76],"card_choices":[{"not_picked":["bronze:Refactor","bronze:ForLoop"],"picked":"bronze:WildBeam","floor":2},{"not_picked":["bronze:Invalidate","bronze:Iterate"],"picked":"bronze:Fortify","floor":3},{"not_picked":["bronze:Boost","bronze:Overload"],"picked":"bronze:TinkerersToolbox","floor":4},{"not_picked":["bronze:Boost","bronze:Turbo"],"picked":"bronze:Fortify","floor":5},{"not_picked":["bronze:NullPointer","bronze:BugBarrage"],"picked":"bronze:OilSpill","floor":9},{"not_picked":["bronze:Invalidate","bronze:Philosophize"],"picked":"bronze:Refactor","floor":12},{"not_picked":["bronze:Turbo","bronze:ForLoop"],"picked":"bronze:Repair","floor":14},{"not_picked":["bronze:WildBeam","bronze:WhirlingStrike"],"picked":"bronze:BuggyMess","floor":15},{"not_picked":["bronze:Virus","bronze:CleanCode"],"picked":"bronze:InfiniteLoop","floor":16},{"not_picked":["bronze:Fortify","bronze:Refactor"],"picked":"bronze:Repulsor","floor":19},{"not_picked":["bronze:BitShift","bronze:BuggyMess"],"picked":"bronze:BugBarrage","floor":20},{"not_picked":["bronze:FollowUp","bronze:GetLatest+1"],"picked":"bronze:FineTuning","floor":21},{"not_picked":["bronze:Constructor","bronze:Overload"],"picked":"bronze:Branch","floor":23},{"not_picked":["bronze:DarkDash","bronze:CutThrough+1"],"picked":"bronze:DelayedGuard","floor":25},{"not_picked":["bronze:Deprecate","bronze:CloningBeam"],"picked":"bronze:OilSpill","floor":26},{"not_picked":[],"picked":"bronze:DecaBeam","floor":29},{"not_picked":["bronze:Branch","bronze:ChosenStrike"],"picked":"bronze:Shell","floor":29},{"not_picked":["bronze:BronzeOrb","bronze:WildBeam"],"picked":"bronze:Shell+1","floor":31},{"not_picked":["bronze:ItsAFeature","bronze:DelayedSlice"],"picked":"bronze:Return","floor":32},{"not_picked":["bronze:HyperBeam","bronze:HardenedForm"],"picked":"bronze:BurnOut","floor":33},{"not_picked":["bronze:CutThrough","bronze:Deprecate+1"],"picked":"bronze:BuggyMess","floor":36},{"not_picked":["bronze:Separator+1","bronze:Iterate"],"picked":"bronze:Deprecate+1","floor":37},{"not_picked":["bronze:Philosophize+1","bronze:DigitalCarnage+1"],"picked":"bronze:Optimize","floor":38},{"not_picked":["bronze:CleanCode","bronze:WhirlingStrike+1"],"picked":"bronze:Branch+1","floor":40},{"not_picked":["bronze:DelayedGuard+1","bronze:Separator+1","bronze:Refactor"],"picked":"SKIP","floor":42},{"not_picked":["expansioncontent:GuardianWhirl+1","expansioncontent:Hexaburn"],"picked":"expansioncontent:YouAreMine","floor":43},{"not_picked":["bronze:Iterate+1","bronze:BitShift","bronze:Separator+1"],"picked":"SKIP","floor":45},{"not_picked":["bronze:BuggyMess","bronze:Invalidate"],"picked":"bronze:Overheat+1","floor":46},{"not_picked":["bronze:Backtrace+1","bronze:FollowUp+1"],"picked":"bronze:Flail+1","floor":47},{"not_picked":["bronze:Deprecate","bronze:Flail+1","bronze:DelayedGuard"],"picked":"SKIP","floor":49}],"player_experience":971318,"relics_obtained":[{"floor":7,"key":"Sundial"},{"floor":9,"key":"Bag of Preparation"},{"floor":12,"key":"Vajra"},{"floor":14,"key":"Darkstone Periapt"},{"floor":24,"key":"Lantern"},{"floor":41,"key":"Turnip"},{"floor":42,"key":"Oddly Smooth Stone"},{"floor":46,"key":"Boot"},{"floor":48,"key":"Anchor"}],"event_choices":[{"cards_removed":["downfall:Malfunctioning"],"damage_healed":0,"gold_gain":0,"player_choice":"Card Removal","damage_taken":0,"max_hp_gain":0,"max_hp_loss":0,"event_name":"The Cleric","floor":10,"gold_loss":0}],"is_beta":false,"boss_relics":[{"not_picked":["Fusion Hammer","Sozu"],"picked":"hubris:TerracottaHorce"},{"not_picked":["hubris:Stopwatch","Snecko Eye"],"picked":"bronze:PlatinumCore"}],"items_purged_floors":[],"is_endless":false,"potions_floor_spawned":[2,4,12,15,16,21,23,29,31,33,38,46,47,49],"killed_by":"IC_BLOCK_ARCHETYPE","ascension_level":1}}