{"host":"8is2j71l4wmybkoi","time":1611566935,"event":{"mods":["AchievementEnabler","BaseMod","Colored Map","Minty Spire (QoL Compilation)","Rare Cards Sparkle","StSLib","SuperFastMode"],"gold_per_floor":[113,83,33,48,65,65,65,77,101,134,148,167,167,186,186,261,261,278,193,193,193],"floor_reached":20,"language":"KOR","playtime":450,"items_purged":[],"score":326,"play_id":"e53b2a9e-3b9b-45f9-bae2-c54fb01bacdb","local_time":"20210125182855","is_ascension_mode":true,"campfire_choices":[{"data":"Zap","floor":6,"key":"SMITH"},{"floor":15,"key":"REST"}],"circlet_count":0,"master_deck":["AscendersBane","Strike_B","Strike_B","Strike_B","Defend_B","Defend_B+1","Defend_B+1","Defend_B","Zap+1","Dualcast","Streamline","Cold Snap","White Noise","Steam","Compile Driver","Coolheaded","Rebound","Sweeping Beam","Rainbow","Gash"],"relics":["Cracked Core","NeowsBlessing","Toy Ornithopter","War Paint","Bag of Preparation","Philosopher\u0027s Stone","Pear"],"acts_visited":["Exordium","TheCity"],"potions_floor_usage":[10,12,14,16],"damage_taken":[{"damage":0,"enemies":"2 Louse","floor":1,"turns":1},{"damage":0,"enemies":"Cultist","floor":4,"turns":1},{"damage":0,"enemies":"Small Slimes","floor":5,"turns":1},{"damage":14,"enemies":"Red Slaver","floor":8,"turns":3},{"damage":26,"enemies":"Gremlin Nob","floor":10,"turns":4},{"damage":19,"enemies":"Exordium Thugs","floor":11,"turns":4},{"damage":3,"enemies":"Blue Slaver","floor":12,"turns":3},{"damage":5,"enemies":"Exordium Wildlife","floor":14,"turns":3},{"damage":26,"enemies":"Slime Boss","floor":16,"turns":6},{"damage":13,"enemies":"Spheric Guardian","floor":18,"turns":4},{"damage":55,"enemies":"3 Byrds","floor":20,"turns":3}],"seed_played":"3040709777762967067","potions_obtained":[{"floor":2,"key":"Energy Potion"},{"floor":2,"key":"SneckoOil"},{"floor":4,"key":"FocusPotion"},{"floor":5,"key":"CultistPotion"},{"floor":11,"key":"ColorlessPotion"},{"floor":12,"key":"EssenceOfSteel"},{"floor":16,"key":"BlessingOfTheForge"}],"is_trial":false,"path_per_floor":["M","?","$","M","M","R","?","M","T","E","M","M","T","M","R","B",null,"M","?","M"],"character_chosen":"DEFECT","items_purchased":["Cold Snap"],"campfire_rested":1,"item_purchase_floors":[3],"current_hp_per_floor":[64,64,64,64,64,64,64,50,50,29,10,12,12,12,33,12,56,43,53,0,0],"gold":193,"neow_bonus":"THREE_ENEMY_KILL","is_daily":false,"chose_seed":false,"campfire_upgraded":1,"win_rate":0.0,"timestamp":1611566935,"path_taken":["M","?","$","?","M","R","?","?","T","E","M","M","?","M","R","BOSS","M","?","M"],"items_purchased_type":["Card"],"build_version":"2020-12-22","purchased_purges":0,"victory":false,"max_hp_per_floor":[71,71,71,71,71,71,71,71,71,71,71,71,71,71,71,71,71,71,81,81,81],"card_choices":[{"not_picked":["Coolheaded","Scrape"],"picked":"Streamline","floor":1},{"not_picked":["Redo","Stack"],"picked":"White Noise","floor":4},{"not_picked":["Fusion","Hello World"],"picked":"Steam","floor":5},{"not_picked":["Steam","Storm","Double Energy"],"picked":"SKIP","floor":8},{"not_picked":["Stack","Consume"],"picked":"Compile Driver","floor":10},{"not_picked":["Leap","Redo"],"picked":"Coolheaded","floor":11},{"not_picked":["Streamline","Leap"],"picked":"Rebound","floor":12},{"not_picked":["Hologram","Darkness"],"picked":"Sweeping Beam","floor":14},{"not_picked":["Seek","Reboot"],"picked":"Rainbow","floor":16},{"not_picked":["Conserve Battery","Steam Power+1"],"picked":"Gash","floor":18}],"player_experience":784619,"relics_obtained":[{"floor":9,"key":"Toy Ornithopter"},{"floor":10,"key":"War Paint"},{"floor":13,"key":"Bag of Preparation"}],"event_choices":[{"damage_healed":0,"gold_gain":0,"player_choice":"Bought 2 Potions","damage_taken":0,"max_hp_gain":0,"max_hp_loss":0,"event_name":"The Woman in Blue","floor":2,"gold_loss":0},{"cards_removed":["Strike_B"],"damage_healed":0,"gold_gain":0,"player_choice":"Purged","damage_taken":0,"max_hp_gain":0,"max_hp_loss":0,"event_name":"Purifier","floor":7,"gold_loss":0},{"damage_healed":0,"gold_gain":0,"player_choice":"Obtained Relic","damage_taken":0,"relics_obtained":["Pear"],"max_hp_gain":0,"max_hp_loss":0,"event_name":"Addict","floor":19,"gold_loss":85}],"is_beta":false,"boss_relics":[{"not_picked":["Runic Pyramid","Sozu"],"picked":"Philosopher\u0027s Stone"}],"items_purged_floors":[],"is_endless":false,"potions_floor_spawned":[4,5,11,12,16],"killed_by":"3 Byrds","ascension_level":17}}