{"host":"yt8tirjpas3zupuf","time":1611538572,"event":{"mods":["Act Like it!","Arknights The Spire","BaseMod","Colored Powertips","Gensokyo","Lobotomy","LobotomyExtend","Minty Spire (QoL Compilation)","Replay The Spire","StSLib","The Bug Knight","noobMod"],"gold_per_floor":[109,120,140,152,164,190,190,190,190,208,235,235,249,265,265,360,360,378,378,558,576,592,592,592],"floor_reached":23,"language":"ZHS","playtime":2341,"items_purged":[],"score":282,"play_id":"8db64300-4786-46eb-910a-fccff9b1d584","local_time":"20210125093612","is_ascension_mode":false,"campfire_choices":[{"data":"HollowMod:BrokenVessel","floor":7,"key":"SMITH"},{"floor":15,"key":"REST"}],"circlet_count":0,"master_deck":["HollowMod:NailStrikeStart","HollowMod:NailStrikeStart","HollowMod:NailStrikeStart","HollowMod:NailStrikeStart","HollowMod:QuickDashStart+1","HollowMod:QuickDashStart+1","HollowMod:QuickDashStart","HollowMod:FocusHealStart","HollowMod:PogoStrike","Scorched","HollowMod:BrokenVessel+1","CrumblingArmor","HollowMod:InfectedAttack","Scarecrow","HollowMod:MothsMistake","HollowMod:CornifersMapStart+1","Wellcheers","HollowMod:LuriensSpire","HollowMod:InfectedAttack","GreedKing","HollowMod:GrimmsGift","Laetitia","HollowMod:InfectionAssault","NakedNest","HollowMod:CycloneSlash","BigBird","HollowMod:TaintedHusks","DreamingCurrent","HollowMod:theNailsmith","CurseOfTheBell","HappyTeddy","HollowMod:HeavyBlow+1","Deep Breath","MeatLantern","HollowMod:Weaversong","DespairKnight","HollowMod:InfectedAttack+1"],"relics":["HollowMod:VesselMask","ice","CogitoBucket","LetterFromLob","Blood Vial","Mango","LuminousBracelet","StrikeDummy","Calling Bell","Replay:Wax Seal","Matryoshka","Peace Pipe","SkinProphecy","HonorFeather"],"acts_visited":["Exordium","TheCity"],"potions_floor_usage":[],"damage_taken":[{"damage":1.0,"enemies":"Cultist","floor":1.0,"turns":3.0},{"damage":1.0,"enemies":"Jaw Worm","floor":2.0,"turns":2.0},{"damage":0.0,"enemies":"Small Slimes","floor":3.0,"turns":2.0},{"damage":10.0,"enemies":"Looter","floor":4.0,"turns":3.0},{"damage":16.0,"enemies":"Blue Slaver","floor":5.0,"turns":3.0},{"damage":21.0,"enemies":"HollowMod:MossKnight","floor":6.0,"turns":9.0},{"damage":64,"enemies":"HollowMod:HuskWarrior","floor":10,"turns":4},{"damage":23,"enemies":"3 Sentries","floor":11,"turns":4},{"damage":13,"enemies":"Exordium Thugs","floor":13,"turns":4},{"damage":1,"enemies":"Gremlin Gang","floor":14,"turns":2},{"damage":24,"enemies":"Slime Boss","floor":16,"turns":9},{"damage":104,"enemies":"Spheric Guardian","floor":18,"turns":5},{"damage":24,"enemies":"HollowMod:HuskSentry","floor":21,"turns":3},{"damage":129,"enemies":"Shelled Parasite and Fungi","floor":22,"turns":6},{"damage":120,"enemies":"Slavers","floor":23,"turns":5},{"damage":0,"enemies":"Slavers","floor":23,"turns":1}],"seed_played":"-4762199689171108945","potions_obtained":[{"floor":4.0,"key":"ColorlessPotion"},{"floor":10,"key":"AttackPotion"},{"floor":11,"key":"Dexterity Potion"}],"is_trial":false,"path_per_floor":["M","M","M","M","M","E","R","?","T","M","E","?","M","M","R","B",null,"M","?","?","M","M","E"],"character_chosen":"THE_BUGKNIGHT","items_purchased":[],"campfire_rested":1,"item_purchase_floors":[],"current_hp_per_floor":[74,73,73,65,57,52,52,52,66,34,24,3,5,6,37,28,104,55,34,9,111,20,128,128],"gold":592,"neow_bonus":"","is_daily":false,"chose_seed":false,"campfire_upgraded":1,"win_rate":0.0,"timestamp":1611538572,"path_taken":["M","?","M","?","M","E","R","?","T","M","E","?","M","M","R","BOSS","M","?","?","?","M","E"],"items_purchased_type":[],"build_version":"2020-12-22","purchased_purges":0,"victory":false,"max_hp_per_floor":[75,75,75,75,75,75,75,75,89,104,104,104,104,104,104,104,104,104,109,109,111,123,128,128],"card_choices":[{"not_picked":["Murderer","CherryBlossoms"],"picked":"Scorched","floor":1.0},{"not_picked":["HollowMod:DoubleDash","HollowMod:NewJinnsSoul"],"picked":"HollowMod:BrokenVessel","floor":1.0},{"not_picked":["CrumblingArmor","ShyLook","VoidDream"],"picked":"Singing Bowl","floor":2.0},{"not_picked":["FieryBird","HeroicMonk"],"picked":"CrumblingArmor","floor":2.0},{"not_picked":["HollowMod:ShapeofUnn","HollowMod:BlackTendrils"],"picked":"HollowMod:InfectedAttack","floor":2.0},{"not_picked":["Mercenary","Murderer"],"picked":"Scarecrow","floor":3.0},{"not_picked":["HollowMod:InfectedAttack","HollowMod:DashSlash"],"picked":"HollowMod:MothsMistake","floor":3.0},{"not_picked":["OldLady","Murderer","Wellcheers"],"picked":"Singing Bowl","floor":4.0},{"not_picked":["HollowMod:ShadowDash","HollowMod:HerrahsAnger"],"picked":"HollowMod:CornifersMapStart","floor":4.0},{"not_picked":["MeatLantern","BeautyBeast"],"picked":"Wellcheers","floor":5.0},{"not_picked":["HollowMod:LifebloodCocoon","HollowMod:MothsMistake"],"picked":"HollowMod:LuriensSpire","floor":5.0},{"not_picked":["HollowMod:LuriensSpire","HollowMod:ElderbugsWisdom"],"picked":"HollowMod:InfectedAttack","floor":6},{"not_picked":["CherryBlossoms","UniverseFragment"],"picked":"GreedKing","floor":10},{"not_picked":["HollowMod:SiblingsSouls","HollowMod:SharpenedNail"],"picked":"HollowMod:GrimmsGift","floor":10},{"not_picked":["Porccubus","LongBird"],"picked":"Laetitia","floor":11},{"not_picked":["HollowMod:DesolateDive","HollowMod:InfectedAttack"],"picked":"HollowMod:InfectionAssault","floor":11},{"not_picked":["FairyFestival","MeltingLove"],"picked":"NakedNest","floor":13},{"not_picked":["HollowMod:SoulVessel","HollowMod:ShadowDash"],"picked":"HollowMod:CycloneSlash","floor":13},{"not_picked":["WallGazer","Mercenary","FieryBird"],"picked":"Singing Bowl","floor":14},{"not_picked":["Murderer","ShyLook"],"picked":"BigBird","floor":14},{"not_picked":["HollowMod:FallenFury","HollowMod:CycloneSlash"],"picked":"HollowMod:TaintedHusks","floor":14},{"not_picked":["OSAHOGD","Bloodbath"],"picked":"DreamingCurrent","floor":16},{"not_picked":["HollowMod:NewInfectedGuardian","HollowMod:SlysStrikes"],"picked":"HollowMod:theNailsmith","floor":16},{"not_picked":["Alriune","LittleHelper"],"picked":"HappyTeddy","floor":18},{"not_picked":["HollowMod:DungDefenderAura","HollowMod:SiblingsSouls"],"picked":"HollowMod:HeavyBlow+1","floor":18},{"not_picked":["Rudolta","WallGazer"],"picked":"MeatLantern","floor":21},{"not_picked":["HollowMod:InfectedAttack","HollowMod:ShadowDash"],"picked":"HollowMod:Weaversong","floor":21},{"not_picked":["HeroicMonk","PunishingBird","LittlePrince"],"picked":"Singing Bowl","floor":22},{"not_picked":["Mercenary","WallGazer"],"picked":"DespairKnight","floor":22},{"not_picked":["HollowMod:InfectedCysts","HollowMod:BlackTendrils"],"picked":"HollowMod:InfectedAttack+1","floor":22}],"player_experience":83294,"relics_obtained":[{"floor":1.0,"key":"LetterFromLob"},{"floor":6,"key":"Blood Vial"},{"floor":9,"key":"Mango"},{"floor":11,"key":"StrikeDummy"},{"floor":17,"key":"Replay:Wax Seal"},{"floor":17,"key":"Matryoshka"},{"floor":17,"key":"Peace Pipe"}],"event_choices":[{"damage_healed":0,"gold_gain":0,"player_choice":"Entered Light","damage_taken":21,"max_hp_gain":0,"max_hp_loss":0,"event_name":"Shining Light","floor":12,"gold_loss":0,"cards_upgraded":["HollowMod:QuickDashStart","HollowMod:QuickDashStart"]},{"damage_healed":0,"gold_gain":0,"player_choice":"Shed Blood","damage_taken":26,"max_hp_gain":5,"max_hp_loss":0,"event_name":"Forgotten Altar","floor":19,"gold_loss":0},{"damage_healed":0,"gold_gain":180,"player_choice":"CARD GOLD GOLD ","damage_taken":25,"max_hp_gain":0,"max_hp_loss":0,"event_name":"Knowing Skull","floor":20,"potions_obtained":[],"gold_loss":0,"cards_obtained":["Deep Breath"]}],"is_beta":false,"boss_relics":[{"not_picked":["Replay:Grab Bag","Replay:Wanted Poster"],"picked":"Calling Bell"}],"items_purged_floors":[],"is_endless":false,"potions_floor_spawned":[4,10,11,14,16,21],"killed_by":"Slavers","ascension_level":0}}