{"host":"1mdoazogr9tl4b3g","time":1611615374,"event":{"mods":["Act Like it!","Aspiration","Bard","BaseMod","Beaked The Cultist","BetterRewards","Block Reminder","Conspire","Glutton Mod","Hermit","Hubris","Infinite Spire","Marisa????????","Mimic Mod","Minty Spire (QoL Compilation)","Rare Cards Sparkle","Relic Sorter","Replay The Spire","Shop Mod","StSLib","The Animator","The Blackbeard","The Bladedancer","The Bug Knight","The Construct","The Cursed","The Disciple","The Hierophant","The Mystic","The Necromancer","The Runesmith","The Servant 0.9.4","The Spell Scribe","Uncapped","Wandering Minibosses"],"gold_per_floor":[119,132,132,132,162,162,176,176,176,214,230,230,230],"floor_reached":12,"language":"ENG","playtime":1060,"items_purged":[],"score":70,"play_id":"0d569ed5-9336-4369-bed4-ff8bef731155","local_time":"20210125165614","is_ascension_mode":false,"campfire_choices":[{"data":"animator:Tyuule","floor":6,"key":"SMITH"}],"circlet_count":0,"master_deck":["animator:Strike_Konosuba","animator:Defend_Konosuba","animator:Strike","animator:Strike","animator:Strike","animator:Defend","animator:Defend","animator:Kazuma","animator:Aqua","animator:Jibril","animator:Tyuule+1","animator:Souei","animator:Caster","animator:Souei"],"relics":["animator:LivingPicture","animator:TheMissingPiece","animator:PurgingStone","Tiny Chest","hubris:Icosahedron","animator:ShionDessert","hubris:MysteriousPyramids","Snack Pack"],"acts_visited":["Exordium"],"potions_floor_usage":[],"damage_taken":[{"damage":4,"enemies":"2 Louse","floor":1,"turns":2},{"damage":7,"enemies":"Jaw Worm","floor":2,"turns":5},{"damage":0,"enemies":"Small Slimes","floor":5,"turns":6},{"damage":9,"enemies":"Exordium Wildlife","floor":7,"turns":6},{"damage":5,"enemies":"Red Slaver","floor":10,"turns":5},{"damage":14,"enemies":"Red Slaver","floor":11,"turns":4},{"damage":34,"enemies":"3 Sentries","floor":12,"turns":8}],"seed_played":"1319936522711681281","potions_obtained":[{"floor":2,"key":"Adrenaline Potion"},{"floor":5,"key":"Strength Potion"},{"floor":7,"key":"Strength Potion"}],"is_trial":false,"path_per_floor":["M","M","?","?","M","R","M","T","T","MIM","M","E"],"character_chosen":"THE_ANIMATOR","items_purchased":["Tiny Chest","animator:Jibril"],"campfire_rested":0,"item_purchase_floors":[0,0],"current_hp_per_floor":[57,52,52,52,54,54,47,47,47,44,32,0,0],"gold":230,"neow_bonus":"","is_daily":false,"chose_seed":false,"campfire_upgraded":1,"win_rate":0.0,"timestamp":1611615374,"path_taken":["M","M","?","?","M","R","?","?","T","?","?","E"],"items_purchased_type":["Relic","Card"],"build_version":"2020-12-22","purchased_purges":0,"victory":false,"max_hp_per_floor":[66,66,66,66,66,66,66,66,66,66,66,66,66],"card_choices":[{"not_picked":["animator:Shion","animator:Benimaru","animator:Lancer"],"picked":"SKIP","floor":1},{"not_picked":["animator:Spearman","animator:Kaijin","animator:DolaStephanie"],"picked":"SKIP","floor":2},{"not_picked":["animator:MaesHughes","animator:Kuribayashi"],"picked":"animator:Tyuule","floor":5},{"not_picked":["animator:Millim","animator:Kaijin"],"picked":"animator:Souei","floor":7},{"not_picked":["animator:DolaCouronne","animator:Pride"],"picked":"animator:Caster","floor":10},{"not_picked":["animator:PandorasActor","animator:DolaSchwi"],"picked":"animator:Souei","floor":11}],"player_experience":396231,"relics_obtained":[{"floor":8,"key":"animator:ShionDessert"},{"floor":9,"key":"hubris:MysteriousPyramids"},{"floor":10,"key":"Snack Pack"}],"event_choices":[{"damage_healed":0,"gold_gain":0,"player_choice":"Ignored","damage_taken":0,"max_hp_gain":0,"max_hp_loss":0,"event_name":"Liars Game","floor":4,"gold_loss":0}],"is_beta":false,"boss_relics":[],"items_purged_floors":[],"is_endless":false,"potions_floor_spawned":[2,5,7],"killed_by":"3 Sentries","ascension_level":0}}