{"host":"xp5rvh2jwe2ejyfm","time":1611600651,"event":{"mods":["BaseMod","Downfall","Duelist Mod","GifTheSpireLib","Gremlin Mod","Hermit","Hubris","Minty Spire (QoL Compilation)","Robot Space Explorer","StSLib","The Blackbeard","The Clintock","The Construct","The Cursed","The Disciple","The Forsaken","The Hierophant","The Necromancer","The Runesmith","The Servant 0.9.4"],"gold_per_floor":[117,131,150,163,179,179,192,226,253,269,269,287,300,300,300,404,404,422,422,441,249,263,296,296,325,325,336,353,353,372,400,400,503,503,519,538,551,551,551],"floor_reached":38,"language":"ENG","playtime":1680,"items_purged":[],"score":471,"play_id":"a99656ed-b6f0-4902-bf0f-717eb15cb896","local_time":"20210125135051","is_ascension_mode":false,"campfire_choices":[{"data":"RobotSpaceExplorer:MiniBoosters","floor":6,"key":"SMITH"},{"floor":11,"key":"REST"},{"floor":15,"key":"REST"},{"floor":24,"key":"REST"},{"floor":32,"key":"REST"}],"circlet_count":0,"master_deck":["RobotSpaceExplorer:Strike","RobotSpaceExplorer:Strike","RobotSpaceExplorer:Strike","RobotSpaceExplorer:Strike","RobotSpaceExplorer:Defend","RobotSpaceExplorer:Defend","RobotSpaceExplorer:Defend","RobotSpaceExplorer:Defend","RobotSpaceExplorer:Scan","RobotSpaceExplorer:Counterblock","RobotSpaceExplorer:FrostMissile","RobotSpaceExplorer:ScrapToss","RobotSpaceExplorer:MiniBoosters+1","RobotSpaceExplorer:Reload","hubris:DuctTapeCard","RobotSpaceExplorer:Pulsar+1","RobotSpaceExplorer:Counterblock","RobotSpaceExplorer:FrostMissile","RobotSpaceExplorer:ScrapMissile","RobotSpaceExplorer:DroneSwarm","RobotSpaceExplorer:Ammunition+1","RobotSpaceExplorer:PlasmaMissile+1","RobotSpaceExplorer:StunGrenade+1","RobotSpaceExplorer:Probe+1","RobotSpaceExplorer:MiniDrones+1","RobotSpaceExplorer:PowerGlove","RobotSpaceExplorer:TrailblazerForm","RobotSpaceExplorer:Probe+1","RobotSpaceExplorer:DroneSwarm","RobotSpaceExplorer:DualCore+1","RobotSpaceExplorer:StunGrenade+1","RobotSpaceExplorer:Accelerator","RobotSpaceExplorer:LaserBurst+1","RobotSpaceExplorer:SurgingStrike+1","RobotSpaceExplorer:MiniBoosters+1"],"relics":["RobotSpaceExplorer:RoboCore","NeowsBlessing","hubris:DuctTape","Lantern","construct:WeddingRing","Molten Egg 2","Vajra","Orichalcum","Sundial","RobotSpaceExplorer:ClockworkSextant"],"acts_visited":["Exordium","TheCity","TheBeyond"],"potions_floor_usage":[8,16,25,27,30,30],"damage_taken":[{"damage":0,"enemies":"Cultist","floor":1,"turns":1},{"damage":0,"enemies":"Jaw Worm","floor":2,"turns":1},{"damage":0,"enemies":"2 Louse","floor":3,"turns":1},{"damage":10,"enemies":"2 Fungi Beasts","floor":4,"turns":4},{"damage":5,"enemies":"Red Slaver","floor":5,"turns":3},{"damage":9,"enemies":"Large Slime","floor":7,"turns":5},{"damage":20,"enemies":"3 Sentries","floor":8,"turns":8},{"damage":9,"enemies":"3 Louse","floor":10,"turns":4},{"damage":4,"enemies":"Exordium Wildlife","floor":12,"turns":4},{"damage":5,"enemies":"Blue Slaver","floor":13,"turns":4},{"damage":27,"enemies":"Slime Boss","floor":16,"turns":9},{"damage":1,"enemies":"3 Byrds","floor":18,"turns":4},{"damage":2,"enemies":"Spheric Guardian","floor":20,"turns":4},{"damage":4,"enemies":"3 Cultists","floor":22,"turns":4},{"damage":39,"enemies":"Gremlin Leader","floor":23,"turns":6},{"damage":15,"enemies":"Slavers","floor":25,"turns":3},{"damage":0,"enemies":"Chosen and Byrds","floor":27,"turns":4},{"damage":0,"enemies":"Centurion and Healer","floor":28,"turns":4},{"damage":3,"enemies":"Shelled Parasite and Fungi","floor":30,"turns":3},{"damage":27,"enemies":"Book of Stabbing","floor":31,"turns":6},{"damage":33,"enemies":"Collector","floor":33,"turns":9},{"damage":27,"enemies":"3 Shapes","floor":35,"turns":4},{"damage":25,"enemies":"3 Darklings","floor":36,"turns":4},{"damage":21,"enemies":"Maw","floor":37,"turns":9},{"damage":17,"enemies":"Transient","floor":38,"turns":2}],"seed_played":"-3886461226610864311","potions_obtained":[{"floor":3,"key":"Strength Potion"},{"floor":5,"key":"Energy Potion"},{"floor":7,"key":"Swift Potion"},{"floor":12,"key":"Weak Potion"},{"floor":20,"key":"RobotSpaceExplorer:LiquidFusion"},{"floor":22,"key":"PowerPotion"},{"floor":25,"key":"Fruit Juice"},{"floor":37,"key":"LiquidMemories"}],"is_trial":false,"path_per_floor":["M","M","M","M","M","R","M","E","T","M","R","M","M","?","R","B",null,"M","?","M","$","M","E","R","E","T","M","M","?","M","E","R","B",null,"M","M","M","M"],"character_chosen":"RobotSpaceExplorer","items_purchased":["Vajra","RobotSpaceExplorer:StunGrenade+1"],"campfire_rested":4,"item_purchase_floors":[21,21],"current_hp_per_floor":[75,75,75,65,60,60,51,31,31,22,44,40,35,35,57,30,75,74,74,72,72,68,29,51,36,36,41,41,41,38,11,35,2,80,53,28,7,0,0],"gold":551,"neow_bonus":"THREE_ENEMY_KILL","is_daily":false,"chose_seed":false,"campfire_upgraded":1,"win_rate":0.0,"timestamp":1611600651,"path_taken":["M","M","M","M","M","R","M","E","T","?","R","?","M","?","R","BOSS","M","?","M","$","M","E","R","E","T","M","M","?","?","E","R","BOSS","M","M","M","M"],"items_purchased_type":["Relic","Card"],"build_version":"2020-12-22","purchased_purges":0,"victory":false,"max_hp_per_floor":[75,75,75,75,75,75,75,75,75,75,75,75,75,75,75,75,75,75,75,75,75,75,75,75,75,75,80,80,80,80,80,80,80,80,80,80,80,80,80],"card_choices":[{"not_picked":["RobotSpaceExplorer:MetalStrike","RobotSpaceExplorer:GlueShot"],"picked":"RobotSpaceExplorer:Counterblock","floor":1},{"not_picked":["RobotSpaceExplorer:SelfCleaning","RobotSpaceExplorer:GlueShot"],"picked":"RobotSpaceExplorer:FrostMissile","floor":2},{"not_picked":["RobotSpaceExplorer:FrostMissile","RobotSpaceExplorer:ShockKick"],"picked":"RobotSpaceExplorer:ScrapToss","floor":3},{"not_picked":["RobotSpaceExplorer:GlueSpray","RobotSpaceExplorer:HighVoltage"],"picked":"RobotSpaceExplorer:MiniBoosters","floor":4},{"not_picked":["RobotSpaceExplorer:SurgingShield","RobotSpaceExplorer:JunkDive"],"picked":"RobotSpaceExplorer:Reload","floor":5},{"not_picked":["RobotSpaceExplorer:GlueShot","RobotSpaceExplorer:FranticSearch"],"picked":"RobotSpaceExplorer:Probe","floor":7},{"not_picked":["RobotSpaceExplorer:Asteroid","RobotSpaceExplorer:ImprovisedAttack"],"picked":"RobotSpaceExplorer:Pulsar","floor":8},{"not_picked":["RobotSpaceExplorer:FranticSearch","RobotSpaceExplorer:ExhaustFan"],"picked":"RobotSpaceExplorer:Counterblock","floor":10},{"not_picked":["RobotSpaceExplorer:ShockKick","RobotSpaceExplorer:BlastShield"],"picked":"RobotSpaceExplorer:FrostMissile","floor":12},{"not_picked":["RobotSpaceExplorer:ImprovisedAttack","RobotSpaceExplorer:Electroshield"],"picked":"RobotSpaceExplorer:ScrapMissile","floor":13},{"not_picked":["RobotSpaceExplorer:Arsenal","RobotSpaceExplorer:ChargingLaser"],"picked":"RobotSpaceExplorer:DroneSwarm","floor":16},{"not_picked":["RobotSpaceExplorer:Fix+1","RobotSpaceExplorer:GlueSpray"],"picked":"RobotSpaceExplorer:Ammunition+1","floor":18},{"not_picked":["RobotSpaceExplorer:StunGrenade+1","RobotSpaceExplorer:ShovelStrike+1"],"picked":"RobotSpaceExplorer:PlasmaMissile+1","floor":20},{"not_picked":["RobotSpaceExplorer:GlueSpray","RobotSpaceExplorer:BigMissile+1"],"picked":"RobotSpaceExplorer:Probe+1","floor":22},{"not_picked":["RobotSpaceExplorer:Smokescreen+1","RobotSpaceExplorer:SelfCleaning+1"],"picked":"RobotSpaceExplorer:MiniDrones+1","floor":23},{"not_picked":["RobotSpaceExplorer:StarDust","RobotSpaceExplorer:DualCore+1"],"picked":"RobotSpaceExplorer:PowerGlove","floor":25},{"not_picked":["RobotSpaceExplorer:StarDust","RobotSpaceExplorer:ScrapMissile+1"],"picked":"RobotSpaceExplorer:TrailblazerForm","floor":27},{"not_picked":["RobotSpaceExplorer:GlueSpray","RobotSpaceExplorer:SurgingShield"],"picked":"RobotSpaceExplorer:Probe+1","floor":28},{"not_picked":["RobotSpaceExplorer:Counterblock","RobotSpaceExplorer:ImprovisedAttack+1"],"picked":"RobotSpaceExplorer:DualCore+1","floor":30},{"not_picked":["RobotSpaceExplorer:GearShield","RobotSpaceExplorer:Counterblock"],"picked":"RobotSpaceExplorer:StunGrenade+1","floor":31},{"not_picked":["RobotSpaceExplorer:Exploration","RobotSpaceExplorer:BlastShield"],"picked":"RobotSpaceExplorer:Accelerator","floor":33},{"not_picked":["RobotSpaceExplorer:Counterblock","RobotSpaceExplorer:ToxicBomb"],"picked":"RobotSpaceExplorer:LaserBurst+1","floor":35},{"not_picked":["RobotSpaceExplorer:ShockKick+1","RobotSpaceExplorer:SwiftStep+1"],"picked":"RobotSpaceExplorer:SurgingStrike+1","floor":36},{"not_picked":["RobotSpaceExplorer:ImprovisedAttack+1","RobotSpaceExplorer:SurgingShield"],"picked":"RobotSpaceExplorer:MiniBoosters+1","floor":37}],"player_experience":336925,"relics_obtained":[{"floor":8,"key":"hubris:DuctTape"},{"floor":9,"key":"Lantern"},{"floor":23,"key":"Orichalcum"},{"floor":25,"key":"Sundial"},{"floor":31,"key":"RobotSpaceExplorer:ClockworkSextant"}],"event_choices":[{"damage_healed":0,"gold_gain":0,"player_choice":"Opened","damage_taken":0,"relics_obtained":["Molten Egg 2"],"max_hp_gain":0,"max_hp_loss":0,"event_name":"The Mausoleum","floor":19,"gold_loss":0},{"damage_healed":0,"gold_gain":0,"player_choice":"Copied","damage_taken":0,"max_hp_gain":0,"max_hp_loss":0,"event_name":"Duplicator","floor":29,"gold_loss":0,"cards_obtained":["RobotSpaceExplorer:DroneSwarm"]}],"is_beta":false,"boss_relics":[{"not_picked":["hubris:Backtick","RobotSpaceExplorer:TurboCore"],"picked":"construct:WeddingRing"},{"not_picked":["Snecko Eye","hubris:CrackedHourglass","hubris:RunicObelisk"]}],"items_purged_floors":[],"is_endless":false,"potions_floor_spawned":[3,5,7,12,13,20,22,23,25,37],"killed_by":"Transient","ascension_level":0}}