{"host":"lte3xujvwediduij","time":1611575550,"event":{"mods":["Aspiration","BaseMod","Better-Laid Plans","Minty Spire (QoL Compilation)","Spicy Shops","StSLib","¡¾ÒÅÎï¿¨ÅÆ¡¿REMEMod","óô»ðÖ¸ÄÏ"],"gold_per_floor":[113,113,128,143,157,198,221,281,281],"floor_reached":8,"language":"ZHS","playtime":600,"items_purged":[],"score":60,"play_id":"7314bf28-ea92-4dfe-b5e3-724bfac6687f","local_time":"20210125195230","is_ascension_mode":false,"campfire_choices":[],"circlet_count":0,"master_deck":["Strike_B","Strike_B","Strike_B","Strike_B","Defend_B","Defend_B","Defend_B","Defend_B","Zap","Dualcast","Decay","REME_WheelOfFate","REME_GrazeFinale","Leap","Self Repair","White Noise","Redo"],"relics":["Cracked Core","REME_ComplimentaryCards","aspiration:ChemicalBlood","Golden Idol","REME_HandOfSuture","WingedGreaves","Oddly Smooth Stone"],"acts_visited":["Exordium"],"potions_floor_usage":[6,6,6,7,8,8,8,8],"damage_taken":[{"damage":12,"enemies":"Cultist","floor":1,"turns":4},{"damage":11,"enemies":"2 Louse","floor":3,"turns":2},{"damage":21,"enemies":"Jaw Worm","floor":4,"turns":6},{"damage":0,"enemies":"Looter","floor":5,"turns":2},{"damage":17,"enemies":"Lagavulin","floor":6,"turns":4},{"damage":10,"enemies":"3 Louse","floor":7,"turns":2},{"damage":85,"enemies":"Gremlin Nob","floor":8,"turns":7}],"seed_played":"1707454496258041902","potions_obtained":[{"floor":4,"key":"AttackPotion"}],"is_trial":false,"path_per_floor":["M","?","M","M","M","E","M","E"],"character_chosen":"DEFECT","items_purchased":[],"campfire_rested":0,"item_purchase_floors":[],"current_hp_per_floor":[63,63,52,38,38,28,25,0,0],"gold":281,"neow_bonus":"RANDOM_COLORLESS_2","is_daily":false,"chose_seed":false,"campfire_upgraded":0,"win_rate":0.0,"timestamp":1611575550,"path_taken":["M","?","M","M","M","E","M","E"],"items_purchased_type":[],"build_version":"2020-12-22","purchased_purges":0,"victory":false,"max_hp_per_floor":[75,69,69,69,69,69,69,69,69],"card_choices":[{"not_picked":["Apotheosis","REME_MawOfCthun"],"picked":"REME_WheelOfFate","floor":0},{"not_picked":["Beam Cell","Barrage"],"picked":"Leap","floor":1},{"not_picked":["Ball Lightning","FTL"],"picked":"Self Repair","floor":3},{"not_picked":["Darkness","Streamline"],"picked":"White Noise","floor":4},{"not_picked":["Go for the Eyes","Sweeping Beam"],"picked":"Redo","floor":5},{"not_picked":["Turbo","Stack","Fission"],"picked":"SKIP","floor":6},{"not_picked":["FTL","Redo","Conserve Battery"],"picked":"SKIP","floor":7}],"player_experience":38059,"relics_obtained":[{"floor":6,"key":"WingedGreaves"}],"event_choices":[{"damage_healed":0,"gold_gain":0,"player_choice":"Lose Max HP","damage_taken":0,"relics_obtained":["Golden Idol"],"max_hp_gain":0,"max_hp_loss":6,"event_name":"Golden Idol","floor":2,"gold_loss":0}],"is_beta":false,"boss_relics":[],"items_purged_floors":[],"is_endless":false,"potions_floor_spawned":[4],"killed_by":"Gremlin Nob","ascension_level":0}}