{"host":"xmrw7jl1ir2912vf","time":1611553946,"event":{"mods":["BaseMod","Minty Spire (QoL Compilation)","Relic Stats"],"gold_per_floor":[112,132,146,166,177,177,210,210,236,236,270,230,246,265,265,265,265],"floor_reached":16,"language":"ENG","playtime":869,"items_purged":[],"score":165,"play_id":"59fc7877-3baa-4299-93d7-bccf9942b76f","local_time":"20210125005226","is_ascension_mode":true,"campfire_choices":[{"data":"Dagger Spray","floor":6,"key":"SMITH"},{"data":"Wraith Form v2","floor":8,"key":"SMITH"},{"floor":15,"key":"REST"}],"circlet_count":0,"master_deck":["Strike_G","Strike_G","Strike_G","Strike_G","Defend_G","Defend_G","Defend_G","Defend_G","Defend_G","Survivor","Neutralize","Riddle With Holes","Dagger Spray+1","Dagger Throw","Crippling Poison","Wraith Form v2+1","Leg Sweep","PiercingWail"],"relics":["Ring of the Snake","Potion Belt","Juzu Bracelet","Omamori","Bag of Preparation"],"acts_visited":["Exordium"],"potions_floor_usage":[4,5,13,14,16],"damage_taken":[{"damage":1.0,"enemies":"2 Louse","floor":1.0,"turns":4.0},{"damage":0.0,"enemies":"Cultist","floor":2.0,"turns":4.0},{"damage":2.0,"enemies":"Small Slimes","floor":3.0,"turns":4.0},{"damage":0,"enemies":"Gremlin Gang","floor":4,"turns":3},{"damage":9,"enemies":"Blue Slaver","floor":5,"turns":5},{"damage":20,"enemies":"3 Sentries","floor":7,"turns":8},{"damage":33,"enemies":"Gremlin Nob","floor":11,"turns":7},{"damage":7,"enemies":"Exordium Thugs","floor":13,"turns":4},{"damage":0,"enemies":"2 Fungi Beasts","floor":14,"turns":2},{"damage":34,"enemies":"Slime Boss","floor":16,"turns":9}],"seed_played":"6333590197098433583","potions_obtained":[{"floor":1.0,"key":"Regen Potion"},{"floor":2.0,"key":"Strength Potion"},{"floor":7,"key":"LiquidBronze"},{"floor":12,"key":"BlessingOfTheForge"},{"floor":12,"key":"SkillPotion"},{"floor":12,"key":"ColorlessPotion"},{"floor":14,"key":"Weak Potion"}],"is_trial":false,"path_per_floor":["M","M","M","M","M","R","E","R","T","?","E","?","M","M","R","B"],"character_chosen":"THE_SILENT","items_purchased":[],"campfire_rested":1,"item_purchase_floors":[],"current_hp_per_floor":[62,62,60,60,65,65,45,45,45,45,12,12,5,5,26,0,0],"gold":265,"neow_bonus":"RANDOM_COMMON_RELIC","is_daily":false,"chose_seed":false,"campfire_upgraded":2,"win_rate":0.0,"timestamp":1611553946,"path_taken":["M","M","M","M","M","R","E","R","T","?","E","?","M","M","R","BOSS"],"items_purchased_type":[],"build_version":"2020-12-22","purchased_purges":0,"victory":false,"max_hp_per_floor":[70,70,70,70,70,70,70,70,70,70,70,70,70,70,70,70,70],"relic_stats":{"counters":[10,50],"Juzu Bracelet":1,"Bag of Preparation":[6],"obtain_stats":[{"Potion Belt":0,"Juzu Bracelet":7,"Omamori":9,"Bag of Preparation":11,"Ring of the Snake":0},{"Potion Belt":0,"Juzu Bracelet":6,"Omamori":6,"Bag of Preparation":7,"Ring of the Snake":0},{"Potion Belt":0,"Juzu Bracelet":28,"Omamori":28,"Bag of Preparation":35,"Ring of the Snake":0}],"Ring of the Snake":[20]},"card_choices":[{"not_picked":["Bane","Quick Slash"],"picked":"Riddle With Holes","floor":1.0},{"not_picked":["Caltrops","Outmaneuver","Bane"],"picked":"SKIP","floor":2.0},{"not_picked":["Bane","Flechettes"],"picked":"Dagger Spray","floor":3.0},{"not_picked":["Accuracy","Catalyst"],"picked":"Dagger Throw","floor":4},{"not_picked":["Calculated Gamble","Tactician"],"picked":"Crippling Poison","floor":5},{"not_picked":["Adrenaline","Bane"],"picked":"Wraith Form v2","floor":7},{"not_picked":["Flying Knee","Prepared","Underhanded Strike"],"picked":"SKIP","floor":11},{"not_picked":["Masterful Stab","Calculated Gamble"],"picked":"Leg Sweep","floor":13},{"not_picked":["Caltrops","Deflect"],"picked":"PiercingWail","floor":14}],"player_experience":416767,"relics_obtained":[{"floor":7,"key":"Juzu Bracelet"},{"floor":9,"key":"Omamori"},{"floor":11,"key":"Bag of Preparation"}],"event_choices":[{"cards_removed":["Strike_G"],"damage_healed":0,"gold_gain":0,"player_choice":"Offered Basic","damage_taken":0,"max_hp_gain":0,"max_hp_loss":0,"event_name":"Bonfire Elementals","floor":10,"gold_loss":0},{"damage_healed":0,"gold_gain":0,"player_choice":"Bought 3 Potions","damage_taken":0,"max_hp_gain":0,"max_hp_loss":0,"event_name":"The Woman in Blue","floor":12,"gold_loss":0}],"is_beta":false,"boss_relics":[],"items_purged_floors":[],"is_endless":false,"potions_floor_spawned":[1,2,7,14],"killed_by":"Slime Boss","ascension_level":9}}