{"host":"p62uqwu04pp7leh9","time":1611566924,"event":{"mods":["BaseMod","Block Reminder","Colored Map","Colored Powertips","Minty Spire (QoL Compilation)","Relic Stats"],"gold_per_floor":[115,190,190,201,212,212,245,261,261,277,51,51,51],"floor_reached":12,"language":"ENG","playtime":459,"items_purged":["Regret"],"score":88,"play_id":"8d0043ee-7977-4f67-8d9f-5a789288db4b","local_time":"20210125032844","is_ascension_mode":true,"campfire_choices":[{"data":"Dual Wield","floor":6,"key":"SMITH"}],"circlet_count":0,"master_deck":["Strike_R","Strike_R","Strike_R","Strike_R","Strike_R","Defend_R","Defend_R","Defend_R","Defend_R","Bash","Cleave","Perfected Strike","Dual Wield+1","Pommel Strike","Rupture+1","Fire Breathing+1","Dual Wield+1"],"relics":["Burning Blood","NeowsBlessing","MealTicket","Frozen Egg 2","Bronze Scales","DollysMirror"],"acts_visited":["Exordium"],"potions_floor_usage":[12,12,12],"damage_taken":[{"damage":0,"enemies":"Jaw Worm","floor":1,"turns":1},{"damage":0,"enemies":"Small Slimes","floor":4,"turns":1},{"damage":0,"enemies":"2 Louse","floor":5,"turns":1},{"damage":46,"enemies":"3 Sentries","floor":7,"turns":7},{"damage":11,"enemies":"Looter","floor":8,"turns":2},{"damage":32,"enemies":"Exordium Wildlife","floor":10,"turns":4},{"damage":32,"enemies":"Gremlin Nob","floor":12,"turns":4}],"seed_played":"7349199161070441971","potions_obtained":[{"floor":4,"key":"Explosive Potion"},{"floor":5,"key":"SpeedPotion"},{"floor":10,"key":"Swift Potion"}],"is_trial":false,"path_per_floor":["M","?","?","M","M","R","E","M","T","M","$","E"],"character_chosen":"IRONCLAD","items_purchased":["DollysMirror"],"campfire_rested":0,"item_purchase_floors":[11],"current_hp_per_floor":[80,69,69,75,80,80,40,35,35,9,24,0,0],"gold":51,"neow_bonus":"THREE_ENEMY_KILL","is_daily":false,"chose_seed":false,"campfire_upgraded":1,"win_rate":0.0,"timestamp":1611566924,"path_taken":["M","?","?","?","M","R","E","M","T","M","$","E"],"items_purchased_type":["Relic"],"build_version":"2020-12-22","purchased_purges":1,"victory":false,"max_hp_per_floor":[80,80,80,80,80,80,80,80,80,80,80,80,80],"relic_stats":{"counters":[7,20],"Bronze Scales":[12],"MealTicket":15,"obtain_stats":[{"NeowsBlessing":0,"DollysMirror":11,"Bronze Scales":9,"MealTicket":3,"Frozen Egg 2":7,"Burning Blood":0},{"NeowsBlessing":0,"DollysMirror":6,"Bronze Scales":5,"MealTicket":1,"Frozen Egg 2":4,"Burning Blood":0},{"NeowsBlessing":0,"DollysMirror":16,"Bronze Scales":12,"MealTicket":1,"Frozen Egg 2":10,"Burning Blood":0}],"Burning Blood":29},"card_choices":[{"not_picked":["Anger","Sever Soul"],"picked":"Cleave","floor":1},{"not_picked":["Clothesline","Iron Wave"],"picked":"Perfected Strike","floor":4},{"not_picked":["Entrench","Pommel Strike"],"picked":"Dual Wield","floor":5},{"not_picked":["Anger","Brutality+1"],"picked":"Pommel Strike","floor":7},{"not_picked":["Shrug It Off","Warcry"],"picked":"Rupture+1","floor":8},{"not_picked":["Power Through","Clothesline"],"picked":"Fire Breathing+1","floor":10}],"player_experience":326125,"relics_obtained":[{"floor":7,"key":"Frozen Egg 2"},{"floor":9,"key":"Bronze Scales"}],"event_choices":[{"damage_healed":0,"gold_gain":75,"player_choice":"Gather Gold","damage_taken":11,"max_hp_gain":0,"max_hp_loss":0,"event_name":"World of Goop","floor":2,"gold_loss":0},{"damage_healed":0,"gold_gain":0,"player_choice":"Box","damage_taken":0,"relics_obtained":["MealTicket"],"max_hp_gain":0,"max_hp_loss":0,"event_name":"Big Fish","floor":3,"gold_loss":0,"cards_obtained":["Regret"]}],"is_beta":false,"boss_relics":[],"items_purged_floors":[11],"is_endless":false,"potions_floor_spawned":[4,5,10],"killed_by":"Gremlin Nob","ascension_level":2}}