{"host":"srk2drlvga69hbot","time":1611590350,"event":{"mods":["BaseMod","Bestiary","Block Reminder","Colored Map","Colored Powertips","Dark Map","DeckTracker","Highlight Path","Minty Spire (QoL Compilation)","Quick Restart","Rare Cards Sparkle","Relic Stats","SuperFastMode","Unceasing Turn Reminder"],"gold_per_floor":[110,110,110,110,133,174,174,193,193,234,258,283,358,358,370,507,519,546,483,495,491,160,201,201,201,201],"floor_reached":25,"language":"ZHS","playtime":900,"items_purged":["Defend_R"],"score":394,"play_id":"265be0a1-b36b-4947-b6e3-34702ccff75d","local_time":"20210125235910","is_ascension_mode":true,"campfire_choices":[{"data":"Blood for Blood","floor":7.0,"key":"SMITH"},{"floor":15.0,"key":"REST"},{"data":"Dark Embrace","floor":24,"key":"SMITH"}],"circlet_count":0,"master_deck":["AscendersBane","Strike_R","Strike_R","Strike_R","Strike_R","Defend_R","Defend_R","Defend_R","Bash","Perfected Strike+1","Blood for Blood+1","Disarm","Reckless Charge","Flex","Reaper","Wild Strike","Blood for Blood","Dark Embrace+1","Second Wind"],"relics":["Burning Blood","NeowsBlessing","Golden Idol","TungstenRod","Magic Flower","Vajra","MawBank","Coffee Dripper","Nilry\u0027s Codex","Tiny Chest","Lantern"],"acts_visited":["Exordium","TheCity"],"potions_floor_usage":[23,23],"damage_taken":[{"damage":0.0,"enemies":"Jaw Worm","floor":1.0,"turns":1.0},{"damage":0.0,"enemies":"2 Louse","floor":5.0,"turns":1.0},{"damage":0.0,"enemies":"Gremlin Nob","floor":6.0,"turns":1.0},{"damage":13.0,"enemies":"Small Slimes","floor":8.0,"turns":4.0},{"damage":29.0,"enemies":"3 Sentries","floor":10.0,"turns":10.0},{"damage":5.0,"enemies":"Blue Slaver","floor":11.0,"turns":3.0},{"damage":9.0,"enemies":"2 Fungi Beasts","floor":12.0,"turns":3.0},{"damage":46,"enemies":"The Guardian","floor":16,"turns":9},{"damage":22,"enemies":"Spheric Guardian","floor":18,"turns":4},{"damage":21,"enemies":"2 Thieves","floor":21,"turns":4},{"damage":37,"enemies":"Book of Stabbing","floor":23,"turns":4},{"damage":13,"enemies":"Gremlin Leader","floor":25,"turns":1}],"seed_played":"2936447431433836881","potions_obtained":[{"floor":5.0,"key":"Swift Potion"},{"floor":8.0,"key":"SkillPotion"},{"floor":18,"key":"Energy Potion"},{"floor":23,"key":"Energy Potion"}],"is_trial":false,"path_per_floor":["M","?","?","?","M","E","R","M","T","E","M","M","?","?","R","B",null,"M","?","?","M","$","E","R","E"],"character_chosen":"IRONCLAD","items_purchased":["Dark Embrace","Second Wind","Tiny Chest"],"campfire_rested":1,"item_purchase_floors":[22,22,22],"current_hp_per_floor":[78,78,58,58,64,70,70,63,63,43,47,47,37,32,56,19,65,60,60,48,38,38,10,10,0,0],"gold":201,"neow_bonus":"THREE_ENEMY_KILL","is_daily":false,"chose_seed":false,"campfire_upgraded":2,"win_rate":0.0,"timestamp":1611590350,"path_taken":["M","?","?","?","M","E","R","?","T","E","M","M","?","?","R","BOSS","M","?","?","M","$","E","R","E"],"items_purchased_type":["Card","Card","Relic"],"build_version":"2020-12-22","purchased_purges":1,"victory":false,"max_hp_per_floor":[80,80,80,80,80,80,80,80,80,80,80,80,80,80,80,80,80,80,80,80,80,80,80,80,80,80],"relic_stats":{"counters":[12,45],"Golden Idol":74,"Magic Flower":[25],"Tiny Chest":0,"MawBank":96,"obtain_stats":[{"Lantern":23,"NeowsBlessing":0,"Golden Idol":3,"Nilry\u0027s Codex":20,"Magic Flower":9,"Vajra":10,"Tiny Chest":22,"Coffee Dripper":17,"MawBank":14,"Burning Blood":0,"TungstenRod":6},{"Lantern":11,"NeowsBlessing":0,"Golden Idol":1,"Nilry\u0027s Codex":9,"Magic Flower":4,"Vajra":5,"Tiny Chest":10,"Coffee Dripper":8,"MawBank":7,"Burning Blood":0,"TungstenRod":3},{"Lantern":44,"NeowsBlessing":0,"Golden Idol":1,"Nilry\u0027s Codex":36,"Magic Flower":7,"Vajra":17,"Tiny Chest":40,"Coffee Dripper":32,"MawBank":23,"Burning Blood":0,"TungstenRod":3}],"Burning Blood":87,"TungstenRod":50},"card_choices":[{"not_picked":["Sword Boomerang","Heavy Blade"],"picked":"Perfected Strike","floor":1.0},{"not_picked":["Heavy Blade","Inflame"],"picked":"Blood for Blood","floor":5.0},{"not_picked":["Inflame","Clash","Ghostly Armor"],"picked":"SKIP","floor":6.0},{"not_picked":["Iron Wave","Armaments"],"picked":"Disarm","floor":8.0},{"not_picked":["Thunderclap","Rupture"],"picked":"Reckless Charge","floor":10.0},{"not_picked":["Anger","Combust","Heavy Blade"],"picked":"SKIP","floor":11.0},{"not_picked":["Shockwave","Dual Wield"],"picked":"Flex","floor":12.0},{"not_picked":["Immolate","Fiend Fire"],"picked":"Reaper","floor":16},{"not_picked":["Twin Strike+1","Clash"],"picked":"Wild Strike","floor":18},{"not_picked":["Shrug It Off","Perfected Strike"],"picked":"Blood for Blood","floor":21},{"not_picked":["Cleave","True Grit","Dropkick"],"picked":"SKIP","floor":23}],"player_experience":262498,"relics_obtained":[{"floor":6.0,"key":"TungstenRod"},{"floor":9.0,"key":"Magic Flower"},{"floor":10.0,"key":"Vajra"},{"floor":20,"key":"Nilry\u0027s Codex"},{"floor":23,"key":"Lantern"}],"event_choices":[{"damage_healed":0.0,"max_hp_gain":0.0,"max_hp_loss":0.0,"gold_gain":0.0,"event_name":"Living Wall","player_choice":"Grow","floor":2.0,"gold_loss":0.0,"damage_taken":0.0,"cards_upgraded":["Perfected Strike"]},{"damage_healed":0.0,"max_hp_gain":0.0,"max_hp_loss":0.0,"gold_gain":0.0,"event_name":"Golden Idol","player_choice":"Take Damage","floor":3.0,"gold_loss":0.0,"damage_taken":20.0,"relics_obtained":["Golden Idol"]},{"damage_healed":0.0,"max_hp_gain":0.0,"max_hp_loss":0.0,"gold_gain":0.0,"event_name":"Shining Light","player_choice":"Ignored","floor":4.0,"gold_loss":0.0,"damage_taken":0.0},{"damage_healed":0.0,"max_hp_gain":0.0,"max_hp_loss":0.0,"gold_gain":75.0,"event_name":"World of Goop","player_choice":"Gather Gold","floor":13.0,"gold_loss":0.0,"damage_taken":11.0},{"damage_healed":0.0,"max_hp_gain":0.0,"max_hp_loss":0.0,"gold_gain":0.0,"event_name":"Scrap Ooze","player_choice":"Success","floor":14.0,"gold_loss":0.0,"damage_taken":7.0,"relics_obtained":["MawBank"]},{"cards_removed":["Strike_R"],"damage_healed":0,"gold_gain":0,"player_choice":"Gave Gold","damage_taken":0,"max_hp_gain":0,"max_hp_loss":0,"event_name":"Beggar","floor":19,"gold_loss":75},{"damage_healed":0,"gold_gain":0,"player_choice":"Obtained Book","damage_taken":16,"max_hp_gain":0,"max_hp_loss":0,"event_name":"Cursed Tome","floor":20,"gold_loss":0}],"is_beta":false,"boss_relics":[{"not_picked":["Runic Dome","Black Blood"],"picked":"Coffee Dripper"}],"items_purged_floors":[22],"is_endless":false,"potions_floor_spawned":[5,8,12,18,23],"killed_by":"Gremlin Leader","ascension_level":11}}