{"host":"yjeq27nqd9iczda7","time":1611547755,"event":{"mods":["Arknights The Spire","BaseMod","Colored Map","Colored Powertips","GifTheSpireLib","Minty Spire (QoL Compilation)","Prisma Mod","StSLib","The Alterego","The Poker Player","Waifu the Spire"],"gold_per_floor":[209,219,238,313,327,354,369,369,369],"floor_reached":8,"language":"KOR","playtime":417,"items_purged":[],"score":60,"play_id":"80d191e9-4f5a-44f0-90f0-8868ba87acf4","local_time":"20210125130915","is_ascension_mode":false,"campfire_choices":[],"circlet_count":0,"master_deck":["ats:Strike C","ats:Strike G","ats:Strike S","ats:Strike V","ats:Armor Crushing Shot","ats:Defend","ats:Defend","ats:Defend","ats:Defend","ats:Emotion Absorption","ats:Ignite","ats:Red Shift","ats:Absolute Focus","ats:Encircling Forest","ats:Calcification","ats:Shell Defense"],"relics":["ats:Sanity","ats:Originium","Matryoshka"],"acts_visited":["Exordium"],"potions_floor_usage":[5,6,6],"damage_taken":[{"damage":4,"enemies":"Cultist","floor":1,"turns":4},{"damage":7,"enemies":"2 Louse","floor":2,"turns":3},{"damage":6,"enemies":"Jaw Worm","floor":3,"turns":2},{"damage":7,"enemies":"Looter","floor":5,"turns":3},{"damage":25,"enemies":"3 Sentries","floor":6,"turns":12},{"damage":4,"enemies":"2 Fungi Beasts","floor":7,"turns":4},{"damage":23,"enemies":"Gremlin Nob","floor":8,"turns":3}],"seed_played":"5426136430911667969","potions_obtained":[{"floor":1,"key":"GamblersBrew"},{"floor":3,"key":"ColorlessPotion"},{"floor":5,"key":"Dexterity Potion"}],"is_trial":false,"path_per_floor":["M","M","M","?","M","E","M","E"],"character_chosen":"DOCTOR_CLASS","items_purchased":[],"campfire_rested":0,"item_purchase_floors":[],"current_hp_per_floor":[68,61,55,44,37,12,9,0,0],"gold":369,"neow_bonus":"HUNDRED_GOLD","is_daily":false,"chose_seed":false,"campfire_upgraded":0,"win_rate":0.0,"timestamp":1611547755,"path_taken":["M","M","M","?","M","E","M","E"],"items_purchased_type":[],"build_version":"2020-12-22","purchased_purges":0,"victory":false,"max_hp_per_floor":[72,72,72,72,72,72,72,72,72],"card_choices":[{"not_picked":["ats:Composite Medical Shells","ats:Guard Mode"],"picked":"ats:Ignite","floor":1},{"not_picked":["ats:Guard Mode","ats:Explosion Area Strengthen"],"picked":"ats:Red Shift","floor":2},{"not_picked":["ats:Explosion Area Strengthen","ats:Revitalization"],"picked":"ats:Absolute Focus","floor":3},{"not_picked":["ats:Red Shift","ats:LN2 Cannon"],"picked":"ats:Encircling Forest","floor":5},{"not_picked":["ats:Assault Order","ats:Leaping Hammer"],"picked":"ats:Calcification","floor":6},{"not_picked":["ats:Explosion Area Strengthen","ats:Curse Doll"],"picked":"ats:Shell Defense","floor":7}],"player_experience":42897,"relics_obtained":[{"floor":6,"key":"ats:Originium"},{"floor":6,"key":"Matryoshka"}],"event_choices":[{"damage_healed":0,"gold_gain":75,"player_choice":"Gather Gold","damage_taken":11,"max_hp_gain":0,"max_hp_loss":0,"event_name":"World of Goop","floor":4,"gold_loss":0}],"is_beta":false,"boss_relics":[],"items_purged_floors":[],"is_endless":false,"potions_floor_spawned":[1,3,5],"killed_by":"Gremlin Nob","ascension_level":0}}