{"host":"5v9rfzf5qju8k9wy","time":1611582652,"event":{"mods":["Act Like it!","BaseMod","Downfall","Hermit","Koishi","Lobotomy","Marisa£®ÏF”Í°°ƒß¿Ì…≥£©","Minty Spire (QoL Compilation)","StSLib","The Cursed"],"gold_per_floor":[119,79,92,110,110,135,154,154,154,173,173,173,183,194,194,289,289,289,289],"floor_reached":18,"language":"ZHS","playtime":1461,"items_purged":[],"score":164,"play_id":"6efe4814-137d-4a9b-9d65-74a79913d891","local_time":"20210125215052","is_ascension_mode":false,"campfire_choices":[{"data":"TheCursedMod:BlessingInDisguise","floor":8,"key":"SMITH"},{"floor":11,"key":"REST"},{"data":"TheCursedMod:HellsGateOpen","floor":15,"key":"SMITH"}],"circlet_count":0,"master_deck":["TheCursedMod:Strike_TheCursed","TheCursedMod:Strike_TheCursed","TheCursedMod:Strike_TheCursed","TheCursedMod:Strike_TheCursed","TheCursedMod:Defend_TheCursed","TheCursedMod:Defend_TheCursed","TheCursedMod:Defend_TheCursed","TheCursedMod:Defend_TheCursed","TheCursedMod:CleanUpWorkshop","TheCursedMod:Dregs","Bloodbath","TheCursedMod:BlessingInDisguise+1","Murderer","TheCursedMod:CursedShiv","OldLady","TheCursedMod:HellsGateOpen+1","LittlePrince","TheCursedMod:SpitefulPlan","TheCursedMod:BloodBarrier","Freischutz","TheCursedMod:NeowsMight","TheCursedMod:DemonicPact"],"relics":["TheCursedMod:BlackMagic101","CogitoBucket","Toy Ornithopter","Regal Pillow","Theresia","Cursed Key"],"acts_visited":["Exordium","TheCity"],"potions_floor_usage":[6],"damage_taken":[{"damage":6.0,"enemies":"Jaw Worm","floor":1.0,"turns":5.0},{"damage":4.0,"enemies":"Cultist","floor":3.0,"turns":4.0},{"damage":0.0,"enemies":"2 Louse","floor":4.0,"turns":2.0},{"damage":29,"enemies":"3 Sentries","floor":6,"turns":11},{"damage":29,"enemies":"Red Slaver","floor":7,"turns":4},{"damage":4,"enemies":"Looter","floor":10,"turns":6},{"damage":8,"enemies":"3 Louse","floor":13,"turns":2},{"damage":15,"enemies":"Red Slaver","floor":14,"turns":5},{"damage":49,"enemies":"Hexaghost","floor":16,"turns":13},{"damage":0,"enemies":"3 Byrds","floor":18,"turns":2}],"seed_played":"-903459700912806095","potions_obtained":[{"floor":1.0,"key":"FearPotion"},{"floor":2.0,"key":"FairyPotion"},{"floor":2.0,"key":"ColorlessPotion"},{"floor":2.0,"key":"Fire Potion"},{"floor":5.0,"key":"Guardian:BlockOnCardUsePotion"},{"floor":6,"key":"Strength Potion"},{"floor":16,"key":"SpeedPotion"}],"is_trial":false,"path_per_floor":["M","?","M","M","?","E","M","R","T","M","R","?","M","M","R","B",null,"M"],"character_chosen":"THE_CURSED","items_purchased":[],"campfire_rested":1,"item_purchase_floors":[],"current_hp_per_floor":[69,69,67,68,68,42,20,20,20,19,56,56,48,35,35,15,75,75,75],"gold":289,"neow_bonus":"","is_daily":false,"chose_seed":false,"campfire_upgraded":2,"win_rate":0.0,"timestamp":1611582652,"path_taken":["M","?","?","M","?","E","?","R","T","M","R","?","M","M","R","BOSS","M"],"items_purchased_type":[],"build_version":"2020-12-22","purchased_purges":0,"victory":false,"max_hp_per_floor":[75,75,75,75,75,75,75,75,75,75,75,75,75,75,75,75,75,75,75],"card_choices":[{"not_picked":["WallGazer","Freischutz"],"picked":"Bloodbath","floor":1.0},{"not_picked":["TheCursedMod:FuryStrike","TheCursedMod:TroublousMinions"],"picked":"TheCursedMod:BlessingInDisguise","floor":1.0},{"not_picked":["SingingMachine","VoidDream"],"picked":"Murderer","floor":3.0},{"not_picked":["TheCursedMod:TroublousMinions","TheCursedMod:Stretching"],"picked":"TheCursedMod:CursedShiv","floor":3.0},{"not_picked":["VoidDream","QueenOfHatred"],"picked":"DreamingCurrent","floor":4.0},{"not_picked":["TheCursedMod:ParallelWorld","TheCursedMod:WearCloak"],"picked":"TheCursedMod:Obscuration","floor":4.0},{"not_picked":["Wellcheers","UniverseFragment"],"picked":"OldLady","floor":6},{"not_picked":["TheCursedMod:Stigma","TheCursedMod:PrepareRite","TheCursedMod:SoulCrush"],"picked":"SKIP","floor":6},{"not_picked":["TheCursedMod:Stigma","TheCursedMod:PrepareRite","TheCursedMod:SoulCrush"],"picked":"SKIP","floor":6},{"not_picked":["TheCursedMod:CursedAmulet","TheCursedMod:Wield"],"picked":"TheCursedMod:HellsGateOpen","floor":7},{"not_picked":["PunishingBird","VoidDream"],"picked":"LittlePrince","floor":10},{"not_picked":["TheCursedMod:Stigma","TheCursedMod:FleshFromBone"],"picked":"TheCursedMod:SpitefulPlan","floor":10},{"not_picked":["TheCursedMod:SaltUponWound","TheCursedMod:FleshFromBone"],"picked":"TheCursedMod:BloodBarrier","floor":13},{"not_picked":["SnowQueen","Laetitia"],"picked":"Freischutz","floor":14},{"not_picked":["TheCursedMod:CircleOfCorruption","TheCursedMod:SurpriseAttack"],"picked":"TheCursedMod:NeowsMight","floor":14},{"not_picked":["TheCursedMod:UltimatePain","TheCursedMod:ShockAndAwe"],"picked":"TheCursedMod:DemonicPact","floor":16}],"player_experience":104778,"relics_obtained":[{"floor":6,"key":"Toy Ornithopter"},{"floor":9,"key":"Regal Pillow"}],"event_choices":[{"damage_healed":0.0,"max_hp_gain":0.0,"max_hp_loss":0.0,"gold_gain":0.0,"event_name":"The Woman in Blue","player_choice":"Bought 3 Potions","floor":2.0,"gold_loss":0.0,"damage_taken":0.0},{"damage_healed":0.0,"max_hp_gain":0.0,"max_hp_loss":0.0,"gold_gain":0.0,"event_name":"Lab","player_choice":"Got Potions","floor":5.0,"gold_loss":0.0,"damage_taken":0.0},{"cards_removed":["DreamingCurrent"],"damage_healed":0,"gold_gain":0,"player_choice":"Purged","damage_taken":0,"max_hp_gain":0,"max_hp_loss":0,"event_name":"Purifier","floor":12,"gold_loss":0}],"is_beta":false,"boss_relics":[{"not_picked":["Ectoplasm","Busted Crown"],"picked":"Cursed Key"}],"items_purged_floors":[],"is_endless":false,"potions_floor_spawned":[1,6,13,16],"killed_by":"3 Byrds","ascension_level":0}}