{"host":"dyudzmz1c60osjjw","time":1611618845,"event":{"mods":["AchievementEnabler","BaseMod","BetterRewards","Colored Map","Conspire","Downfall","Duelist Mod","Friendly Minions","Hermit","Hubris","Infinite Spire","Koishi","Marisa????????","Minty Spire (QoL Compilation)","StSLib","The Administrix","The Animator","The Cursed","The Disciple","The Mystic","The Runesmith","The Servant 0.9.4"],"gold_per_floor":[99,109,123,138,203,378,401,13,27,58,58,78,78,112,131,229,229,129,142,142,157,169,203,203,223,23,23,23,23,53,153,166,266,266,166,176,226,244,144,29,29,60,74,74,74,74,91,117,17,117,117,117,133,233,233,263,263,263,263,275,303,303,337,337,532,551,648,648,648,662,509,523,523,623,648,664,764,764,407,420,420,420,434,533,533,533,544,559,559,572,590,625,625,264,274,274,293,293,305,316,316,316,316],"floor_reached":101,"language":"ENG","playtime":8319,"items_purged":["Doubt","Pride","bronze:Strike","bronze:Deprecate+1"],"score":1982,"play_id":"e5c92ae8-5948-4a93-a304-826a4274d648","local_time":"20210126105405","is_ascension_mode":false,"campfire_choices":[{"floor":1,"key":"RECALL"},{"data":"bronze:Repulsor","floor":11,"key":"SMITH"},{"data":"bronze:Turbo","floor":13,"key":"SMITH"},{"data":"bronze:Format","floor":18,"key":"SMITH"},{"floor":27,"key":"REST"},{"floor":29,"key":"REST"},{"data":"1","floor":35,"key":"LIFT"},{"floor":44,"key":"REST"},{"data":"bronze:Shell","floor":46,"key":"SMITH"},{"data":"2","floor":49,"key":"LIFT"},{"data":"3","floor":52,"key":"LIFT"},{"data":"infinitespire:Execution","floor":57,"key":"SMITH"},{"floor":62,"key":"REST"},{"data":"bronze:Turbo","floor":64,"key":"SMITH"},{"data":"bronze:Return","floor":69,"key":"SMITH"},{"data":"bronze:Goto","floor":78,"key":"SMITH"},{"data":"expansioncontent:QuickStudy","floor":81,"key":"SMITH"},{"data":"bronze:Verify","floor":86,"key":"SMITH"},{"floor":98,"key":"REST"}],"circlet_count":0,"master_deck":["bronze:Strike","bronze:Defend","bronze:Replicate","bronze:Goto+1","bronze:Frontload","bronze:Repulsor+1","bronze:FineTuning","bronze:Repair+1","bronze:Format+1","bronze:Turbo+1","bronze:Boost","bronze:Mutator","bronze:BuggyMess","bronze:CleanCode","bronze:FineTuning","bronze:FineTuning","bronze:Fortify","expansioncontent:QuickStudy+1","bronze:FineTuning+1","bronze:ChosenStrike+1","bronze:RecursiveStrike+1","bronze:NullPointer+1","bronze:Shell+1","bronze:DigitalCarnage+1","infinitespire:Fortify","bronze:GetLatest+1","bronze:FineTuning+1","bronze:Assembly","bronze:Backtrace+1","bronze:WildBeam+1","infinitespire:Execution+1","bronze:Turbo+1","bronze:BuggyMess+1","bronze:RecursiveStrike+1","bronze:Return+1","bronze:BugBarrage+1","bronze:ItsAFeature","J.A.X.","bronze:GetLatest+1","bronze:Verify+1","bronze:CutThrough+1","bronze:Repair+1","expansioncontent:LastStand"],"relics":["bronze:BronzeCore","Art of War","hubris:OldNail","Toolbox","Orichalcum","Torii","Runic Pyramid","downfall:HeartBlessingRed","Happy Flower","Molten Egg 2","Potion Belt","Girya","Pear","conspire:RoyalGoblet","downfall:HeartBlessingBlue","infinitespire:Golems Mask","hubris:SphereOfDissonance","Omamori","bronze:PlatinumCore","Membership Card","Vajra","downfall:HeartBlessingGreen","Astrolabe","bronze:SilverBullet","infinitespire:Lucky Rock","bronze:ProtectiveGoggles","Anchor","Orrery","Black Star","Bag of Marbles","Oddly Smooth Stone","ClockworkSouvenir","MutagenicStrength","hubris:AstralHammer","infinitespire:ShieldingShard","hubris:FunFungus","Darkstone Periapt","Frozen Eye","hubris:HollowSoul","Pen Nib","Blood Vial","DollysMirror"],"acts_visited":["Exordium","TheCity","TheBeyond","Exordium","TheCity","TheBeyond"],"potions_floor_usage":[10,16,22,25,31,31,40,50,83,91,101,101,101,101],"damage_taken":[{"damage":3,"enemies":"Jaw Worm","floor":2,"turns":3},{"damage":1,"enemies":"2 Louse","floor":3,"turns":3},{"damage":0,"enemies":"Cultist","floor":4,"turns":3},{"damage":22,"enemies":"3 Sentries","floor":5,"turns":10},{"damage":0,"enemies":"downfall:FleeingMerchant","floor":8,"turns":4},{"damage":4,"enemies":"Red Slaver","floor":9,"turns":5},{"damage":8,"enemies":"Gremlin Nob","floor":10,"turns":5},{"damage":2,"enemies":"Blue Slaver","floor":12,"turns":6},{"damage":10,"enemies":"3 Sentries","floor":14,"turns":9},{"damage":1,"enemies":"Large Slime","floor":15,"turns":7},{"damage":1,"enemies":"DF_ARCHETYPE_STREAMLINE","floor":16,"turns":12},{"damage":29,"enemies":"Spheric Guardian","floor":19,"turns":6},{"damage":6,"enemies":"Centurion and Healer","floor":21,"turns":5},{"damage":14,"enemies":"Snake Plant","floor":22,"turns":6},{"damage":47,"enemies":"Book of Stabbing","floor":23,"turns":8},{"damage":0,"enemies":"conspire:HollyBat","floor":25,"turns":6},{"damage":3,"enemies":"downfall:FleeingMerchant","floor":26,"turns":4},{"damage":9,"enemies":"conspire:SneckoGhost","floor":30,"turns":7},{"damage":1,"enemies":"Colosseum Nobs","floor":31,"turns":4},{"damage":3,"enemies":"Chosen and Byrds","floor":32,"turns":7},{"damage":31,"enemies":"WA_ARCHETYPE_CALM","floor":33,"turns":11},{"damage":18,"enemies":"Orb Walker","floor":36,"turns":4},{"damage":0,"enemies":"Orb Walker","floor":37,"turns":5},{"damage":46,"enemies":"3 Shapes","floor":38,"turns":5},{"damage":0,"enemies":"downfall:FleeingMerchant","floor":40,"turns":4},{"damage":12,"enemies":"Nightmare","floor":42,"turns":5},{"damage":0,"enemies":"3 Darklings","floor":43,"turns":4},{"damage":0,"enemies":"Spire Growth","floor":47,"turns":2},{"damage":0,"enemies":"Nemesis","floor":48,"turns":3},{"damage":0,"enemies":"IC_BLOCK_ARCHETYPE","floor":50,"turns":5},{"damage":0,"enemies":"conspire:RoseBush","floor":53,"turns":1},{"damage":0,"enemies":"conspire:MimicChest","floor":56,"turns":2},{"damage":0,"enemies":"Small Slimes","floor":60,"turns":1},{"damage":0,"enemies":"Gremlin Nob","floor":61,"turns":1},{"damage":0,"enemies":"Lagavulin","floor":63,"turns":1},{"damage":0,"enemies":"downfall:FleeingMerchant","floor":65,"turns":1},{"damage":0,"enemies":"2 Louse","floor":66,"turns":1},{"damage":6,"enemies":"The Guardian","floor":67,"turns":2},{"damage":0,"enemies":"Spheric Guardian","floor":70,"turns":1},{"damage":0,"enemies":"Shell Parasite","floor":72,"turns":1},{"damage":1,"enemies":"downfall:Augmenter","floor":74,"turns":2},{"damage":0,"enemies":"Nightmare","floor":75,"turns":1},{"damage":0,"enemies":"Snake Plant","floor":76,"turns":1},{"damage":0,"enemies":"Colosseum Nobs","floor":77,"turns":1},{"damage":0,"enemies":"Snecko","floor":80,"turns":1},{"damage":0,"enemies":"Centurion and Healer","floor":83,"turns":1},{"damage":21,"enemies":"hubris:MusketHawk","floor":84,"turns":4},{"damage":10,"enemies":"3 Darklings","floor":87,"turns":3},{"damage":0,"enemies":"3 Shapes","floor":88,"turns":1},{"damage":1,"enemies":"Sphere and 2 Shapes","floor":90,"turns":3},{"damage":72,"enemies":"Transient","floor":91,"turns":5},{"damage":0,"enemies":"Giant Head","floor":92,"turns":3},{"damage":0,"enemies":"Jaw Worm Horde","floor":95,"turns":1},{"damage":0,"enemies":"Sphere and 2 Shapes","floor":97,"turns":2},{"damage":0,"enemies":"4 Shapes","floor":99,"turns":5},{"damage":0,"enemies":"Transient","floor":100,"turns":5},{"damage":24,"enemies":"Awakened One","floor":101,"turns":1}],"seed_played":"-5272539578053347135","potions_obtained":[{"floor":3,"key":"EssenceOfSteel"},{"floor":9,"key":"Energy Potion"},{"floor":10,"key":"Dexterity Potion"},{"floor":14,"key":"LiquidBronze"},{"floor":19,"key":"hexamod:SoulburnPotion"},{"floor":23,"key":"PowerPotion"},{"floor":25,"key":"Guardian:BlockOnCardUsePotion"},{"floor":32,"key":"Fire Potion"},{"floor":37,"key":"Block Potion"},{"floor":43,"key":"GamblersBrew"},{"floor":48,"key":"Fruit Juice"},{"floor":50,"key":"EssenceOfSteel"},{"floor":53,"key":"bronze:CleanCodePotion"},{"floor":83,"key":"hexamod:SoulburnPotion"},{"floor":92,"key":"GamblersBrew"},{"floor":95,"key":"Fire Potion"},{"floor":96,"key":"PowerPotion"}],"is_trial":false,"path_per_floor":["R","M","M","M","?","?","T","$","M","E","R","M","R","E","M","B",null,"R","M","?","M","M","E","T","M","$","R","?","R","E","?","M","B",null,"R","M","?","M","NS","$","T","NM","M","R","AVR","R","M","E","R","B",null,"R","M","?","?","?","R","T","?","M","E","R","E","R","$","M","B",null,"R","M","$","M","AVR","?","NM","M","?","R","$","M","R","?","M","B",null,"R","M","M","?","M","M","E","NS","$","M","?","M","R","M","M","B"],"character_chosen":"THE_AUTOMATON","items_purchased":["bronze:Format","Toolbox","expansioncontent:QuickStudy","Anchor","Orrery","Bag of Marbles","Oddly Smooth Stone","hubris:FunFungus","Darkstone Periapt","Frozen Eye","Pen Nib","Blood Vial","DollysMirror","bronze:FreeFunctionsPotion","expansioncontent:LastStand"],"campfire_rested":5,"item_purchase_floors":[8,8,26,65,65,71,71,79,79,79,94,94,94,94,94],"current_hp_per_floor":[77,74,73,73,51,51,51,51,54,53,53,58,58,55,61,71,77,77,48,48,50,43,3,3,10,7,30,30,53,52,61,65,41,87,97,80,80,34,34,46,46,42,42,71,71,71,71,78,78,86,97,97,97,97,74,81,81,81,48,48,48,77,84,84,84,84,78,97,97,97,97,97,97,96,96,96,96,96,96,96,96,96,101,82,102,102,94,101,93,100,32,35,35,35,37,37,40,70,81,101,0,0,0],"gold":316,"neow_bonus":"TEN_PERCENT_HP_BONUS","is_daily":false,"chose_seed":false,"campfire_upgraded":10,"win_rate":0.0,"timestamp":1611618845,"path_taken":["R","M","M","M","?","?","T","$","M","E","R","M","R","E","M","BOSS","R","M","?","?","M","E","T","M","?","R","?","R","E","?","M","BOSS","R","M","?","M","NS","$","T","NM","M","R","AVR","R","M","E","R","BOSS","R","M","?","?","?","R","T","?","M","E","R","E","R","?","M","BOSS","R","M","$","M","AVR","?","NM","M","?","R","?","M","R","?","M","BOSS","R","M","M","?","M","?","E","NS","$","M","?","M","R","?","M","BOSS"],"items_purchased_type":["Card","Relic","Card","Relic","Relic","Relic","Relic","Relic","Relic","Relic","Relic","Relic","Relic","Potion","Card"],"build_version":"2020-12-22","purchased_purges":4,"victory":false,"max_hp_per_floor":[77,77,77,77,77,77,77,77,77,77,77,77,77,77,77,77,77,77,77,77,77,77,77,77,77,77,77,77,77,77,87,87,87,87,97,97,97,97,97,97,97,97,97,97,97,97,97,97,97,97,97,97,97,97,97,97,97,97,97,97,97,97,97,97,97,97,97,97,97,97,97,97,97,97,97,97,97,97,97,97,97,97,102,102,102,102,102,102,102,102,102,102,102,102,102,102,102,102,102,102,102,102,102],"card_choices":[{"not_picked":["bronze:Philosophize","bronze:BugBarrage","bronze:DarkDash"],"picked":"SKIP","floor":2},{"not_picked":["bronze:DarkDash","bronze:Iterate"],"picked":"bronze:Frontload","floor":3},{"not_picked":["bronze:Iterate","bronze:Turbo"],"picked":"bronze:Repulsor","floor":4},{"not_picked":["bronze:Branch","bronze:ClassDefault"],"picked":"bronze:FineTuning","floor":5},{"not_picked":["bronze:OilSpill","bronze:BronzeArmor"],"picked":"bronze:Repair","floor":8},{"not_picked":["bronze:Iterate","bronze:WhirlingStrike","bronze:DelayedSlice"],"picked":"SKIP","floor":9},{"not_picked":["bronze:Repulsor","bronze:WildBeam","bronze:Repair"],"picked":"SKIP","floor":10},{"not_picked":["bronze:Assembly","bronze:BronzeArmor"],"picked":"bronze:Turbo","floor":12},{"not_picked":["bronze:Overload","bronze:FollowUp"],"picked":"bronze:Boost","floor":14},{"not_picked":["bronze:FineTuning","bronze:Allocate","bronze:WildBeam"],"picked":"SKIP","floor":15},{"not_picked":["bronze:ShipIt","bronze:FindAndReplace"],"picked":"bronze:Mutator","floor":16},{"not_picked":["bronze:Branch+1","bronze:ForceShield"],"picked":"bronze:BuggyMess","floor":19},{"not_picked":["bronze:FollowUp","bronze:BuggyMess"],"picked":"bronze:FineTuning","floor":21},{"not_picked":["bronze:OilSpill","bronze:CloningBeam","bronze:DarkDash"],"picked":"SKIP","floor":22},{"not_picked":["bronze:Boost","bronze:BitShift"],"picked":"bronze:Fortify","floor":23},{"not_picked":["bronze:Overheat","bronze:DigitalCarnage"],"picked":"bronze:WhirlingStrike+1","floor":25},{"not_picked":["bronze:DigitalCarnage","bronze:Boost","bronze:DelayedGuard"],"picked":"SKIP","floor":26},{"not_picked":["bronze:Format","bronze:Deprecate"],"picked":"bronze:FineTuning+1","floor":30},{"not_picked":["bronze:Shield","bronze:Allocate+1"],"picked":"bronze:ChosenStrike+1","floor":31},{"not_picked":["bronze:Return+1","bronze:ClassDefault"],"picked":"bronze:Flail+1","floor":32},{"not_picked":["bronze:SpaghettiCode","bronze:Virus+1"],"picked":"bronze:RecursiveStrike+1","floor":33},{"not_picked":["bronze:Turbo","bronze:Deprecate+1"],"picked":"bronze:NullPointer+1","floor":36},{"not_picked":["bronze:FineTuning+1","bronze:WhirlingStrike+1"],"picked":"bronze:Shell","floor":37},{"not_picked":["bronze:Frontload","bronze:Allocate","bronze:ClassDefault"],"picked":"SKIP","floor":38},{"not_picked":["bronze:WildBeam+1","bronze:Mutator"],"picked":"bronze:DigitalCarnage+1","floor":40},{"not_picked":["infinitespire:Punishment","infinitespire:Collect"],"picked":"infinitespire:Fortify","floor":42},{"not_picked":["bronze:Virus+1","bronze:DarkDash+1","bronze:DelayedGuard"],"picked":"SKIP","floor":42},{"not_picked":["bronze:Virus+1","bronze:DarkDash+1","bronze:DelayedGuard"],"picked":"SKIP","floor":42},{"not_picked":["bronze:BronzeOrb+1","bronze:Invalidate+1","bronze:BugBarrage+1"],"picked":"SKIP","floor":43},{"not_picked":["bronze:ForLoop","bronze:CloningBeam+1"],"picked":"bronze:GetLatest+1","floor":47},{"not_picked":["bronze:MaxOutput+1","bronze:DarkDash+1"],"picked":"bronze:FineTuning+1","floor":48},{"not_picked":["bronze:SpaghettiCode","bronze:AlphaBuild+1"],"picked":"bronze:Assembly","floor":50},{"not_picked":["bronze:FineTuning","bronze:Repulsor","bronze:DelayedGuard"],"picked":"SKIP","floor":53},{"not_picked":["infinitespire:Fortify","infinitespire:SealOfDarkness+"],"picked":"infinitespire:Execution","floor":55},{"not_picked":["bronze:Optimize","bronze:Invalidate"],"picked":"bronze:Turbo","floor":60},{"not_picked":["bronze:WildBeam+1","bronze:Deprecate","bronze:CutThrough+1"],"picked":"SKIP","floor":61},{"not_picked":["bronze:ItsAFeature","bronze:OilSpill+1","bronze:NullPointer+1"],"picked":"SKIP","floor":63},{"not_picked":["bronze:Safeguard","bronze:Break+1"],"picked":"bronze:BuggyMess","floor":65},{"not_picked":["bronze:OilSpill+1","bronze:DigitalCarnage+1"],"picked":"bronze:RecursiveStrike+1","floor":65},{"not_picked":["bronze:Branch+1","bronze:ForLoop"],"picked":"bronze:Return","floor":66},{"not_picked":["bronze:DarkDash+1","bronze:FollowUp+1","bronze:Branch+1"],"picked":"SKIP","floor":70},{"not_picked":["bronze:WildBeam+1","bronze:Iterate+1","bronze:Deprecate"],"picked":"SKIP","floor":72},{"not_picked":[],"picked":"J.A.X.","floor":74},{"not_picked":["bronze:SpaghettiCode","bronze:BuggyMess+1","bronze:NullPointer+1"],"picked":"SKIP","floor":75},{"not_picked":["bronze:BugBarrage+1","bronze:CutThrough+1","bronze:Shield"],"picked":"SKIP","floor":76},{"not_picked":["bronze:Repair","bronze:FineTuning","bronze:BuggyMess"],"picked":"SKIP","floor":80},{"not_picked":["bronze:Turbo","bronze:ItsAFeature","bronze:Return+1"],"picked":"SKIP","floor":83},{"not_picked":["bronze:HyperBeam+1","bronze:BurnOut+1"],"picked":"bronze:Verify","floor":84},{"not_picked":["bronze:OilSpill+1","bronze:CutThrough+1","bronze:Deprecate"],"picked":"SKIP","floor":87},{"not_picked":["bronze:Turbo","bronze:BitShift","bronze:Shield+1"],"picked":"SKIP","floor":88},{"not_picked":["bronze:Turbo","bronze:BronzeOrb+1","bronze:SpaghettiCode"],"picked":"SKIP","floor":90},{"not_picked":["bronze:Shield","bronze:BuggyMess+1","bronze:Turbo"],"picked":"SKIP","floor":91},{"not_picked":["bronze:Frontload+1","bronze:BuggyMess"],"picked":"bronze:CutThrough+1","floor":92},{"not_picked":["bronze:Shield","bronze:Turbo+1","bronze:Invalidate"],"picked":"SKIP","floor":95},{"not_picked":["bronze:Optimize+1","bronze:Invalidate+1","bronze:DigitalCarnage+1"],"picked":"SKIP","floor":97},{"not_picked":["bronze:Deprecate","bronze:DelayedGuard+1","bronze:Turbo"],"picked":"SKIP","floor":99},{"not_picked":["bronze:Overheat+1","bronze:Turbo+1","bronze:BurnOut+1"],"picked":"SKIP","floor":100},{"not_picked":["bronze:Overheat+1","bronze:Turbo+1","bronze:BurnOut+1"],"picked":"SKIP","floor":100}],"player_experience":184256,"relics_obtained":[{"floor":7,"key":"hubris:OldNail"},{"floor":10,"key":"Orichalcum"},{"floor":14,"key":"Torii"},{"floor":23,"key":"Happy Flower"},{"floor":30,"key":"Potion Belt"},{"floor":31,"key":"Girya"},{"floor":31,"key":"Pear"},{"floor":37,"key":"infinitespire:Golems Mask"},{"floor":41,"key":"hubris:SphereOfDissonance"},{"floor":42,"key":"Omamori"},{"floor":48,"key":"Vajra"},{"floor":56,"key":"bronze:SilverBullet"},{"floor":58,"key":"infinitespire:Lucky Rock"},{"floor":74,"key":"MutagenicStrength"},{"floor":77,"key":"hubris:AstralHammer"},{"floor":77,"key":"infinitespire:ShieldingShard"}],"event_choices":[{"damage_healed":0,"gold_gain":0,"player_choice":"Stole Relic","damage_taken":0,"relics_obtained":["Molten Egg 2"],"max_hp_gain":0,"max_hp_loss":0,"event_name":"Addict","floor":28,"gold_loss":0,"cards_obtained":["Pride"]},{"damage_healed":0,"gold_gain":0,"player_choice":"Success","damage_taken":33,"relics_obtained":["bronze:ProtectiveGoggles"],"max_hp_gain":0,"max_hp_loss":0,"event_name":"Scrap Ooze","floor":59,"gold_loss":0},{"damage_healed":0,"gold_gain":0,"player_choice":"Got Potions","damage_taken":0,"max_hp_gain":0,"max_hp_loss":0,"event_name":"Lab","floor":96,"gold_loss":0}],"is_beta":false,"boss_relics":[{"not_picked":["hubris:RunicObelisk","conspire:SlowCooker"],"picked":"Runic Pyramid"},{"not_picked":["Tiny House","conspire:RunicOctahedron"],"picked":"conspire:RoyalGoblet"},{"not_picked":["Runic Dome","Empty Cage"],"picked":"Astrolabe"},{"not_picked":["hubris:ScarierMask","Velvet Choker"],"picked":"Black Star"},{"not_picked":["Fusion Hammer","conspire:SeveredTorchhead"],"picked":"hubris:HollowSoul"}],"items_purged_floors":[8,40,45,94],"is_endless":true,"potions_floor_spawned":[3,9,10,14,19,23,25,32,37,43,48,50,53,61,66,72,74,77,83,88,92,95,99,100],"killed_by":"Awakened One","ascension_level":0}}