{"host":"3imo7wsdyu7efakj","time":1611541947,"event":{"mods":["ATMod(°¢èªMod)","BaseMod","Downfall","Minty Spire (QoL Compilation)","StSLib"],"gold_per_floor":[99,110,110,122,135,155,155,188,288,321,333,343,360,360,380,484,484,484,500,513,513,513,587,587,677,692,692,542,542,342,401,456,552,552,452,502,169,79,131,46,46,58,83,83,83,83,83,83,135,135,135,244,52,52,52,52],"floor_reached":57,"language":"ZHS","playtime":5617,"items_purged":["Slimebound:Tackle","Slimebound:Defend_Slimebound","Slimebound:Defend_Slimebound"],"score":1239,"play_id":"54db0b7c-9b35-4860-a942-645bad5bd84f","local_time":"20210125103227","is_ascension_mode":false,"campfire_choices":[{"data":"AT_ShadowStep","floor":1.0,"key":"SMITH"},{"data":"Slimebound:SlimeSlap","floor":18.0,"key":"SMITH"},{"floor":30.0,"key":"RECALL"},{"data":"Slimebound:SlimeBrawl","floor":35.0,"key":"SMITH"},{"data":"Slimebound:CorrosiveSpit","floor":44.0,"key":"SMITH"},{"data":"Slimebound:TagTeam","floor":54.0,"key":"SMITH"}],"circlet_count":0,"master_deck":["Slimebound:Split","Slimebound:CorrosiveSpit+1","AT_ShadowStep+1","Slimebound:LeechEnergy","Slimebound:GrowthPunch","Slimebound:HungryTackle","Slimebound:LeechEnergy","Slimebound:Replication","Slimebound:SpikyOuterGoop","Slimebound:SlimeSlap+1","Slimebound:SlimeBrawl+1","Slimebound:SamplingLick+1","Ghostly","Slimebound:AcidTongue+1","Slimebound:TagTeam+1","Slimebound:SamplingLick+1","Slimebound:RejuvenatingLick+1","Slimebound:HungryTackle+1","Slimebound:Darklings","Slimebound:SplitBruiser+1","Slimebound:Dissolve"],"relics":["Slimebound:AbsorbEndCombat","AT_ATBox","AT_RedNoBalance","Guardian:GemstoneGun","White Beast Statue","AT_ChloranthyRing","Runic Pyramid","downfall:KnowingSkull","InkBottle","Ornamental Fan","Bottled Flame","downfall:HeartBlessingGreen","downfall:HeartBlessingBlue","expansioncontent:StudyCardRelic","downfall:HeartBlessingRed","Slimebound:PotencyRelic","Vajra","bronze:DonusWashers","AT_GuinsooRageblade","Juzu Bracelet","AT_ForceNature","Blue Candle","Slimebound:StickyStick"],"acts_visited":["Exordium","TheCity","TheBeyond","TheEnding"],"potions_floor_usage":[56],"damage_taken":[{"damage":6.0,"enemies":"2 Louse","floor":2.0,"turns":1.0},{"damage":1.0,"enemies":"Cultist","floor":4.0,"turns":3.0},{"damage":4.0,"enemies":"Jaw Worm","floor":5.0,"turns":4.0},{"damage":0.0,"enemies":"Gremlin Gang","floor":6.0,"turns":2.0},{"damage":28.0,"enemies":"3 Sentries","floor":8.0,"turns":5.0},{"damage":43.0,"enemies":"downfall:LadyInBlue","floor":9.0,"turns":9.0},{"damage":9.0,"enemies":"Gremlin Nob","floor":10.0,"turns":3.0},{"damage":13.0,"enemies":"Exordium Wildlife","floor":11.0,"turns":3.0},{"damage":0.0,"enemies":"Blue Slaver","floor":12.0,"turns":1.0},{"damage":11.0,"enemies":"Exordium Thugs","floor":13.0,"turns":2.0},{"damage":10.0,"enemies":"Blue Slaver","floor":15.0,"turns":2.0},{"damage":21.0,"enemies":"WA_ARCHETYPE_RETAIN","floor":16.0,"turns":5.0},{"damage":9.0,"enemies":"Spheric Guardian","floor":19.0,"turns":1.0},{"damage":15.0,"enemies":"3 Byrds","floor":20.0,"turns":3.0},{"damage":14.0,"enemies":"Gremlin Leader","floor":23.0,"turns":4.0},{"damage":8.0,"enemies":"Cultist and Chosen","floor":25.0,"turns":3.0},{"damage":5.0,"enemies":"Centurion and Healer","floor":26.0,"turns":4.0},{"damage":6.0,"enemies":"3 Cultists","floor":31.0,"turns":2.0},{"damage":11.0,"enemies":"Snecko","floor":32.0,"turns":3.0},{"damage":25.0,"enemies":"IC_MUSHROOM_ARCHETYPE","floor":33.0,"turns":7.0},{"damage":29.0,"enemies":"3 Shapes","floor":36.0,"turns":4.0},{"damage":18.0,"enemies":"downfall:FleeingMerchant","floor":38.0,"turns":4.0},{"damage":21.0,"enemies":"2 Orb Walkers","floor":39.0,"turns":2.0},{"damage":5.0,"enemies":"downfall:FleeingMerchant","floor":40.0,"turns":2.0},{"damage":5.0,"enemies":"Orb Walker","floor":42.0,"turns":1.0},{"damage":8.0,"enemies":"Nemesis","floor":43.0,"turns":2.0},{"damage":4.0,"enemies":"Maw","floor":49.0,"turns":2.0},{"damage":5.0,"enemies":"SI_POISON_ARCHETYPE","floor":50.0,"turns":2.0},{"damage":3.0,"enemies":"downfall:CharBossMerchant","floor":52.0,"turns":2.0},{"damage":11.0,"enemies":"downfall:NeowBoss","floor":55.0,"turns":5.0},{"damage":39,"enemies":"downfall:NeowBossFinal","floor":56,"turns":4}],"seed_played":"1884378478831444988","potions_obtained":[{"floor":2.0,"key":"AttackPotion"},{"floor":5.0,"key":"DuplicationPotion"},{"floor":8.0,"key":"CultistPotion"},{"floor":9.0,"key":"Dexterity Potion"},{"floor":9.0,"key":"Guardian:BlockOnCardUsePotion"},{"floor":9.0,"key":"EssenceOfSteel"},{"floor":10.0,"key":"Explosive Potion"},{"floor":11.0,"key":"Fire Potion"},{"floor":12.0,"key":"Explosive Potion"},{"floor":13.0,"key":"Strength Potion"},{"floor":15.0,"key":"EssenceOfSteel"},{"floor":16.0,"key":"Energy Potion"},{"floor":19.0,"key":"Regen Potion"},{"floor":20.0,"key":"Block Potion"},{"floor":21.0,"key":"CultistPotion"},{"floor":23.0,"key":"SkillPotion"},{"floor":25.0,"key":"Block Potion"},{"floor":26.0,"key":"LiquidMemories"},{"floor":31.0,"key":"Strength Potion"},{"floor":32.0,"key":"Fire Potion"},{"floor":33.0,"key":"bronze:BurnAndBuffPotion"},{"floor":36.0,"key":"Fire Potion"},{"floor":38.0,"key":"AttackPotion"},{"floor":39.0,"key":"Ancient Potion"},{"floor":40.0,"key":"LiquidBronze"},{"floor":42.0,"key":"SteroidPotion"},{"floor":43.0,"key":"SkillPotion"},{"floor":49.0,"key":"Ancient Potion"},{"floor":52.0,"key":"Fire Potion"}],"is_trial":false,"path_per_floor":["R","M","?","M","M","M","T","E","?","E","M","M","M","T","M","B",null,"R","M","M","?","?","E","T","M","M","?","?","T","R","M","M","B",null,"R","M","?","$","?","?","T","M","E","R","?","?","T","?","M","B",null,"E","$","R","B","B",null],"character_chosen":"SLIMEBOUND","items_purchased":["Vajra","bronze:DonusWashers","Slimebound:Dissolve"],"campfire_rested":0,"item_purchase_floors":[40,40,53],"current_hp_per_floor":[47,41,41,46,50,59,59,20,3,36,39,46,36,36,39,37,98,98,40,38,38,32,22,22,25,31,31,31,31,41,38,38,21,120,120,99,135,123,108,111,111,108,108,108,108,108,108,106,110,113,135,134,134,134,130,99],"gold":52,"neow_bonus":"REMOVE_TWO","is_daily":false,"chose_seed":false,"campfire_upgraded":5,"win_rate":0.0,"timestamp":1611541947,"path_taken":["R","M","?","?","M","M","T","E","?","E","M","M","?","?","M","BOSS","R","M","M","?","?","E","T","?","M","?","?","?","R","M","M","BOSS","R","M","?","?","?","?","T","M","E","R","?","?","?","?","M","BOSS","E","$","R","BOSS","BOSS"],"items_purchased_type":["Relic","Relic","Card"],"build_version":"2020-12-22","purchased_purges":3,"victory":true,"max_hp_per_floor":[65,65,65,65,65,74,74,77,77,80,86,89,92,92,95,98,98,98,98,98,98,98,98,98,101,104,104,104,104,114,117,120,120,120,120,120,135,135,135,135,135,135,135,135,135,135,135,135,135,135,135,135,135,135,135,135],"card_choices":[{"not_picked":["Slimebound:BestDefense","Slimebound:ItLooksTasty"],"picked":"Slimebound:LeechEnergy","floor":2.0},{"not_picked":["Slimebound:GoopSpray","Slimebound:SplitLeeching"],"picked":"Slimebound:GrowthPunch","floor":4.0},{"not_picked":["Slimebound:HauntingLick","Slimebound:Gluttony"],"picked":"Slimebound:MassFeed","floor":5.0},{"not_picked":["Slimebound:SplitLeeching","Slimebound:Prepare","Slimebound:FinishingTackle"],"picked":"SKIP","floor":6.0},{"not_picked":["Slimebound:GoopSpray","Slimebound:BestDefense"],"picked":"Slimebound:HungryTackle","floor":8.0},{"not_picked":["Slimebound:Nibble","Slimebound:GoopSpray","Slimebound:PrepareCrush"],"picked":"SKIP","floor":10.0},{"not_picked":["Slimebound:ComboTackle","Slimebound:Prepare","Slimebound:ItLooksTasty"],"picked":"SKIP","floor":11.0},{"not_picked":["Slimebound:Chomp","Slimebound:Nibble"],"picked":"Slimebound:LeechEnergy","floor":12.0},{"not_picked":["Slimebound:Schlurp","Slimebound:FinishingTackle"],"picked":"Slimebound:Replication","floor":13.0},{"not_picked":["Slimebound:SlimeSpikes","Slimebound:ItLooksTasty"],"picked":"Slimebound:SpikyOuterGoop","floor":15.0},{"not_picked":["Slimebound:MassFeed","Slimebound:CheckThePlaybook"],"picked":"Slimebound:SlimeSlap","floor":16.0},{"not_picked":["Slimebound:FlameTackle","Slimebound:SplitAcid","Slimebound:ServeAndProtect"],"picked":"SKIP","floor":19.0},{"not_picked":["Slimebound:ViciousTackle","Slimebound:GoopTackle+1"],"picked":"Slimebound:SlimeBrawl","floor":20.0},{"not_picked":["Slimebound:Equalize","Slimebound:Recollect"],"picked":"Slimebound:SamplingLick+1","floor":23.0},{"not_picked":["Slimebound:SlimeBrawl","Slimebound:HauntingLick","Slimebound:SplitLeeching"],"picked":"SKIP","floor":25.0},{"not_picked":["Slimebound:Equalize","Slimebound:DisruptingSlam+1","Slimebound:LeechingTouch"],"picked":"SKIP","floor":26.0},{"not_picked":["Slimebound:ItLooksTasty","Slimebound:SamplingLick","Slimebound:SplitLeeching"],"picked":"SKIP","floor":31.0},{"not_picked":["Slimebound:Schlurp","Slimebound:SamplingLick"],"picked":"Slimebound:AcidTongue+1","floor":32.0},{"not_picked":["Slimebound:RallyTheTroops","Slimebound:OozeBath"],"picked":"Slimebound:TagTeam","floor":33.0},{"not_picked":["Slimebound:SlimeBrawl+1","Slimebound:FinishingTackle"],"picked":"Slimebound:SamplingLick+1","floor":36.0},{"not_picked":["Slimebound:LeechingTouch+1","Slimebound:SplitLeeching","Slimebound:SplitAcid+1"],"picked":"SKIP","floor":38.0},{"not_picked":["Slimebound:SpikyOuterGoop+1","Slimebound:ViciousTackle"],"picked":"Slimebound:RejuvenatingLick+1","floor":39.0},{"not_picked":["Slimebound:SlimeSpikes+1","Slimebound:GoopTackle+1"],"picked":"Slimebound:OneTwoCombo","floor":40.0},{"not_picked":["Slimebound:Schlurp","Slimebound:Recollect"],"picked":"Slimebound:HungryTackle+1","floor":42.0},{"not_picked":["Slimebound:Prepare+1","Slimebound:SplitLeeching+1","Slimebound:SplitAcid"],"picked":"SKIP","floor":43.0},{"not_picked":["Slimebound:SplitAcid+1","Slimebound:SlimeSpikes","Slimebound:ProtectTheBoss"],"picked":"SKIP","floor":49.0},{"not_picked":["Slimebound:ViciousTackle+1","Slimebound:Schlurp+1"],"picked":"Slimebound:SplitBruiser+1","floor":52.0}],"player_experience":293866,"relics_obtained":[{"floor":7.0,"key":"AT_SilverBalance"},{"floor":8.0,"key":"Guardian:GemstoneGun"},{"floor":9.0,"key":"White Beast Statue"},{"floor":10.0,"key":"AT_ChloranthyRing"},{"floor":23.0,"key":"InkBottle"},{"floor":24.0,"key":"Ornamental Fan"},{"floor":29.0,"key":"Bottled Flame"},{"floor":39.0,"key":"Slimebound:PotencyRelic"},{"floor":41.0,"key":"AT_GuinsooRageblade"},{"floor":43.0,"key":"Juzu Bracelet"},{"floor":47.0,"key":"AT_ForceNature"},{"floor":52.0,"key":"Slimebound:StickyStick"}],"event_choices":[{"damage_healed":0.0,"max_hp_gain":0.0,"max_hp_loss":0.0,"gold_gain":0.0,"event_name":"Mysterious Sphere","player_choice":"Fight","floor":39.0,"gold_loss":0.0,"damage_taken":0.0},{"cards_removed":["Slimebound:OneTwoCombo"],"damage_healed":0.0,"max_hp_gain":0.0,"max_hp_loss":0.0,"gold_gain":0.0,"event_name":"Falling","player_choice":"Removed Attack","floor":46.0,"gold_loss":0.0,"damage_taken":0.0}],"is_beta":false,"boss_relics":[{"not_picked":["Runic Dome","Pandora\u0027s Box"],"picked":"Runic Pyramid"},{"not_picked":["Tiny House","sneckomod:SneckoTalon"],"picked":"expansioncontent:StudyCardRelic"}],"items_purged_floors":[38,40,53],"is_endless":false,"potions_floor_spawned":[2,5,8,10,11,12,13,15,16,19,20,23,25,26,31,32,33,36,38,39,40,42,43,49,52],"ascension_level":0}}