{"host":"89iuq2p5kwriuwfq","time":1611577473,"event":{"mods":["BaseMod","Curses Come First","Minty Spire (QoL Compilation)","Permanent Neow","StSLib"],"gold_per_floor":[124,308,331,39,60,102,102,176,202,242,242,281,300,344,344,454,454,480,522,544,159,159,198,198,237,237,112,112,140,165,209,209,209,209],"floor_reached":33,"language":"ENG","playtime":2260,"items_purged":["Doubt","Strike_B","Dualcast"],"score":466,"play_id":"5dcc6745-e20b-4174-a400-8cb2389255f8","local_time":"20210125122433","is_ascension_mode":true,"campfire_choices":[{"data":"Static Discharge","floor":7,"key":"SMITH"},{"data":"Storm","floor":11,"key":"SMITH"},{"data":"Beam Cell","floor":15,"key":"SMITH"},{"floor":28,"key":"REST"},{"data":"Defragment","floor":32,"key":"SMITH"}],"circlet_count":0,"master_deck":["Strike_B+1","Strike_B+1","Strike_B+1","Defend_B+1","Defend_B+1","Defend_B+1","Defend_B+1","Zap","Glacier","Compile Driver","Static Discharge+1","Cold Snap","Storm+1","Heatsinks","Beam Cell+1","Go for the Eyes","Machine Learning","Gash+1","Rebound+1","Compile Driver+1","Loop","Reinforced Body","Capacitor","Defragment+1","FTL+1","Go for the Eyes","Gash+1"],"relics":["Cracked Core","CeramicFish","Centennial Puzzle","DataDisk","Kunai","Blood Vial","Regal Pillow","Boot","Vajra","Black Star","Red Mask","Sling","Juzu Bracelet","Lantern","Orichalcum","StrikeDummy","PreservedInsect","Omamori","Frozen Egg 2"],"acts_visited":["Exordium","TheCity"],"potions_floor_usage":[6,10,19,24,31,31,31,33,33],"damage_taken":[{"damage":0,"enemies":"Small Slimes","floor":1,"turns":3},{"damage":2,"enemies":"Jaw Worm","floor":3,"turns":4},{"damage":0,"enemies":"2 Louse","floor":5,"turns":4},{"damage":9,"enemies":"Gremlin Nob","floor":6,"turns":6},{"damage":10,"enemies":"3 Sentries","floor":10,"turns":5},{"damage":16,"enemies":"Lagavulin","floor":12,"turns":6},{"damage":1,"enemies":"Blue Slaver","floor":13,"turns":4},{"damage":9,"enemies":"3 Sentries","floor":14,"turns":5},{"damage":15,"enemies":"The Guardian","floor":16,"turns":11},{"damage":1,"enemies":"Spheric Guardian","floor":18,"turns":5},{"damage":15,"enemies":"Masked Bandits","floor":19,"turns":3},{"damage":21,"enemies":"2 Thieves","floor":20,"turns":3},{"damage":24,"enemies":"Book of Stabbing","floor":23,"turns":5},{"damage":0,"enemies":"Snake Plant","floor":24,"turns":2},{"damage":10,"enemies":"Gremlin Leader","floor":25,"turns":6},{"damage":4,"enemies":"Centurion and Healer","floor":29,"turns":4},{"damage":5,"enemies":"Sentry and Sphere","floor":30,"turns":3},{"damage":9,"enemies":"Slavers","floor":31,"turns":4},{"damage":30,"enemies":"Automaton","floor":33,"turns":6}],"seed_played":"-8740174403935030602","potions_obtained":[{"floor":1,"key":"EssenceOfSteel"},{"floor":3,"key":"Explosive Potion"},{"floor":14,"key":"SmokeBomb"},{"floor":16,"key":"SkillPotion"},{"floor":25,"key":"EntropicBrew"},{"floor":29,"key":"Swift Potion"},{"floor":31,"key":"Explosive Potion"}],"is_trial":false,"path_per_floor":["M","?","M","$","M","E","R","T","T","E","R","E","M","E","R","B",null,"M","?","M","$","?","E","M","E","T","$","R","M","M","E","R","B"],"character_chosen":"DEFECT","items_purchased":["Centennial Puzzle","Static Discharge","Loop","Sling","Reinforced Body"],"campfire_rested":1,"item_purchase_floors":[4,4,21,21,21],"current_hp_per_floor":[68,68,66,66,66,57,57,57,57,49,49,35,36,29,29,16,60,61,48,29,29,29,7,9,1,1,1,38,36,33,26,26,0,0],"gold":209,"neow_bonus":"RANDOM_COMMON_RELIC","is_daily":false,"chose_seed":false,"campfire_upgraded":4,"win_rate":0.0,"timestamp":1611577473,"path_taken":["M","?","M","$","M","E","R","?","T","E","R","E","?","E","R","BOSS","M","?","M","$","?","E","M","E","T","$","R","M","M","E","R","BOSS"],"items_purchased_type":["Relic","Card","Card","Relic","Card"],"build_version":"2020-12-22","purchased_purges":3,"victory":false,"max_hp_per_floor":[75,75,75,75,75,75,75,75,75,75,75,75,75,75,75,75,75,75,75,75,75,75,75,75,75,75,75,75,75,75,75,75,75,75],"card_choices":[{"not_picked":["Double Energy","Rebound"],"picked":"Glacier","floor":1},{"not_picked":["Leap","Sunder"],"picked":"Compile Driver","floor":3},{"not_picked":["Beam Cell","Stack"],"picked":"Cold Snap","floor":5},{"not_picked":["Cold Snap","Sweeping Beam"],"picked":"Storm","floor":6},{"not_picked":["Force Field","Auto Shields"],"picked":"Heatsinks","floor":10},{"not_picked":["Redo","Auto Shields"],"picked":"Beam Cell","floor":12},{"not_picked":["Conserve Battery","Compile Driver","Hologram"],"picked":"SKIP","floor":13},{"not_picked":["Redo","Multi-Cast"],"picked":"Go for the Eyes","floor":14},{"not_picked":["Amplify","Multi-Cast"],"picked":"Machine Learning","floor":16},{"not_picked":["Streamline","Chaos"],"picked":"Gash+1","floor":18},{"not_picked":["Fusion+1","Consume"],"picked":"Rebound+1","floor":19},{"not_picked":["Streamline","Glacier"],"picked":"Compile Driver+1","floor":20},{"not_picked":["Static Discharge","Hologram+1"],"picked":"Capacitor","floor":23},{"not_picked":["Compile Driver+1","Rebound"],"picked":"Defragment","floor":25},{"not_picked":["Ball Lightning+1","Barrage+1"],"picked":"FTL+1","floor":29},{"not_picked":["Steam","Conserve Battery"],"picked":"Go for the Eyes","floor":30},{"not_picked":["Core Surge","Steam"],"picked":"Gash+1","floor":31}],"player_experience":571510,"relics_obtained":[{"floor":6,"key":"DataDisk"},{"floor":8,"key":"Kunai"},{"floor":9,"key":"Blood Vial"},{"floor":10,"key":"Regal Pillow"},{"floor":12,"key":"Boot"},{"floor":14,"key":"Vajra"},{"floor":19,"key":"Red Mask"},{"floor":23,"key":"Juzu Bracelet"},{"floor":23,"key":"Lantern"},{"floor":25,"key":"Orichalcum"},{"floor":25,"key":"StrikeDummy"},{"floor":26,"key":"PreservedInsect"},{"floor":31,"key":"Omamori"},{"floor":31,"key":"Frozen Egg 2"}],"event_choices":[{"damage_healed":0,"gold_gain":175,"player_choice":"AGREE","damage_taken":0,"max_hp_gain":0,"max_hp_loss":0,"event_name":"Liars Game","floor":2,"gold_loss":0,"cards_obtained":["Doubt"]},{"damage_healed":0,"gold_gain":0,"player_choice":"Fought Bandits","damage_taken":0,"max_hp_gain":0,"max_hp_loss":0,"event_name":"Masked Bandits","floor":19,"gold_loss":0},{"damage_healed":0,"gold_gain":0,"player_choice":"Simplicity","damage_taken":0,"max_hp_gain":0,"max_hp_loss":0,"event_name":"Back to Basics","floor":22,"gold_loss":0,"cards_upgraded":["Strike_B","Strike_B","Strike_B","Defend_B","Defend_B","Defend_B","Defend_B"]}],"is_beta":false,"boss_relics":[{"not_picked":["Snecko Eye","Ectoplasm"],"picked":"Black Star"}],"items_purged_floors":[4,21,27],"is_endless":false,"potions_floor_spawned":[1,3,14,16,24,25,29,31],"killed_by":"Automaton","ascension_level":8}}