{"host":"8ps3pfk2b2drr3ex","time":1611599854,"event":{"mods":["2.2 Compatiblity","AchievementEnabler","Act Like it!","BaseMod","Bestiary","Better Match","BetterRewards","Colored Map","Colored Powertips","Conspire","Downfall","Evolution","GifTheSpireLib","Gold Saver","Hallownest","Hubris","Minty Spire (QoL Compilation)","Permanent Neow","Relic Filter","Replay The Spire","Shop Mod","StSLib","Stuff the Spire","The Animator"],"gold_per_floor":[1445,1465,1482,1482,1011,1111,1111,1111,1143,1143,1143,1193,1193,1203,1213,1329,1329,1329,1341,1038,1048,1048,1017,1043,1058,958,971,998,798,812,845,855,952,952,952,969,984,1002,800,816,816,510,523,558,578,625,664,690,702,702,702,730,284,284,284,284],"floor_reached":57,"language":"ENG","playtime":12941,"items_purged":["animator:IrohaTamaki","animator:Alexander","animator:Cocytus","animator:Vanir","animator:Urushihara","animator:MadokaKaname+1"],"score":1663,"play_id":"ed4abdc2-16cb-4433-bd04-aa59c122fac2","local_time":"20210125133734","is_ascension_mode":true,"campfire_choices":[{"data":"animator:AcuraShin","floor":1.0,"key":"SMITH"},{"data":"animator:Tyuule","floor":8.0,"key":"SMITH"},{"data":"animator:KrulTepes","floor":10.0,"key":"SMITH"},{"floor":13.0,"key":"REST"},{"data":"animator:Shuna","floor":18.0,"key":"SMITH"},{"floor":26.0,"key":"RECALL"},{"data":"animator:ShinjiMatou","floor":29.0,"key":"SMITH"},{"data":"animator:Kyubey","floor":35.0,"key":"SMITH"},{"data":"animator:Shigure","floor":54,"key":"SMITH"}],"circlet_count":0,"master_deck":["conspire:Banana+1","animator:Gillette+1","animator:ShinjiMatou+1","animator:Shuna+1","animator:PandorasActor","animator:Shigure+1","animator:YaoHaDucy","animator:AcuraAkari+1","expansioncontent:StudyTheSpire+1","animator:Gillette","animator:Kyubey+1","animator:Tyuule+1","animator:KrulTepes+1","animator:DolaRiku+1","animator:DolaStephanie+1","animator:Shizu+1","animator:YachiyoNanami+1","animator:DolaCouronne+1","animator:Arpeggio+1","animator:PandorasActor+1","animator:QuestionMark+1","animator:Sebas+1","StuffTheSpire:DeathNote","animator:Kaijin+1","animator:Shizu","animator:PandorasActor+1","animator:PinaCoLada+1","animator:Jibril","animator:LeleiLaLalena+1","animator:Tyuule+1","animator:Mikaela+1","animator:Tet+1","animator:Arpeggio+1","animator:AcuraShin+1"],"relics":["animator:LivingPicture","animator:TheMissingPiece","EVO:Axolotl","Membership Card","Frozen Egg 2","Toxic Egg 2","Mercury Hourglass","Blood Vial","conspire:GiftBox","Blood Vial","bronze:MakeshiftBattery","animator:BattleDrones","StuffTheSpire:HeavyRock","Nunchaku","MerchantsRug","downfall:HeartBlessingBlue","Juzu Bracelet","downfall:HeartBlessingGreen","downfall:HeartBlessingRed","Blood Vial","StuffTheSpire:Mouthbags","hubris:TerracottaHorce","conspire:Dentures","conspire:DecoderRing","hubris:EmptyBottle","Gambling Chip","StuffTheSpire:MayFlowers","Dead Branch","Blood Vial","Orichalcum","Blood Vial","Whetstone","conspire:Boomerang","Sling"],"acts_visited":["Exordium","TheCity","TheBeyond","TheEnding"],"potions_floor_usage":[55,55,56,56],"damage_taken":[{"damage":0.0,"enemies":"Cultist","floor":2.0,"turns":3.0},{"damage":0.0,"enemies":"Jaw Worm","floor":3.0,"turns":2.0},{"damage":0.0,"enemies":"downfall:FleeingMerchant","floor":5.0,"turns":4.0},{"damage":24.0,"enemies":"downfall:Heads","floor":6.0,"turns":5.0},{"damage":9.0,"enemies":"Gremlin Nob","floor":9.0,"turns":4.0},{"damage":31.0,"enemies":"3 Sentries","floor":12.0,"turns":9.0},{"damage":0.0,"enemies":"2 Louse","floor":14.0,"turns":1.0},{"damage":10.0,"enemies":"Large Slime","floor":15.0,"turns":4.0},{"damage":31.0,"enemies":"WA_ARCHETYPE_RETAIN","floor":16.0,"turns":7.0},{"damage":1.0,"enemies":"Spheric Guardian","floor":19.0,"turns":3.0},{"damage":0.0,"enemies":"downfall:FleeingMerchant","floor":20.0,"turns":4.0},{"damage":6.0,"enemies":"conspire:FuzzyDice","floor":21.0,"turns":4.0},{"damage":0.0,"enemies":"downfall:FleeingMerchant","floor":23.0,"turns":4.0},{"damage":2.0,"enemies":"conspire:HollyBat","floor":25.0,"turns":6.0},{"damage":0.0,"enemies":"Centurion and Healer","floor":27.0,"turns":4.0},{"damage":0.0,"enemies":"conspire:Head Lice","floor":28.0,"turns":4.0},{"damage":5.0,"enemies":"Snake Plant","floor":30.0,"turns":3.0},{"damage":2.0,"enemies":"Gremlin Leader","floor":31.0,"turns":5.0},{"damage":12.0,"enemies":"Sentry and Sphere","floor":32.0,"turns":4.0},{"damage":43.0,"enemies":"DF_ARCHETYPE_CLAW","floor":33.0,"turns":7.0},{"damage":13.0,"enemies":"3 Darklings","floor":36.0,"turns":5.0},{"damage":0.0,"enemies":"Orb Walker","floor":37.0,"turns":2.0},{"damage":0.0,"enemies":"Transient","floor":38.0,"turns":5.0},{"damage":0.0,"enemies":"Spire Growth","floor":40.0,"turns":4.0},{"damage":2.0,"enemies":"Jaw Worm Horde","floor":43.0,"turns":4.0},{"damage":19.0,"enemies":"R_Hoarder","floor":44.0,"turns":6.0},{"damage":12.0,"enemies":"Transient","floor":45.0,"turns":5.0},{"damage":25.0,"enemies":"2 Orb Walkers","floor":46.0,"turns":4.0},{"damage":23.0,"enemies":"3 Darklings","floor":47.0,"turns":4.0},{"damage":11.0,"enemies":"Nemesis","floor":48.0,"turns":5.0},{"damage":0.0,"enemies":"Spire Growth","floor":49.0,"turns":4.0},{"damage":53.0,"enemies":"IC_BLOCK_ARCHETYPE","floor":50.0,"turns":10.0},{"damage":61.0,"enemies":"downfall:CharBossMerchant","floor":52.0,"turns":8.0},{"damage":0,"enemies":"downfall:NeowBoss","floor":55,"turns":16},{"damage":16,"enemies":"downfall:NeowBossFinal","floor":56,"turns":11}],"seed_played":"3260052577184436605","potions_obtained":[{"floor":2.0,"key":"Dexterity Potion"},{"floor":14.0,"key":"Ancient Potion"},{"floor":15.0,"key":"Fruit Juice"},{"floor":16.0,"key":"Explosive Potion"},{"floor":25.0,"key":"hexamod:SoulburnPotion"},{"floor":28.0,"key":"conspire:TimeTravelPotion"},{"floor":30.0,"key":"bronze:BurnAndBuffPotion"}],"is_trial":false,"path_per_floor":["R","M","M","?","$","?","T","R","E","R","?","E","R","M","M","B",null,"R","M","$","M","?","$","T","M","R","M","E","R","M","E","M","B",null,"R","M","M","M","$","M","T","$","M","E","M","?","M","E","M","B",null,"E","$","R","B","B",null],"character_chosen":"THE_ANIMATOR","items_purchased":["Membership Card","Frozen Egg 2","animator:Urushihara","expansioncontent:StudyTheSpire+1","animator:BattleDrones","animator:Arpeggio+1","animator:PandorasActor+1","animator:QuestionMark+1","animator:Sebas+1","StuffTheSpire:HeavyRock","animator:Kaijin+1","animator:Shizu","Nunchaku","MerchantsRug","conspire:Dentures","hubris:EmptyBottle","Gambling Chip","Regen Potion","Cursed Concoction","conspire:Boomerang","Sling","animator:Arpeggio+1"],"campfire_rested":1,"item_purchase_floors":[5,5,5,5,20,20,20,20,20,23,23,23,23,23,39,42,42,53,53,53,53,53],"current_hp_per_floor":[67,69,71,71,73,51,51,51,44,44,49,20,45,49,49,25,96,96,98,101,97,77,83,83,87,97,103,109,109,110,116,112,77,118,118,114,122,130,130,140,140,140,142,129,132,115,125,133,145,110,155,112,112,112,176,165],"gold":284,"neow_bonus":"ONE_RANDOM_RARE_CARD","is_daily":false,"chose_seed":false,"campfire_upgraded":7,"win_rate":0.0,"timestamp":1611599854,"path_taken":["R","M","M","?","$","?","T","R","E","R","?","E","R","M","M","BOSS","R","M","$","M","?","$","T","M","R","M","E","R","M","E","M","BOSS","R","M","M","M","$","M","T","$","M","E","M","?","M","E","M","BOSS","E","$","R","BOSS","BOSS"],"items_purchased_type":["Relic","Relic","Card","Card","Relic","Card","Card","Card","Card","Relic","Card","Card","Relic","Relic","Relic","Relic","Relic","Potion","Potion","Relic","Relic","Card"],"build_version":"2020-12-22","purchased_purges":6,"victory":true,"max_hp_per_floor":[67,69,71,71,73,75,75,75,77,77,82,84,84,86,94,96,96,96,99,101,103,103,105,105,107,117,119,121,121,123,127,129,131,131,131,134,136,138,138,142,142,142,144,148,154,156,160,162,166,170,170,174,174,174,176,178],"card_choices":[{"not_picked":["animator:AcuraTooru","animator:Millim"],"picked":"animator:Shigure","floor":2.0},{"not_picked":["animator:ChaikaBohdan","animator:Guren"],"picked":"animator:YaoHaDucy","floor":3.0},{"not_picked":["animator:Cocytus","animator:Viivi"],"picked":"animator:AcuraAkari","floor":5.0},{"not_picked":["animator:ChaikaBohdan","animator:AcuraTooru"],"picked":"animator:Gillette","floor":6.0},{"not_picked":["animator:ChaikaBohdan","animator:PandorasActor"],"picked":"animator:Tyuule","floor":6.0},{"not_picked":["animator:ChlammyZell+1","animator:AcuraAkari+1"],"picked":"animator:KrulTepes","floor":9.0},{"not_picked":["animator:ChaikaTrabant","animator:Shizu"],"picked":"animator:MadokaKaname+1","floor":12.0},{"not_picked":["animator:Guy+1","animator:Yoichi+1"],"picked":"animator:DolaRiku+1","floor":12.0},{"not_picked":["animator:KyokoSakura","animator:Viivi","animator:Entoma"],"picked":"SKIP","floor":14.0},{"not_picked":["animator:DolaCouronne+1","animator:DolaRiku+1"],"picked":"animator:DolaStephanie+1","floor":15.0},{"not_picked":["animator:Guren+1","animator:Albedo"],"picked":"animator:Shizu","floor":16.0},{"not_picked":["animator:Sebas+1","animator:Yoichi+1"],"picked":"animator:YachiyoNanami+1","floor":19.0},{"not_picked":["animator:Guy+1","animator:Viivi"],"picked":"animator:DolaCouronne+1","floor":20.0},{"not_picked":["animator:Shinoa+1","animator:TukaLunaMarceau+1","animator:ChlammyZell+1"],"picked":"SKIP","floor":21.0},{"not_picked":["animator:AcuraAkari+1","animator:Mitsuba","animator:SayakaMiki+1"],"picked":"SKIP","floor":25.0},{"not_picked":["animator:Shuna+1","animator:Gillette"],"picked":"animator:PandorasActor+1","floor":27.0},{"not_picked":["animator:MamiTomoe+1","animator:Shalltear","animator:AcuraTooru"],"picked":"SKIP","floor":28.0},{"not_picked":["animator:RoryMercury","animator:ItamiYouji","animator:Yuuichirou"],"picked":"SKIP","floor":31.0},{"not_picked":["animator:Souei+1","animator:LeleiLaLalena+1","animator:TukaLunaMarceau+1"],"picked":"SKIP","floor":32.0},{"not_picked":["animator:AcuraShin","animator:MadokaKaname+1"],"picked":"animator:PinaCoLada+1","floor":33.0},{"not_picked":["animator:TukaLunaMarceau+1","animator:FielNirvalen+1"],"picked":"animator:Jibril","floor":36.0},{"not_picked":["animator:PandorasActor+1","animator:Hakurou"],"picked":"animator:LeleiLaLalena+1","floor":38.0},{"not_picked":["animator:PandorasActor+1","animator:Shuna+1","animator:Sora+1"],"picked":"SKIP","floor":40.0},{"not_picked":["animator:Yoichi+1","animator:Gillette"],"picked":"animator:Tyuule+1","floor":43.0},{"not_picked":["animator:Demiurge+1","animator:ChaikaBohdan","animator:Kuribayashi+1"],"picked":"SKIP","floor":45.0},{"not_picked":["animator:Hakurou+1","animator:DolaRiku+1"],"picked":"animator:Mikaela+1","floor":46.0},{"not_picked":["animator:YuiTsuruno+1","animator:Tyuule+1"],"picked":"animator:Tet+1","floor":47.0},{"not_picked":["animator:RoryMercury","animator:Shizu","animator:Hakurou+1"],"picked":"SKIP","floor":48.0},{"not_picked":["animator:Shuna+1","animator:OrikoMikuni+1","animator:Shion+1"],"picked":"SKIP","floor":52.0}],"player_experience":1246072,"relics_obtained":[{"floor":7.0,"key":"Toxic Egg 2"},{"floor":9.0,"key":"Mercury Hourglass"},{"floor":12.0,"key":"Blood Vial"},{"floor":12.0,"key":"conspire:GiftBox"},{"floor":16.0,"key":"Blood Vial"},{"floor":28.0,"key":"Juzu Bracelet"},{"floor":31.0,"key":"Blood Vial"},{"floor":31.0,"key":"StuffTheSpire:Mouthbags"},{"floor":41.0,"key":"conspire:DecoderRing"},{"floor":44.0,"key":"StuffTheSpire:MayFlowers"},{"floor":46.0,"key":"Dead Branch"},{"floor":48.0,"key":"Blood Vial"},{"floor":48.0,"key":"Orichalcum"},{"floor":52.0,"key":"Blood Vial"},{"floor":52.0,"key":"Whetstone"}],"event_choices":[{"cards_removed":["animator:YuiTsuruno"],"damage_healed":0.0,"max_hp_gain":0.0,"max_hp_loss":0.0,"gold_gain":0.0,"event_name":"The Cleric","player_choice":"Card Removal","floor":4.0,"gold_loss":0.0,"damage_taken":0.0},{"damage_healed":0.0,"max_hp_gain":5.0,"max_hp_loss":0.0,"gold_gain":0.0,"event_name":"Big Fish","player_choice":"Donut","floor":11.0,"gold_loss":0.0,"damage_taken":0.0},{"damage_healed":0.0,"max_hp_gain":0.0,"max_hp_loss":0.0,"gold_gain":0.0,"event_name":"Mysterious Sphere","player_choice":"Fight","floor":46.0,"gold_loss":0.0,"damage_taken":0.0}],"is_beta":false,"boss_relics":[{"not_picked":["StuffTheSpire:ModemDavis","Astrolabe"],"picked":"bronze:MakeshiftBattery"},{"not_picked":["conspire:SlowCooker","hubris:GrandSneckoEye"],"picked":"hubris:TerracottaHorce"}],"items_purged_floors":[5,20,23,39,42,53],"is_endless":false,"potions_floor_spawned":[2,14,15,16,25,28,30,31,32,37,38,43,46],"ascension_level":6}}