{"host":"5nrsd95zehlinljn","time":1611595153,"event":{"mods":["2.2 Compatiblity","BaseMod","Beaked The Cultist","Better Note","Friendly Minions","GifTheSpireLib","GungeonMod","Minty Spire (QoL Compilation)","StS++","StSLib","everything is the same but u backflip on backflip","thorton"],"gold_per_floor":[142,171,194,224,1,1,61,42,42,82,82,130,171,212,212,242,242,242],"floor_reached":16,"language":"ENG","playtime":2522,"items_purged":["Normality"],"score":131,"play_id":"083935f9-0df2-4ae8-ab1e-6112385e4dad","local_time":"20210125171913","is_ascension_mode":false,"campfire_choices":[{"data":"thethorton:FeelNoBrain","floor":6.0,"key":"SMITH"},{"data":"thethorton:BusinessCard","floor":11.0,"key":"SMITH"},{"floor":15.0,"key":"REST"}],"circlet_count":0,"master_deck":["thethorton:Strike","thethorton:Strike","thethorton:Strike","thethorton:Strike","thethorton:Defend","thethorton:Defend","thethorton:Defend","thethorton:SuperDefend","thethorton:Heckle","thethorton:CreditCard","thethorton:GoldBuffer","thethorton:StumblingSlap","thethorton:CoinShield","thethorton:GoldBuffer","thethorton:FeelNoBrain+1","thethorton:BusinessCard+1","thethorton:PocketChange","thethorton:SellShort","thethorton:PocketChange","thethorton:PocketChange","thethorton:PocketChange","thethorton:FeelNoBrain+1","thethorton:SnowDay","thethorton:PocketChange","thethorton:CannonShot","thethorton:BusinessCard+1"],"relics":["thethorton:CouragePotion","Meat on the Bone","Ice Cream"],"acts_visited":["Exordium"],"potions_floor_usage":[16],"damage_taken":[{"damage":6.0,"enemies":"Cultist","floor":1.0,"turns":5.0},{"damage":3.0,"enemies":"Small Slimes","floor":2.0,"turns":10.0},{"damage":0.0,"enemies":"2 Louse","floor":3.0,"turns":4.0},{"damage":4.0,"enemies":"2 Fungi Beasts","floor":4.0,"turns":6.0},{"damage":25.0,"enemies":"Lagavulin","floor":7.0,"turns":10.0},{"damage":0.0,"enemies":"Looter","floor":8.0,"turns":5.0},{"damage":3.0,"enemies":"Large Slime","floor":10.0,"turns":9.0},{"damage":27.0,"enemies":"3 Louse","floor":12.0,"turns":7.0},{"damage":2.0,"enemies":"Lots of Slimes","floor":13.0,"turns":10.0},{"damage":0.0,"enemies":"Large Slime","floor":14.0,"turns":10.0},{"damage":85,"enemies":"The Guardian","floor":16,"turns":21}],"seed_played":"8438692236393779753","potions_obtained":[{"floor":2.0,"key":"SteroidPotion"},{"floor":7.0,"key":"StSpp:ScatteredPotion"},{"floor":12.0,"key":"EssenceOfSteel"},{"floor":13.0,"key":"FearPotion"}],"is_trial":false,"path_per_floor":["M","M","M","M","$","R","E","M","T","M","R","M","M","M","R","B"],"character_chosen":"THE_THORT","items_purchased":["thethorton:FeelNoBrain","thethorton:BusinessCard","thethorton:PocketChange"],"campfire_rested":1,"item_purchase_floors":[5,5,5],"current_hp_per_floor":[68,65,65,61,61,61,36,48,48,45,45,30,40,40,62,0,0,0],"gold":242,"neow_bonus":"TEN_PERCENT_HP_BONUS","is_daily":false,"chose_seed":false,"campfire_upgraded":2,"win_rate":0.0,"timestamp":1611595153,"path_taken":["M","M","?","M","$","R","E","M","T","M","R","M","M","M","R","BOSS"],"items_purchased_type":["Card","Card","Card"],"build_version":"2020-12-22","purchased_purges":1,"victory":false,"max_hp_per_floor":[74,74,74,74,74,74,74,74,74,74,74,74,74,74,74,74,74,74],"card_choices":[{"not_picked":["thethorton:DualBap","thethorton:CashBash"],"picked":"thethorton:GoldBuffer","floor":1.0},{"not_picked":["thethorton:LongTermPayoff","thethorton:ToxicGreed"],"picked":"thethorton:StumblingSlap","floor":2.0},{"not_picked":["thethorton:CashBash","thethorton:ShoutAndRun"],"picked":"thethorton:CoinShield","floor":3.0},{"not_picked":["thethorton:DualBap","thethorton:RunningKick"],"picked":"thethorton:GoldBuffer","floor":4.0},{"not_picked":["thethorton:BoardroomBlast","thethorton:DownPayment"],"picked":"thethorton:SellShort","floor":7.0},{"not_picked":["thethorton:CashBash","thethorton:ROI"],"picked":"thethorton:PocketChange","floor":8.0},{"not_picked":["thethorton:WhirlingBriefcase","thethorton:ToxicGreed"],"picked":"thethorton:PocketChange","floor":10.0},{"not_picked":["thethorton:HitAhead","thethorton:TakeAccounts"],"picked":"thethorton:SnowDay","floor":12.0},{"not_picked":["thethorton:SicklyRun","thethorton:StumblingSlap","thethorton:BookBash"],"picked":"SKIP","floor":13.0},{"not_picked":["thethorton:HedgeFund","thethorton:BoardroomBlast"],"picked":"thethorton:CannonShot","floor":14.0}],"player_experience":2709475,"relics_obtained":[{"floor":7.0,"key":"Meat on the Bone"},{"floor":9.0,"key":"Ice Cream"}],"event_choices":[],"is_beta":false,"boss_relics":[],"items_purged_floors":[5],"is_endless":false,"potions_floor_spawned":[2,7,12,13],"killed_by":"The Guardian","ascension_level":0}}