{"host":"p34rppyhk302xzzg","time":1611550483,"event":{"mods":["Act Like it!","Arknights The Spire","Ascension Reborn","BaseMod","Better Vampires","Gensokyo","Lobotomy","LobotomyExtend","Marisa£®ÏF”Í°°ƒß¿Ì…≥£©","Minty Spire (QoL Compilation)","Quick Restart","READ ME - Guardian Mod","Remilia£®¿Ÿ√◊¿Ú—«£©","SOS£®Àπ∞Õ¥Ô÷Æ◊”£©","StSLib","Td1madao Mod","Waifu the Spire","Youmu£®ªÍ∆«—˝√Œ£©","[IsaacMod]“‘»ˆº‚À˛","noobMod","°æ“≈ŒÔø®≈∆°øREMEMod"],"gold_per_floor":[112,122,1,12,29,59,59,59,83,83,98,2,2,2,2,97,97,122,141,473,523,523,556,556,582,658,678,154,114,214,249,249,354,354,354,354],"floor_reached":35,"language":"ZHS","playtime":1365,"items_purged":[],"score":749,"play_id":"226e5093-f6ad-4edd-a22e-7993b34cae0d","local_time":"20210125125443","is_ascension_mode":true,"campfire_choices":[{"data":"Echo Form","floor":7,"key":"SMITH"},{"data":"Gensokyo:CrescentMoonSlash","floor":15,"key":"SMITH"},{"data":"Apotheosis","floor":24,"key":"SMITH"},{"data":"Zap","floor":32,"key":"SMITH"}],"circlet_count":0,"master_deck":["Strike_B","Strike_B","Strike_B","Strike_B","Defend_B","Defend_B","Defend_B","Defend_B","Zap+1","Dualcast+1","CeilingFear","OldLady","Rip and Tear","WallGazer","Leap","Echo Form+1","Conserve Battery","Rudolta","Conserve Battery","Bloodbath","Redo","FairyFestival","Conserve Battery+1","GreedKing","Sweeping Beam","Gensokyo:CrescentMoonSlash+1","PunishingBird","Rainbow+1","Apotheosis+1","FTL","BigBird","Go for the Eyes+1","Murderer","Steam","CENSORED","Compile Driver","QueenOfHatred","Heatsinks","BlueStar","Streamline+1","CrumblingArmor","Redo","Gensokyo:ScrapIron","Gensokyo:RustyChest","Gensokyo:BlemishedSteel","Gensokyo:SpontaneousHumanCombustion","Scorched","Steam Power+1","DespairKnight","Storm+1","PlagueDoctor","ElectricPowerLearning","Rainbow+1"],"relics":["Cracked Core","HushsDoor","REME_ComplimentaryCards","ice","BookOfRevelations","CogitoBucket","LetterFromLob","Ancient Tea Set","Bag of Marbles","Tiny Chest","HonorFeather","Moonlight_r","MagicBullet_r","AdjustmentMirror","Vajra","ChampionBelt","StoneCalendar","BookofShadows","REME_IWantAll","Happy Flower","DeathBook","TreeSap","SteamSale","Girya","EdensBlessing","Toxic Egg 2","Pocketwatch"],"acts_visited":["Exordium","Gensokyo:Gensokyo","TheBeyond"],"potions_floor_usage":[10,33],"damage_taken":[{"damage":4,"enemies":"Gensokyo:2_Kodama","floor":1,"turns":3},{"damage":0,"enemies":"Gensokyo:3_Fairies","floor":2,"turns":4},{"damage":0,"enemies":"Gensokyo:Python","floor":4,"turns":4},{"damage":0,"enemies":"Gensokyo:VengefulSpirit","floor":5,"turns":7},{"damage":23,"enemies":"Gensokyo:Cirno","floor":6,"turns":7},{"damage":167,"enemies":"Gensokyo:Aya","floor":10,"turns":7},{"damage":7,"enemies":"Gensokyo:3_Kodama","floor":11,"turns":3},{"damage":2,"enemies":"Gensokyo:Kokoro","floor":16,"turns":5},{"damage":103,"enemies":"Gensokyo:Tenshi","floor":18,"turns":3},{"damage":0,"enemies":"Gensokyo:CosmicMonolith","floor":19,"turns":1},{"damage":0,"enemies":"Gensokyo:Reisen","floor":20,"turns":1},{"damage":51,"enemies":"Gensokyo:Tenshi","floor":23,"turns":2},{"damage":2,"enemies":"Gensokyo:Reisen","floor":25,"turns":4},{"damage":2,"enemies":"Gensokyo:Chomper","floor":27,"turns":1},{"damage":2,"enemies":"Gensokyo:Chomper","floor":30,"turns":2},{"damage":0,"enemies":"Gensokyo:Koishi","floor":31,"turns":2},{"damage":0,"enemies":"Gensokyo:Eiki","floor":33,"turns":4},{"damage":125,"enemies":"Giant Head","floor":35,"turns":1}],"seed_played":"-3075008051612298822","potions_obtained":[{"floor":1,"key":"FocusPotion"},{"floor":6,"key":"FairyPotion"},{"floor":11,"key":"SkillPotion"},{"floor":18,"key":"ColorlessPotion"},{"floor":20,"key":"Energy Potion"},{"floor":23,"key":"EssenceOfSteel"},{"floor":31,"key":"PotionOfCapacity"},{"floor":33,"key":"Energy Potion"}],"is_trial":false,"path_per_floor":["M","M","$","M","M","E","R","?","T","E","M","COS","?","?","R","B",null,"M","M","M","?","T","E","R","E","T","M","COS","?","?","M","R","B",null,"M"],"character_chosen":"DEFECT","items_purchased":["Echo Form","Conserve Battery","Apotheosis","FTL","CultistPotion"],"campfire_rested":0,"item_purchase_floors":[3,3,17,17,17],"current_hp_per_floor":[71,71,71,71,71,51,51,36,36,45,62,62,44,33,77,83,71,35,40,64,47,47,47,77,78,78,78,78,78,78,78,78,82,82,0,0],"gold":354,"neow_bonus":"","is_daily":false,"chose_seed":false,"campfire_upgraded":4,"win_rate":0.0,"timestamp":1611550483,"path_taken":["M","M","$","M","M","E","R","?","T","E","M","COS","?","?","R","BOSS","M","M","M","?","?","E","R","E","T","M","COS","?","?","M","R","BOSS","M"],"items_purchased_type":["Card","Card","Card","Card","Potion"],"build_version":"2020-12-22","purchased_purges":0,"victory":false,"max_hp_per_floor":[75,75,75,75,75,75,75,75,75,77,77,77,77,77,77,83,71,74,74,74,74,74,77,77,78,78,78,78,78,78,78,78,82,82,82,82],"card_choices":[{"not_picked":["FairyFestival","MeatLantern"],"picked":"OldLady","floor":1},{"not_picked":["Cancel","Stack"],"picked":"Rip and Tear","floor":1},{"not_picked":["Wellcheers","UniverseFragment"],"picked":"WallGazer","floor":2},{"not_picked":["REME_DataAnalysis","Barrage"],"picked":"Leap","floor":2},{"not_picked":["ShyLook","UniverseFragment"],"picked":"Rudolta","floor":4},{"not_picked":["Turbo","White Noise"],"picked":"Conserve Battery","floor":4},{"not_picked":["Porccubus","Bloodbath","MHz"],"picked":"Singing Bowl","floor":5},{"not_picked":["CherryBlossoms","UniverseFragment"],"picked":"Bloodbath","floor":5},{"not_picked":["Sweeping Beam","Defragment"],"picked":"Redo","floor":5},{"not_picked":["SpiderBud","CrumblingArmor","MeatLantern"],"picked":"Singing Bowl","floor":6},{"not_picked":["Freischutz","Wellcheers"],"picked":"FairyFestival","floor":6},{"not_picked":["Cancel","Sweeping Beam"],"picked":"Conserve Battery","floor":6},{"not_picked":["SilentOrchestra","Woodsman"],"picked":"GreedKing","floor":11},{"not_picked":["Reinforced Body","Rip and Tear"],"picked":"Sweeping Beam","floor":11},{"not_picked":["ShyLook","MHz","NakedNest"],"picked":"Singing Bowl","floor":16},{"not_picked":["VoidDream","CrumblingArmor"],"picked":"PunishingBird","floor":16},{"not_picked":["Multi-Cast","Amplify"],"picked":"Rainbow","floor":16},{"not_picked":["Laetitia","Yin"],"picked":"BigBird","floor":18},{"not_picked":["Leap","Steam Power"],"picked":"Go for the Eyes+1","floor":18},{"not_picked":["BigBadWolf","CherryBlossoms"],"picked":"Murderer","floor":19},{"not_picked":["Compile Driver","Hologram"],"picked":"Steam","floor":19},{"not_picked":["MHz","CrumblingArmor"],"picked":"CENSORED","floor":20},{"not_picked":["Fission","Hologram"],"picked":"Compile Driver","floor":20},{"not_picked":["BlueStar","Porccubus"],"picked":"QueenOfHatred","floor":23},{"not_picked":["Compile Driver","Fission"],"picked":"Heatsinks","floor":23},{"not_picked":["CherryBlossoms","NakedNest"],"picked":"BlueStar","floor":25},{"not_picked":["Rebound","Coolheaded"],"picked":"Streamline+1","floor":25},{"not_picked":["HappyTeddy","OSAHOGD"],"picked":"CrumblingArmor","floor":27},{"not_picked":["Stack","White Noise"],"picked":"Redo","floor":27},{"not_picked":["MeatLantern","Mercenary"],"picked":"Scorched","floor":30},{"not_picked":["Defragment","Stack"],"picked":"Steam Power+1","floor":30},{"not_picked":["HeroicMonk","Scarecrow"],"picked":"DespairKnight","floor":31},{"not_picked":["Steam+1","Conserve Battery+1"],"picked":"Storm+1","floor":31},{"not_picked":["UniverseFragment","QueenBee"],"picked":"PlagueDoctor","floor":33},{"not_picked":["Multi-Cast","Biased Cognition"],"picked":"ElectricPowerLearning","floor":33},{"not_picked":["Amplify+1","Biased Cognition"],"picked":"Rainbow+1","floor":33}],"player_experience":64727,"relics_obtained":[{"floor":1,"key":"LetterFromLob"},{"floor":6,"key":"Ancient Tea Set"},{"floor":9,"key":"Tiny Chest"},{"floor":20,"key":"StoneCalendar"},{"floor":22,"key":"BookofShadows"},{"floor":23,"key":"REME_IWantAll"},{"floor":25,"key":"Happy Flower"},{"floor":26,"key":"DeathBook"},{"floor":30,"key":"Girya"},{"floor":30,"key":"EdensBlessing"},{"floor":31,"key":"Toxic Egg 2"}],"event_choices":[],"is_beta":false,"boss_relics":[{"not_picked":["Cursed Key","REME_DuelDisc"],"picked":"ChampionBelt"},{"not_picked":[]},{"not_picked":["Velvet Choker","Snecko Eye","Fusion Hammer"]}],"items_purged_floors":[],"is_endless":false,"potions_floor_spawned":[1,6,11,18,20,23,25,31,33],"killed_by":"Giant Head","ascension_level":0}}