{"host":"1c17lcvl7acx821p","time":1611573752,"event":{"mods":["AchievementEnabler","BaseMod","Colored Map","Minty Spire (QoL Compilation)","StSLib"],"gold_per_floor":[15,34,34,109,129,167,21,61,84,84,61,61,61,75,75,200,200,200,200],"floor_reached":18,"language":"ENG","playtime":767,"items_purged":["Strike_R"],"score":269,"play_id":"80922616-e3ed-4f5d-b784-eb5e17694539","local_time":"20210125132232","is_ascension_mode":true,"campfire_choices":[{"floor":10.0,"key":"REST"},{"floor":15.0,"key":"REST"}],"circlet_count":0,"master_deck":["AscendersBane","Strike_R","Defend_R+1","Defend_R+1","Defend_R","Defend_R","Bash","Headbutt","Rampage","Thunderclap","Offering","Metallicize","Pommel Strike","True Grit","Corruption"],"relics":["Burning Blood","Golden Idol","War Paint","Regal Pillow","Happy Flower","Cursed Key"],"acts_visited":["Exordium","TheCity"],"potions_floor_usage":[],"damage_taken":[{"damage":10.0,"enemies":"Small Slimes","floor":1.0,"turns":3.0},{"damage":10.0,"enemies":"2 Louse","floor":2.0,"turns":3.0},{"damage":14.0,"enemies":"Jaw Worm","floor":5.0,"turns":3.0},{"damage":16.0,"enemies":"Gremlin Nob","floor":6.0,"turns":3.0},{"damage":11.0,"enemies":"3 Sentries","floor":8.0,"turns":5.0},{"damage":6.0,"enemies":"Looter","floor":14.0,"turns":1.0},{"damage":18,"enemies":"The Guardian","floor":16,"turns":9},{"damage":0,"enemies":"3 Byrds","floor":18,"turns":1}],"seed_played":"6223487997343451994","potions_obtained":[{"floor":1.0,"key":"SteroidPotion"},{"floor":2.0,"key":"SpeedPotion"},{"floor":6.0,"key":"DuplicationPotion"},{"floor":8.0,"key":"Swift Potion"}],"is_trial":false,"path_per_floor":["M","M","?","?","M","E","$","E","T","R","$","?","?","M","R","B",null,"M"],"character_chosen":"IRONCLAD","items_purchased":["Metallicize","True Grit"],"campfire_rested":2,"item_purchase_floors":[7,11],"current_hp_per_floor":[68,64,44,33,25,15,15,10,10,49,49,31,24,24,63,51,73,73,73],"gold":200,"neow_bonus":"REMOVE_TWO","is_daily":false,"chose_seed":false,"campfire_upgraded":0,"win_rate":0.0,"timestamp":1611573752,"path_taken":["M","M","?","?","M","E","$","E","T","R","$","?","?","M","R","BOSS","M"],"items_purchased_type":["Card","Card"],"build_version":"2020-12-22","purchased_purges":1,"victory":false,"max_hp_per_floor":[80,80,80,80,80,80,80,80,80,80,80,80,80,80,80,80,80,80,80],"card_choices":[{"not_picked":["Seeing Red","Blood for Blood"],"picked":"Headbutt","floor":1.0},{"not_picked":["Twin Strike","Dark Embrace"],"picked":"Rampage","floor":2.0},{"not_picked":["Wild Strike","Carnage"],"picked":"Thunderclap","floor":5.0},{"not_picked":["Perfected Strike","Warcry"],"picked":"Offering","floor":6.0},{"not_picked":["Twin Strike","Clothesline"],"picked":"Pommel Strike","floor":8.0},{"not_picked":["Wild Strike","Perfected Strike","Combust"],"picked":"SKIP","floor":14.0},{"not_picked":["Double Tap","Exhume"],"picked":"Corruption","floor":16}],"player_experience":200004,"relics_obtained":[{"floor":6.0,"key":"War Paint"},{"floor":8.0,"key":"Regal Pillow"}],"event_choices":[{"damage_healed":0.0,"max_hp_gain":0.0,"max_hp_loss":0.0,"gold_gain":0.0,"event_name":"Golden Idol","player_choice":"Take Damage","floor":3.0,"gold_loss":0.0,"damage_taken":20.0,"relics_obtained":["Golden Idol"]},{"damage_healed":0.0,"max_hp_gain":0.0,"max_hp_loss":0.0,"gold_gain":75.0,"event_name":"World of Goop","player_choice":"Gather Gold","floor":4.0,"gold_loss":0.0,"damage_taken":11.0},{"damage_healed":0.0,"max_hp_gain":0.0,"max_hp_loss":0.0,"gold_gain":0.0,"event_name":"Scrap Ooze","player_choice":"Success","floor":12.0,"gold_loss":0.0,"damage_taken":18.0,"relics_obtained":["Happy Flower"]},{"cards_removed":["Strike_R"],"damage_healed":0.0,"max_hp_gain":0.0,"max_hp_loss":0.0,"gold_gain":0.0,"event_name":"Golden Wing","player_choice":"Card Removal","floor":13.0,"gold_loss":0.0,"damage_taken":7.0}],"is_beta":false,"boss_relics":[{"not_picked":["Philosopher\u0027s Stone","Coffee Dripper"],"picked":"Cursed Key"}],"items_purged_floors":[7],"is_endless":false,"potions_floor_spawned":[1,2,6,8],"killed_by":"3 Byrds","ascension_level":12}}