{"host":"jumrmhf584hajrnz","time":1611610125,"event":{"mods":["BaseMod","Duelist Mod","GifTheSpireLib","Minty Spire (QoL Compilation)","Quick Restart","Replay The Spire","StSLib"],"gold_per_floor":[144,154,154,87,101,101,134,134,134,134,134,134,152,163,163,237,237,248,198,212,212,212,212,227,227,227,227,241,275,292,318,318,395,395,408,408,131,143,194,194,78,108,108,108,108,124,143,158,158,158,158,158,158,41,41,41],"floor_reached":55,"language":"ENG","playtime":4879,"items_purged":["Regret"],"score":1445,"play_id":"ccc7888a-2d57-4336-8588-b093d0786b0b","local_time":"20210125222845","is_ascension_mode":true,"campfire_choices":[{"floor":6.0,"key":"RECALL"},{"floor":8.0,"key":"REST"},{"floor":12.0,"key":"REST"},{"data":"theDuelist:IrisEarthMother","floor":23.0,"key":"SMITH"},{"floor":25.0,"key":"REST"},{"data":"theDuelist:Raigeki","floor":27.0,"key":"SMITH"},{"floor":32.0,"key":"REST"},{"floor":40.0,"key":"REST"},{"data":"theDuelist:YamiForm","floor":44.0,"key":"SMITH"},{"data":"theDuelist:GrandSpellbookTower","floor":49,"key":"SMITH"},{"data":"theDuelist:TimeWizard","floor":53,"key":"SMITH"}],"circlet_count":0,"master_deck":["theDuelist:TimeWizard+1","theDuelist:NeoMagic","theDuelist:DarkMagician","theDuelist:MagiciansRod","theDuelist:Sparks","theDuelist:RainbowKuriboh+1","theDuelist:CastleWalls","theDuelist:NaturiaBeast","theDuelist:ExodiaNecross+1","theDuelist:ReleaseFromStone","theDuelist:IrisEarthMother+1","theDuelist:MysticalElf","theDuelist:GrandSpellbookTower+1","theDuelist:FinalFlame","theDuelist:YamiForm+1","theDuelist:ApprenticeIllusionMagician","theDuelist:SwordsBurning+1","theDuelist:RainbowKuriboh","theDuelist:InjectionFairy","theDuelist:NeoMagic","theDuelist:GeminiElf","theDuelist:NeoMagic+1","theDuelist:InjectionFairy","theDuelist:Sparks","theDuelist:TimeWizard+1","AscendersBane","theDuelist:GateGuardian+1","theDuelist:CastleWalls+1","theDuelist:InjectionFairy+1","theDuelist:Sparks+1","theDuelist:MillenniumGolem+1","theDuelist:MysticalElf+1","theDuelist:Nameless:Magic:Oilman","theDuelist:InfernoFireBlast+1","theDuelist:Raigeki+1","theDuelist:SwordsBurning+1","theDuelist:NeoMagic","theDuelist:RainbowOverdragon","theDuelist:DiffusionWaveMotion","theDuelist:DarkMagician","theDuelist:ApprenticeIllusionMagician"],"relics":["theDuelist:MillenniumPuzzle","theDuelist:CardPoolRelic","theDuelist:CardPoolBasicRelic","theDuelist:BoosterPackPoolRelic","theDuelist:CardPoolAddRelic","theDuelist:CardPoolMinusRelic","theDuelist:CardPoolSaveRelic","theDuelist:CardPoolOptionsRelic","Cables","Snack Pack","War Paint","Replay:Rubber Ducky","Philosopher\u0027s Stone","ReplayTheSpireMod:Spearhead","Meat on the Bone","Sozu","theDuelist:ElectricToken","Nunchaku","Eternal Feather"],"acts_visited":["Exordium","TheCity","TheBeyond","TheEnding"],"potions_floor_usage":[50,50],"damage_taken":[{"damage":0.0,"enemies":"Small Slimes","floor":1.0,"turns":4.0},{"damage":2.0,"enemies":"Cultist","floor":2.0,"turns":4.0},{"damage":0.0,"enemies":"2 Louse","floor":5.0,"turns":3.0},{"damage":28.0,"enemies":"Lagavulin","floor":7.0,"turns":11.0},{"damage":10.0,"enemies":"2 Fungi Beasts","floor":13.0,"turns":3.0},{"damage":6.0,"enemies":"Blue Slaver","floor":14.0,"turns":6.0},{"damage":24.0,"enemies":"Fading Forest","floor":16.0,"turns":13.0},{"damage":30.0,"enemies":"3 Byrds","floor":18.0,"turns":8.0},{"damage":8.0,"enemies":"Shell Parasite","floor":20.0,"turns":6.0},{"damage":29.0,"enemies":"Snake Plant","floor":24.0,"turns":6.0},{"damage":2.0,"enemies":"Snecko","floor":28.0,"turns":5.0},{"damage":15.0,"enemies":"Book of Stabbing","floor":29.0,"turns":7.0},{"damage":4.0,"enemies":"Cultist and Chosen","floor":30.0,"turns":4.0},{"damage":37.0,"enemies":"Slavers","floor":31.0,"turns":4.0},{"damage":87.0,"enemies":"Collector","floor":33.0,"turns":9.0},{"damage":16.0,"enemies":"3 Darklings","floor":35.0,"turns":3.0},{"damage":4.0,"enemies":"Orb Walker","floor":38.0,"turns":3.0},{"damage":48.0,"enemies":"2 Orb Walkers","floor":39.0,"turns":4.0},{"damage":24.0,"enemies":"Nemesis","floor":42.0,"turns":5.0},{"damage":0.0,"enemies":"Maw","floor":46.0,"turns":7.0},{"damage":29.0,"enemies":"4 Shapes","floor":47.0,"turns":5.0},{"damage":0.0,"enemies":"Transient","floor":48.0,"turns":6.0},{"damage":37,"enemies":"Replay:Hell Engine","floor":50,"turns":10},{"damage":49,"enemies":"Time Eater","floor":51,"turns":8},{"damage":85,"enemies":"Shield and Spear","floor":55,"turns":3}],"seed_played":"-3603107702252124813","potions_obtained":[{"floor":2.0,"key":"SkillPotion"},{"floor":13.0,"key":"theDuelist:EarthBottle"},{"floor":14.0,"key":"theDuelist:OrbBottle"},{"floor":16.0,"key":"theDuelist:WhiteBottle"},{"floor":20.0,"key":"theDuelist:LavaBottle"},{"floor":30.0,"key":"Fruit Juice"},{"floor":33.0,"key":"LiquidBronze"}],"is_trial":false,"path_per_floor":["M","M","?","$","M","R","E","R","T","?","?","R","M","M","R","B",null,"M","?","M","?","?","R","M","R","T","R","M","E","M","E","R","B",null,"M","?","$","M","?","R","$","E","T","R","?","M","M","M","R","B","B",null,"R","$","E"],"character_chosen":"THE_DUELIST","items_purchased":["theDuelist:TimeWizard","theDuelist:YamiForm","theDuelist:SwordsBurning+1","theDuelist:DarkMagician","theDuelist:ApprenticeIllusionMagician"],"campfire_rested":5,"item_purchase_floors":[4,37,41,54,54],"current_hp_per_floor":[77,75,75,75,75,75,47,72,72,72,27,52,42,40,65,51,76,62,62,60,65,60,60,47,73,73,73,79,76,83,50,78,32,79,67,67,67,67,37,65,65,56,56,77,77,94,74,94,94,65,34,79,94,94,9,9],"gold":41,"neow_bonus":"TWENTY_PERCENT_HP_BONUS","is_daily":false,"chose_seed":false,"campfire_upgraded":5,"win_rate":0.0,"timestamp":1611610125,"path_taken":["M","M","?","?","?","R","E","R","T","?","?","R","M","M","R","BOSS","M","?","?","?","?","R","?","R","T","R","M","E","M","E","R","BOSS","M","?","?","M","?","R","?","E","T","R","?","?","M","M","R","BOSS","BOSS","R","$","E"],"items_purchased_type":["Card","Card","Card","Card","Card"],"build_version":"2020-12-22","purchased_purges":1,"victory":false,"max_hp_per_floor":[84,84,84,84,84,84,84,84,84,84,84,84,84,84,84,84,84,84,84,84,89,89,89,89,89,89,89,89,89,94,94,94,94,94,94,94,94,94,94,94,94,94,94,94,94,94,94,94,94,94,94,94,94,94,94,94],"card_choices":[{"not_picked":["theDuelist:WhiteHowling","theDuelist:VoidExpansion","theDuelist:WonderWand"],"picked":"theDuelist:MagiciansRod","floor":1.0},{"not_picked":["theDuelist:GreenGraveOni","theDuelist:GreyGreedOni","theDuelist:RainbowOverdragon","theDuelist:RedHeadedOni"],"picked":"theDuelist:RainbowKuriboh","floor":2.0},{"not_picked":["theDuelist:BattleOx","theDuelist:BigFire","theDuelist:DarklordSuperbia","theDuelist:MillenniumGolem"],"picked":"theDuelist:Raigeki","floor":5.0},{"not_picked":["theDuelist:BlockGolem","theDuelist:DokiDoki","theDuelist:GemArmadillo","theDuelist:GemElephant","theDuelist:WeepingIdol"],"picked":"SKIP","floor":7.0},{"not_picked":["theDuelist:SpellShatteringArrow","theDuelist:NeoMagic","theDuelist:DarkMagician","theDuelist:ExodiaRA"],"picked":"theDuelist:InjectionFairy","floor":13.0},{"not_picked":["theDuelist:LegendaryExodia","theDuelist:ExodiaRL","theDuelist:ExodiaRA","theDuelist:ExodiaHead"],"picked":"theDuelist:ExodiaNecross","floor":14.0},{"not_picked":["theDuelist:ExodiaNecross","theDuelist:ExodiaHead","theDuelist:VoidVanishment","theDuelist:SangaWater"],"picked":"theDuelist:IrisEarthMother","floor":16.0},{"not_picked":["theDuelist:WhiteMagicalHat","theDuelist:NeoMagic","theDuelist:GuardianAngel","theDuelist:IceQueen"],"picked":"theDuelist:ApprenticeIllusionMagician","floor":18.0},{"not_picked":["theDuelist:DarkMagician","theDuelist:ExodiaRL","theDuelist:FlyingSaucer","theDuelist:BlizzardWarrior"],"picked":"theDuelist:NeoMagic","floor":20.0},{"not_picked":["theDuelist:CrystalWingDragon","theDuelist:BlueBloodedOni","theDuelist:GreenGraveOni","theDuelist:RainbowOverdragon"],"picked":"theDuelist:RainbowKuriboh","floor":24.0},{"not_picked":["theDuelist:ClearKuriboh","theDuelist:GaiaMidNightSun","theDuelist:HammerShot","theDuelist:FuryFire"],"picked":"theDuelist:MillenniumGolem+1","floor":28.0},{"not_picked":["theDuelist:NeoMagic","theDuelist:DarkMagician","theDuelist:SpiritHarp","theDuelist:MagiciansRobe"],"picked":"theDuelist:GeminiElf","floor":29.0},{"not_picked":["theDuelist:DestroyerGolem","theDuelist:DokiDoki+1","theDuelist:EarthEffigy","theDuelist:GemArmadillo"],"picked":"theDuelist:RainbowOverdragon","floor":30.0},{"not_picked":["theDuelist:SpellShatteringArrow","theDuelist:NeoMagic","theDuelist:DarkMagician","theDuelist:CosmicHorrorGangiel"],"picked":"theDuelist:InjectionFairy+1","floor":31.0},{"not_picked":["theDuelist:ExodiaHead+1","theDuelist:Wildfire","theDuelist:QueenDragunDjinn","theDuelist:VoidVanishment"],"picked":"theDuelist:GrandSpellbookTower","floor":33.0},{"not_picked":["theDuelist:RainbowDarkDragon","theDuelist:SwordsRevealing","theDuelist:ThousandEyesRestrict","theDuelist:SwordsBurning"],"picked":"theDuelist:GateGuardian+1","floor":35.0},{"not_picked":["theDuelist:BlizzardWarrior","theDuelist:SangaThunder+1","theDuelist:DarkMagician+1","theDuelist:ExodiaRA"],"picked":"theDuelist:InjectionFairy","floor":38.0},{"not_picked":["theDuelist:CrystalWingDragon","theDuelist:LordD","theDuelist:MysticalElf","theDuelist:AncientElf"],"picked":"theDuelist:DiffusionWaveMotion","floor":39.0},{"not_picked":["theDuelist:SpellShatteringArrow","theDuelist:BlizzardWarrior+1","theDuelist:NeoMagic+1","theDuelist:DarkMagician"],"picked":"theDuelist:InfernoFireBlast+1","floor":42.0},{"not_picked":["theDuelist:GraniteLoyalist","theDuelist:GiantTrapHole+1","theDuelist:EvilswarmHeliotrope","theDuelist:HarpieFeather+1"],"picked":"theDuelist:ReleaseFromStone","floor":46.0},{"not_picked":["theDuelist:ExodiaHead","theDuelist:Wildfire","theDuelist:QueenDragunDjinn","theDuelist:SangaWater"],"picked":"theDuelist:SwordsBurning+1","floor":47.0},{"not_picked":["theDuelist:SangaThunder","theDuelist:FlyingSaucer","theDuelist:SpiritHarp","theDuelist:CosmicHorrorGangiel+1"],"picked":"theDuelist:NeoMagic+1","floor":48}],"player_experience":1530311,"relics_obtained":[{"floor":7.0,"key":"Cables"},{"floor":9.0,"key":"Snack Pack"},{"floor":29.0,"key":"ReplayTheSpireMod:Spearhead"},{"floor":31.0,"key":"Meat on the Bone"},{"floor":39.0,"key":"theDuelist:ElectricToken"},{"floor":42.0,"key":"Nunchaku"},{"floor":43.0,"key":"Eternal Feather"}],"event_choices":[{"damage_healed":0.0,"max_hp_gain":0.0,"max_hp_loss":0.0,"gold_gain":0.0,"event_name":"Upgrade Shrine","player_choice":"Upgraded","floor":3.0,"gold_loss":0.0,"damage_taken":0.0,"cards_upgraded":["theDuelist:RainbowKuriboh"]},{"damage_healed":0.0,"max_hp_gain":0.0,"max_hp_loss":0.0,"gold_gain":0.0,"event_name":"Big Fish","player_choice":"Box","floor":10.0,"gold_loss":0.0,"damage_taken":0.0,"relics_obtained":["War Paint"],"cards_obtained":["Regret"]},{"damage_healed":0.0,"max_hp_gain":0.0,"max_hp_loss":0.0,"gold_gain":0.0,"event_name":"Scrap Ooze","player_choice":"Success","floor":11.0,"gold_loss":0.0,"damage_taken":45.0,"relics_obtained":["Replay:Rubber Ducky"]},{"damage_healed":0.0,"max_hp_gain":0.0,"max_hp_loss":0.0,"gold_gain":0.0,"event_name":"Designer","player_choice":"Upgraded Two","floor":19.0,"gold_loss":50.0,"damage_taken":0.0,"cards_upgraded":["theDuelist:ExodiaNecross","theDuelist:Sparks"]},{"total_magic_score":62.0,"gold_gain":0.0,"duelist":true,"damage_taken":0.0,"relics_obtained":[],"points":8.0,"max_hp_gain":5.0,"max_hp_loss":0.0,"spent_points":{"magic":4.0,"greed":0.0,"war":0.0,"power":0.0,"hunger":4.0},"event_name":"Nameless Tomb","hunger_reward":4.0,"floor":21.0,"gold_loss":0.0,"magic_reward":4.0,"cards_obtained":["theDuelist:Nameless:Magic:Oilman"]},{"damage_healed":0.0,"max_hp_gain":0.0,"max_hp_loss":0.0,"gold_gain":0.0,"event_name":"The Woman in Blue","player_choice":"Bought 0 Potions","floor":22.0,"gold_loss":0.0,"damage_taken":0.0},{"damage_healed":0.0,"max_hp_gain":0.0,"max_hp_loss":0.0,"gold_gain":0.0,"event_name":"Relic Duplicator","player_choice":"Leave","duelist":true,"floor":36.0,"gold_loss":0.0,"damage_taken":0.0},{"damage_healed":0.0,"max_hp_gain":0.0,"max_hp_loss":0.0,"gold_gain":0.0,"event_name":"Mysterious Sphere","player_choice":"Fight","floor":39.0,"gold_loss":0.0,"damage_taken":0.0},{"damage_healed":0.0,"max_hp_gain":0.0,"max_hp_loss":0.0,"gold_gain":0.0,"event_name":"Card Trader","player_choice":"Leave","duelist":true,"floor":45.0,"gold_loss":0.0,"damage_taken":0.0}],"is_beta":false,"boss_relics":[{"not_picked":["theDuelist:ElectricKey","Inserter"],"picked":"Philosopher\u0027s Stone"},{"not_picked":["Tiny House","Snecko Scales"],"picked":"Sozu"}],"items_purged_floors":[37],"is_endless":false,"potions_floor_spawned":[2,13,14,16,20,30,33,39,42,46,48],"killed_by":"Shield and Spear","ascension_level":20}}