{"host":"4mwxwqvoirj3cq7x","time":1611615663,"event":{"mods":["BaseMod","Downfall","Minty Spire (QoL Compilation)","Quick Restart","StSLib","The Marked"],"gold_per_floor":[99,99,112,112,97,97,121,21,41,41,76,76,76,76,91,195,195,95,111,128,128,138,138,138,138],"floor_reached":23,"language":"ZHS","playtime":899,"items_purged":[],"score":215,"play_id":"99f7fe53-89f5-474c-be6e-da7ef635a85f","local_time":"20210126070103","is_ascension_mode":true,"campfire_choices":[{"data":"bronze:Replicate","floor":1.0,"key":"SMITH"},{"floor":6.0,"key":"RECALL"},{"data":"bronze:Mutator","floor":8.0,"key":"SMITH"},{"floor":10.0,"key":"REST"},{"floor":12.0,"key":"REST"},{"data":"bronze:Virus","floor":18.0,"key":"SMITH"}],"circlet_count":0,"master_deck":["bronze:Strike+1","bronze:Strike","bronze:Defend","bronze:Defend","bronze:Defend+1","bronze:Replicate+1","bronze:Goto+1","bronze:Mutator+1","downfall:Malfunctioning","bronze:InfiniteBeams","bronze:CutThrough","bronze:Virus+1","CurseOfTheBell","bronze:Shield+1","bronze:Frontload+1","bronze:AlphaBuild","bronze:Philosophize+1"],"relics":["bronze:BronzeCore","Juzu Bracelet","downfall:HeartBlessingRed","Pantograph","Calling Bell","Regal Pillow","Calipers","Toxic Egg 2","downfall:HeartBlessingGreen"],"acts_visited":["Exordium","TheCity"],"potions_floor_usage":[],"damage_taken":[{"damage":7.0,"enemies":"Jaw Worm","floor":3.0,"turns":3.0},{"damage":10.0,"enemies":"downfall:FleeingMerchant","floor":5.0,"turns":4.0},{"damage":1.0,"enemies":"Cultist","floor":9.0,"turns":3.0},{"damage":37.0,"enemies":"3 Sentries","floor":11.0,"turns":7.0},{"damage":2.0,"enemies":"Small Slimes","floor":15.0,"turns":3.0},{"damage":50.0,"enemies":"SI_SHIV_ARCHETYPE","floor":16.0,"turns":6.0},{"damage":0.0,"enemies":"3 Byrds","floor":19.0,"turns":3.0},{"damage":36.0,"enemies":"Cultist and Chosen","floor":20.0,"turns":8.0},{"damage":20,"enemies":"Sentry and Sphere","floor":22,"turns":6},{"damage":9,"enemies":"Slavers","floor":23,"turns":1}],"seed_played":"1532855719070367601","potions_obtained":[{"floor":3.0,"key":"SkillPotion"},{"floor":15.0,"key":"DistilledChaos"}],"is_trial":false,"path_per_floor":["R","?","M","?","$","R","T","R","M","R","E","R","T","?","M","B",null,"R","M","M","?","M","E"],"character_chosen":"THE_AUTOMATON","items_purchased":[],"campfire_rested":2,"item_purchase_floors":[],"current_hp_per_floor":[70,70,63,63,53,53,53,53,52,70,33,54,54,54,52,20,70,70,70,34,26,6,0,0,0],"gold":138,"neow_bonus":"ONE_RANDOM_RARE_CARD","is_daily":false,"chose_seed":false,"campfire_upgraded":3,"win_rate":0.0,"timestamp":1611615663,"path_taken":["R","?","?","?","$","R","T","R","M","R","E","R","?","?","M","BOSS","R","M","M","?","M","E"],"items_purchased_type":[],"build_version":"2020-12-22","purchased_purges":0,"victory":false,"max_hp_per_floor":[70,70,70,70,70,70,70,70,70,70,70,70,70,70,70,70,70,70,70,70,70,70,70,70,70],"card_choices":[{"not_picked":["bronze:Deprecate","bronze:Backtrace"],"picked":"bronze:InfiniteBeams","floor":5.0},{"not_picked":["bronze:BronzeArmor","bronze:InfiniteBeams","bronze:Repulsor"],"picked":"SKIP","floor":9.0},{"not_picked":["bronze:Deprecate","bronze:WhirlingStrike"],"picked":"bronze:CutThrough","floor":11.0},{"not_picked":["bronze:BitShift","bronze:Constructor","bronze:Philosophize"],"picked":"SKIP","floor":15.0},{"not_picked":["bronze:SpaghettiCode","bronze:InfiniteLoop"],"picked":"bronze:Virus","floor":16.0},{"not_picked":["bronze:ItsAFeature","bronze:Fortify+1"],"picked":"bronze:Shield+1","floor":19.0},{"not_picked":["bronze:Frontload+1","bronze:Turbo+1","bronze:BuggyMess+1"],"picked":"SKIP","floor":20.0},{"not_picked":["bronze:Turbo+1","bronze:BuggyMess+1"],"picked":"bronze:Frontload+1","floor":20.0},{"not_picked":["bronze:Mutator","bronze:InfiniteBeams","bronze:Shield+1"],"picked":"SKIP","floor":22}],"player_experience":624725,"relics_obtained":[{"floor":7.0,"key":"Juzu Bracelet"},{"floor":11.0,"key":"Pantograph"},{"floor":17.0,"key":"Regal Pillow"},{"floor":17.0,"key":"Calipers"},{"floor":17.0,"key":"Toxic Egg 2"}],"event_choices":[],"is_beta":false,"boss_relics":[{"not_picked":["Sozu","Coffee Dripper"],"picked":"Calling Bell"}],"items_purged_floors":[],"is_endless":false,"potions_floor_spawned":[3,15],"killed_by":"Slavers","ascension_level":3}}