{"host":"7eytxr1oawi6r5nr","time":1611573620,"event":{"mods":["BaseMod","Better Third Choice","Curses Come First","Dark Map","Hermit","Hubris","Ironclad Rager","Jorbs\u0027s Wanderer Trilogy","Minty Spire (QoL Compilation)","Permanent Neow","Quick Restart","Rare Cards Sparkle","Replay The Spire","Robot Space Explorer","StSLib","The Cursed","The Disciple","The Forsaken","The Marked","The Mystic","The Runesmith","UnlockEverythingMod","Wide Potions"],"gold_per_floor":[15,31,31,49,63,97,97,116,116,116,144,44,44,64,64,163,163,163,163],"floor_reached":18,"language":"ENG","playtime":1209,"items_purged":["hubris:Sloth","Runesmith:Strike_RS"],"score":181,"play_id":"dd9e3777-7977-4102-8a12-69906be29cf3","local_time":"20210125112020","is_ascension_mode":true,"campfire_choices":[{"data":"Runesmith:Permafrost","floor":7,"key":"SMITH"},{"floor":10,"key":"REST"},{"floor":15,"key":"REST"}],"circlet_count":0,"master_deck":["Runesmith:Strike_RS","Runesmith:Strike_RS","Runesmith:Defend_RS","Runesmith:Defend_RS","Runesmith:Defend_RS","Runesmith:CraftFirestone","Runesmith:Fortify","Runesmith:DoubleUp","Runesmith:DuctTape","Runesmith:Overpower","Runesmith:Grindstone","Runesmith:Permafrost+1","Runesmith:CraftMagma","Runesmith:BackupBattery","Runesmith:CraftIndustria","Runesmith:NanitesCloud","Runesmith:EarthShield+1","Runesmith:GenerateForcefield","Runesmith:MetallurgicalResearch"],"relics":["Runesmith:BrokenRuby","ReplayTheSpireMod:CursedCoin","Pen Nib","Art of War","theForsaken:HumbleEgg","theForsaken:PaleLantern"],"acts_visited":["Exordium","TheCity"],"potions_floor_usage":[11,16,16],"damage_taken":[{"damage":0,"enemies":"Cultist","floor":1,"turns":4},{"damage":0,"enemies":"Small Slimes","floor":2,"turns":3},{"damage":6,"enemies":"Jaw Worm","floor":4,"turns":3},{"damage":16,"enemies":"Lots of Slimes","floor":5,"turns":5},{"damage":22,"enemies":"3 Sentries","floor":6,"turns":11},{"damage":0,"enemies":"Looter","floor":8,"turns":4},{"damage":19,"enemies":"Gremlin Nob","floor":11,"turns":6},{"damage":2,"enemies":"2 Fungi Beasts","floor":14,"turns":4},{"damage":7,"enemies":"The Guardian","floor":16,"turns":10},{"damage":0,"enemies":"Shell Parasite","floor":18,"turns":1}],"seed_played":"700406226767594540","potions_obtained":[{"floor":5,"key":"Toxic Potion"},{"floor":6,"key":"PowerPotion"},{"floor":8,"key":"Dexterity Potion"},{"floor":13,"key":"Fire Potion"},{"floor":13,"key":"SkillPotion"},{"floor":16,"key":"Fruit Juice"}],"is_trial":false,"path_per_floor":["M","M","$","M","M","E","R","M","T","R","E","$","?","M","R","B",null,"M"],"character_chosen":"RUNESMITH_CLASS","items_purchased":["ReplayTheSpireMod:CursedCoin","Runesmith:Permafrost"],"campfire_rested":2,"item_purchase_floors":[3,3],"current_hp_per_floor":[70,70,70,64,48,26,26,26,26,47,28,28,28,26,47,45,75,75,75],"gold":163,"neow_bonus":"TRANSFORM_TWO_CARDS","is_daily":false,"chose_seed":false,"campfire_upgraded":1,"win_rate":0.0,"timestamp":1611573620,"path_taken":["M","M","?","M","M","E","R","M","T","R","E","$","?","?","R","BOSS","M"],"items_purchased_type":["Relic","Card"],"build_version":"2020-12-22","purchased_purges":2,"victory":false,"max_hp_per_floor":[70,70,70,70,70,70,70,70,70,70,70,70,70,70,70,75,75,75,75],"card_choices":[{"not_picked":["Runesmith:ShiftingStrike","Runesmith:DoubleUp"],"picked":"Runesmith:Overpower","floor":1},{"not_picked":["Runesmith:Electrocute","Runesmith:ShiftingStrike"],"picked":"Runesmith:Grindstone","floor":2},{"not_picked":["Runesmith:NegativeSpace","Runesmith:Attraction"],"picked":"Runesmith:CraftMagma","floor":4},{"not_picked":["Runesmith:Grindstone","Runesmith:RuneHurl"],"picked":"Runesmith:BackupBattery","floor":5},{"not_picked":["Runesmith:Repurpose","Runesmith:Retool"],"picked":"Runesmith:CraftIndustria","floor":6},{"not_picked":["Runesmith:EarthShield","Runesmith:ShiftingStrike"],"picked":"Runesmith:NanitesCloud","floor":8},{"not_picked":["Runesmith:Overpower+1","Runesmith:HammerTime"],"picked":"Runesmith:EarthShield+1","floor":11},{"not_picked":["Runesmith:Grindstone+1","Runesmith:UnstableHammer+1"],"picked":"Runesmith:GenerateForcefield","floor":14},{"not_picked":["Runesmith:DuctTape","Runesmith:GenerateForcefield"],"picked":"Runesmith:MetallurgicalResearch","floor":16}],"player_experience":187930,"relics_obtained":[{"floor":6,"key":"Pen Nib"},{"floor":9,"key":"Art of War"},{"floor":11,"key":"theForsaken:HumbleEgg"}],"event_choices":[{"damage_healed":0,"gold_gain":0,"player_choice":"Got Potions","damage_taken":0,"max_hp_gain":0,"max_hp_loss":0,"event_name":"Lab","floor":13,"gold_loss":0}],"is_beta":false,"boss_relics":[{"not_picked":["Painkiller Herb","Sozu"],"picked":"theForsaken:PaleLantern"}],"items_purged_floors":[3,12],"is_endless":false,"potions_floor_spawned":[5,6,8,16],"killed_by":"Shell Parasite","ascension_level":1}}