{"host":"tq99ucv8ezzqzioe","time":1611596268,"event":{"mods":["BaseMod","Colored Map","Downfall","Highlight Path","Minty Spire (QoL Compilation)","StSLib"],"gold_per_floor":[113,113,129,129,152,186,201,235,259,259,277,297,331,61,61,184,184,203,223,322,54,70,70,113,113,159,13,13,351,366,366,366,366,366],"floor_reached":33,"language":"ENG","playtime":1862,"items_purged":["Strike_B"],"score":446,"play_id":"068f1f1b-af2d-40d7-b752-2e3519798d49","local_time":"20210125123748","is_ascension_mode":true,"campfire_choices":[{"floor":10,"key":"REST"},{"floor":15,"key":"RECALL"},{"data":"Mayhem","floor":23,"key":"SMITH"},{"floor":25,"key":"REST"},{"data":"Fission","floor":28,"key":"SMITH"},{"data":"Buffer","floor":32,"key":"SMITH"}],"circlet_count":0,"master_deck":["Defend_B","Defend_B","Defend_B","Zap","Dualcast","Melter","Cold Snap","Ball Lightning","Sunder","Ball Lightning","Fission+1","Conserve Battery","Defragment","FTL","Seek","Mayhem+1","Buffer+1","Streamline+1","Thunder Strike+1","Steam+1","Self Repair","Cold Snap","Chill","Cold Snap","Amplify","Echo Form","Storm","Defragment"],"relics":["Cracked Core","NeowsBlessing","Golden Idol","Bottled Flame","Akabeko","Boot","Astrolabe","Question Card","Nunchaku","Lee\u0027s Waffle","Old Coin"],"acts_visited":["Exordium","TheCity"],"potions_floor_usage":[6,7,13,16,24],"damage_taken":[{"damage":0,"enemies":"2 Louse","floor":1,"turns":1},{"damage":0,"enemies":"Small Slimes","floor":3,"turns":1},{"damage":0,"enemies":"Jaw Worm","floor":5,"turns":1},{"damage":6,"enemies":"Gremlin Nob","floor":6,"turns":3},{"damage":9,"enemies":"Lots of Slimes","floor":7,"turns":3},{"damage":11,"enemies":"3 Sentries","floor":8,"turns":4},{"damage":6,"enemies":"Looter","floor":11,"turns":2},{"damage":0,"enemies":"Exordium Thugs","floor":12,"turns":3},{"damage":11,"enemies":"Gremlin Nob","floor":13,"turns":3},{"damage":28,"enemies":"The Guardian","floor":16,"turns":11},{"damage":0,"enemies":"Spheric Guardian","floor":18,"turns":1},{"damage":5,"enemies":"Chosen","floor":19,"turns":4},{"damage":26,"enemies":"Centurion and Healer","floor":22,"turns":9},{"damage":41,"enemies":"Slavers","floor":24,"turns":7},{"damage":0,"enemies":"Gremlin Leader","floor":29,"turns":8},{"damage":37,"enemies":"Cultist and Chosen","floor":30,"turns":7},{"damage":81,"enemies":"Champ","floor":33,"turns":12}],"seed_played":"4503856609547502465","potions_obtained":[{"floor":3,"key":"sneckomod:MuddlingPotion"},{"floor":6,"key":"SkillPotion"},{"floor":11,"key":"Swift Potion"},{"floor":13,"key":"EssenceOfSteel"},{"floor":22,"key":"BlessingOfTheForge"},{"floor":29,"key":"SpeedPotion"}],"is_trial":false,"path_per_floor":["M","?","M","?","M","E","M","E","T","R","M","M","E","$","R","B",null,"M","M","?","$","M","R","E","R","T","$","R","E","M","?","R","B"],"character_chosen":"DEFECT","items_purchased":["Mayhem","Chill","Cold Snap","Amplify","Lee\u0027s Waffle"],"campfire_rested":2,"item_purchase_floors":[14,21,21,21,27],"current_hp_per_floor":[68,68,68,50,50,44,35,24,24,46,40,40,29,29,29,1,57,57,59,59,59,47,47,13,35,35,82,82,82,59,59,59,0,0],"gold":366,"neow_bonus":"THREE_ENEMY_KILL","is_daily":false,"chose_seed":false,"campfire_upgraded":3,"win_rate":0.0,"timestamp":1611596268,"path_taken":["M","?","M","?","M","E","M","E","T","R","M","M","E","?","R","BOSS","M","?","?","$","M","R","E","R","T","?","R","E","M","?","R","BOSS"],"items_purchased_type":["Card","Card","Card","Card","Relic"],"build_version":"2020-12-22","purchased_purges":1,"victory":false,"max_hp_per_floor":[75,75,75,75,75,75,75,75,75,75,75,75,75,75,75,75,75,75,75,75,75,75,75,75,75,75,82,82,82,82,82,82,82,82],"card_choices":[{"not_picked":["Hologram","Consume"],"picked":"Melter","floor":1},{"not_picked":["BootSequence","Go for the Eyes"],"picked":"Ball Lightning","floor":3},{"not_picked":["Beam Cell","Force Field"],"picked":"Sunder","floor":5},{"not_picked":["Double Energy","Leap"],"picked":"Ball Lightning","floor":6},{"not_picked":["Stack","Coolheaded"],"picked":"Fission","floor":7},{"not_picked":["Barrage","Recycle"],"picked":"Conserve Battery","floor":8},{"not_picked":["Steam","Stack"],"picked":"Defragment","floor":11},{"not_picked":["Stack","Reprogram"],"picked":"FTL","floor":12},{"not_picked":["Darkness","Conserve Battery"],"picked":"Seek","floor":13},{"not_picked":["Fission","Rainbow"],"picked":"Buffer","floor":16},{"not_picked":["Turbo","Heatsinks"],"picked":"Self Repair","floor":18},{"not_picked":["Coolheaded","Conserve Battery"],"picked":"Cold Snap","floor":19},{"not_picked":["Chaos","Skim","Hologram"],"picked":"SKIP","floor":22},{"not_picked":["Force Field","Capacitor"],"picked":"Echo Form","floor":24},{"not_picked":["Recycle","Lockon","Go for the Eyes"],"picked":"Storm","floor":29},{"not_picked":["Redo+1","Sweeping Beam+1","Stack+1"],"picked":"Defragment","floor":30}],"player_experience":743315,"relics_obtained":[{"floor":6,"key":"Bottled Flame"},{"floor":8,"key":"Akabeko"},{"floor":13,"key":"Boot"},{"floor":24,"key":"Question Card"},{"floor":26,"key":"Nunchaku"},{"floor":29,"key":"Old Coin"}],"event_choices":[{"damage_healed":0,"gold_gain":0,"cards_transformed":["Strike_B"],"player_choice":"Change","damage_taken":0,"max_hp_gain":0,"max_hp_loss":0,"event_name":"Living Wall","floor":2,"gold_loss":0,"cards_obtained":["Cold Snap"]},{"damage_healed":0,"gold_gain":0,"player_choice":"Take Damage","damage_taken":18,"relics_obtained":["Golden Idol"],"max_hp_gain":0,"max_hp_loss":0,"event_name":"Golden Idol","floor":4,"gold_loss":0},{"damage_healed":0,"gold_gain":99,"player_choice":"Stole From Cult","damage_taken":0,"max_hp_gain":0,"max_hp_loss":0,"event_name":"Nest","floor":20,"gold_loss":0}],"is_beta":false,"boss_relics":[{"not_picked":["Ectoplasm","SacredBark"],"picked":"Astrolabe"}],"items_purged_floors":[14],"is_endless":false,"potions_floor_spawned":[3,6,11,13,22,29],"killed_by":"Champ","ascension_level":7}}