{"host":"1vzdexsn8vtq5lt7","time":1611577370,"event":{"mods":["ATMod(阿瑾Mod)","Act Like it!","Ascension Reborn","BaseMod","Colored Map","Colored Powertips","Conspire","Downfall","Easy Mod","Energized Spire","Minty Spire (QoL Compilation)","Quick Restart","Relic Filter Mod","Relic Stats","Replay The Spire","StSLib","SuperFastMode","TestMod","The Marked","[IsaacMod]以撒尖塔","【功能Mod】Neow奖励","【功能Mod】混沌之环修复补丁","【功能Mod】精心准备","【遗物卡牌】REMEMod","没有小屋子和绿帽子啦"],"gold_per_floor":[99,117,151,164,264,277,277,277,290,290,300,333,333,733,753,849,849,749,761,911,411,421,431,431,443,443,480,513,513,525,550,561,687,687,687,698,713,279,279,289,289,321,402,412,141,268,168,181,224,324],"floor_reached":51,"language":"ZHS","playtime":2101,"items_purged":["Slimebound:Strike_Slimebound","EasyMod:card_1","Slimebound:Defend_Slimebound","Slimebound:Strike_Slimebound"],"score":980,"play_id":"5474d543-c0bb-4d74-9a03-aabad75c1c0b","local_time":"20210125202249","is_ascension_mode":true,"campfire_choices":[{"data":"Slimebound:Defend_Slimebound","floor":1.0,"key":"PURGE"},{"data":"BettingIsNotGood","floor":10.0,"key":"SMITH"},{"data":"Slimebound:Overexert","floor":18.0,"key":"SMITH"},{"data":"Slimebound:LeadByExample","floor":26,"key":"SMITH"},{"floor":35,"key":"DIG"},{"data":"Slimebound:FirmFortitude","floor":47,"key":"SMITH"}],"circlet_count":0,"master_deck":["Slimebound:Strike_Slimebound","Slimebound:Tackle","Slimebound:Defend_Slimebound","Slimebound:Defend_Slimebound","Slimebound:Split","Slimebound:CorrosiveSpit","BettingIsNotGood+1","Slimebound:OozeBath","Slimebound:LeechEnergy","Slimebound:Schlurp","Slimebound:GrowthPunch","Slimebound:LeadByExample+1","Slimebound:Overexert+1","Slimebound:Teamwork","Slimebound:LevelUp","expansioncontent:DashGenerateEvil","Slimebound:SplitMire+1","Slimebound:SplitLeeching","Slimebound:ProtectTheBoss","Slimebound:SplitBruiser","Slimebound:FirmFortitude+1","Slimebound:SpikyOuterGoop+1","Slimebound:MegaLick+1","Slimebound:SlimeTap+1","Slimebound:TongueLash","Slimebound:SplitMire","Slimebound:HauntingLick+1","Slimebound:MassRepurpose","Slimebound:AcidTongue+1","Slimebound:LevelUp+1","Slimebound:Gluttony+1","expansioncontent:Chronoboost+1","Slimebound:SplitBruiser","Slimebound:SlimeBarrage+1","Slimebound:Repurpose+1"],"relics":["Slimebound:AbsorbEndCombat","HushsDoor","REME_ComplimentaryCards","AT_ATBox","SatanicBible","testmod-HarvestTotem","Bronze Scales","Thread and Needle","downfall:ShatteredFragment","Anchor","testmod-PortableAltar","downfall:HeartBlessingBlue","testmod-IntensifyImprint","Quantum Egg","Chemical X","Question Card","Incense Burner","Bag of Marbles","testmod-CardMagician","Mercury Hourglass","testmod-ArcanaOfDestiny","Frozen Egg 2","Potion Belt","AT_TheCollector","Golden Egg","downfall:HeartBlessingGreen"],"acts_visited":["Exordium","TheCity","TheBeyond"],"potions_floor_usage":[46,50,50,50],"damage_taken":[{"damage":8.0,"enemies":"Cultist","floor":2.0,"turns":4.0},{"damage":2.0,"enemies":"2 Louse","floor":3.0,"turns":3.0},{"damage":5.0,"enemies":"Jaw Worm","floor":4.0,"turns":4.0},{"damage":10.0,"enemies":"Gremlin Gang","floor":6.0,"turns":3.0},{"damage":5.0,"enemies":"3 Louse","floor":9.0,"turns":3.0},{"damage":9.0,"enemies":"Blue Slaver","floor":11.0,"turns":3.0},{"damage":15.0,"enemies":"Lagavulin","floor":12.0,"turns":5.0},{"damage":6.0,"enemies":"Large Slime","floor":15.0,"turns":5.0},{"damage":112.0,"enemies":"WA_ARCHETYPE_RETAIN","floor":16.0,"turns":11.0},{"damage":2.0,"enemies":"3 Byrds","floor":19.0,"turns":2.0},{"damage":93,"enemies":"DF_ARCHETYPE_STREAMLINE","floor":20,"turns":13},{"damage":10,"enemies":"downfall:FleeingMerchant","floor":21,"turns":4},{"damage":2,"enemies":"Snake Plant","floor":22,"turns":3},{"damage":15,"enemies":"Shelled Parasite and Fungi","floor":23,"turns":3},{"damage":6,"enemies":"3 Cultists","floor":25,"turns":3},{"damage":1,"enemies":"Cultist and Chosen","floor":27,"turns":3},{"damage":1,"enemies":"REME_1_Revenger","floor":28,"turns":3},{"damage":0,"enemies":"Shelled Parasite and Fungi","floor":30,"turns":2},{"damage":7,"enemies":"Book of Stabbing","floor":31,"turns":4},{"damage":0,"enemies":"Snake Plant","floor":32,"turns":1},{"damage":18,"enemies":"IC_MUSHROOM_ARCHETYPE","floor":33,"turns":5},{"damage":0,"enemies":"Orb Walker","floor":36,"turns":2},{"damage":0,"enemies":"3 Shapes","floor":37,"turns":2},{"damage":0,"enemies":"downfall:FleeingMerchant","floor":38,"turns":4},{"damage":0,"enemies":"Writhing Mass","floor":40,"turns":2},{"damage":0,"enemies":"R_Hoarder","floor":42,"turns":3},{"damage":0,"enemies":"Maw","floor":44,"turns":3},{"damage":0,"enemies":"downfall:FleeingMerchant","floor":45,"turns":1},{"damage":32,"enemies":"Reptomancer","floor":46,"turns":5},{"damage":0,"enemies":"3 Darklings","floor":48,"turns":2},{"damage":0,"enemies":"Transient","floor":49,"turns":5},{"damage":10,"enemies":"DF_ARCHETYPE_ORBS","floor":50,"turns":4}],"seed_played":"7618119347738282066","potions_obtained":[{"floor":3.0,"key":"DistilledChaos"},{"floor":9.0,"key":"Elixir"},{"floor":11.0,"key":"Guardian:BlockOnCardUsePotion"},{"floor":15.0,"key":"ColorlessPotion"},{"floor":22,"key":"Fire Potion"},{"floor":25,"key":"Explosive Potion"},{"floor":27,"key":"DuplicationPotion"},{"floor":29,"key":"CultistPotion"},{"floor":42,"key":"Block Potion"},{"floor":43,"key":"Milkshake"},{"floor":43,"key":"CultistPotion"},{"floor":46,"key":"AttackPotion"}],"is_trial":false,"path_per_floor":["R_BF","M","M","M","?","M","T","?","M","R","M","E","T","?","M","B",null,"R","M","?","$","M","M","T","M","R","M","E","?","M","E","M","B",null,"R_BF","M","M","$","?","M","T","E","?","M","$","E","R","M","M","B",null],"character_chosen":"SLIMEBOUND","items_purchased":["Slimebound:LevelUp","Chemical X","expansioncontent:DashGenerateEvil","testmod-ArcanaOfDestiny","Slimebound:TongueLash","AT_TheCollector","Slimebound:Gluttony+1","expansioncontent:Chronoboost"],"campfire_rested":0,"item_purchase_floors":[21,21,21,38,38,45,45,45],"current_hp_per_floor":[130,130,130,130,130,124,124,106,105,105,108,109,109,109,111,35,130,149,148,101,103,109,102,102,124,124,135,139,138,137,136,135,127,128,127,126,125,124,123,122,121,120,90,98,98,82,82,90,106,102],"gold":324,"neow_bonus":"RANDOM_COMMON_RELIC","is_daily":false,"chose_seed":false,"campfire_upgraded":4,"win_rate":0.0,"timestamp":1611577369,"path_taken":["R_BF","M","M","?","?","?","T","?","M","R","M","E","?","?","M","BOSS","R","M","?","$","?","M","T","?","R","M","E","?","M","E","M","BOSS","R_BF","M","M","$","?","M","T","E","?","M","$","E","R","?","M","BOSS"],"items_purchased_type":["Card","Relic","Card","Relic","Card","Relic","Card","Card"],"build_version":"2020-12-22","purchased_purges":4,"victory":true,"max_hp_per_floor":[130,130,130,130,130,130,130,130,130,130,130,130,130,130,130,130,130,149,148,147,146,145,144,143,142,141,140,139,138,137,136,135,134,128,127,126,125,124,123,122,121,120,119,118,117,116,115,114,113,112],"relic_stats":{"counters":[32,119],"Bronze Scales":[293],"Chemical X":[7],"Question Card":18,"obtain_stats":[{"Golden Egg":46,"AT_ATBox":0,"downfall:HeartBlessingGreen":47,"testmod-PortableAltar":17,"Incense Burner":28,"SatanicBible":0,"downfall:HeartBlessingBlue":18,"Chemical X":21,"testmod-ArcanaOfDestiny":38,"KeepersGift":0,"Potion Belt":42,"testmod-IntensifyImprint":20,"testmod-TestBox":0,"downfall:ShatteredFragment":8,"Quantum Egg":20,"Thread and Needle":7,"testmod-CardMagician":34,"testmod-HarvestTotem":0,"Frozen Egg 2":41,"Question Card":24,"Mercury Hourglass":35,"Anchor":12,"AT_TheCollector":45,"Bronze Scales":0,"Slimebound:AbsorbEndCombat":0,"Bag of Marbles":31,"HushsDoor":0,"REME_ComplimentaryCards":0},{"Golden Egg":29,"AT_ATBox":0,"downfall:HeartBlessingGreen":29,"testmod-PortableAltar":9,"Incense Burner":17,"SatanicBible":0,"downfall:HeartBlessingBlue":9,"Chemical X":12,"testmod-ArcanaOfDestiny":24,"KeepersGift":0,"Potion Belt":26,"testmod-IntensifyImprint":11,"testmod-TestBox":0,"downfall:ShatteredFragment":4,"Quantum Egg":11,"Thread and Needle":4,"testmod-CardMagician":21,"testmod-HarvestTotem":0,"Frozen Egg 2":25,"Question Card":14,"Mercury Hourglass":21,"Anchor":7,"AT_TheCollector":28,"Bronze Scales":0,"Slimebound:AbsorbEndCombat":0,"Bag of Marbles":19,"HushsDoor":0,"REME_ComplimentaryCards":0},{"Golden Egg":108,"AT_ATBox":0,"downfall:HeartBlessingGreen":108,"testmod-PortableAltar":40,"Incense Burner":74,"SatanicBible":0,"downfall:HeartBlessingBlue":40,"Chemical X":59,"testmod-ArcanaOfDestiny":94,"KeepersGift":0,"Potion Belt":99,"testmod-IntensifyImprint":55,"testmod-TestBox":0,"downfall:ShatteredFragment":14,"Quantum Egg":55,"Thread and Needle":14,"testmod-CardMagician":86,"testmod-HarvestTotem":0,"Frozen Egg 2":96,"Question Card":65,"Mercury Hourglass":86,"Anchor":24,"AT_TheCollector":103,"Bronze Scales":0,"Slimebound:AbsorbEndCombat":0,"Bag of Marbles":80,"HushsDoor":0,"REME_ComplimentaryCards":0}],"Mercury Hourglass":[136]},"card_choices":[{"not_picked":[],"picked":"BettingIsNotGood","floor":0.0},{"not_picked":["Slimebound:RollThrough","Slimebound:Nibble"],"picked":"Slimebound:LeechEnergy","floor":2.0},{"not_picked":["Slimebound:ItLooksTasty","Slimebound:Prepare"],"picked":"Bomb","floor":3.0},{"not_picked":["Slimebound:SamplingLick","Slimebound:MassFeed"],"picked":"Slimebound:Schlurp","floor":4.0},{"not_picked":["Slimebound:FlameTackle","Slimebound:Replication"],"picked":"Slimebound:GrowthPunch","floor":6.0},{"not_picked":["Slimebound:LeechingTouch","Slimebound:RollThrough","Slimebound:GoopTackle"],"picked":"SKIP","floor":9.0},{"not_picked":["Slimebound:Replication","Slimebound:GoopTackle","Slimebound:ComboTackle"],"picked":"SKIP","floor":11.0},{"not_picked":["Slimebound:RainOfGoop","Slimebound:Schlurp"],"picked":"Slimebound:LeadByExample","floor":12.0},{"not_picked":["Slimebound:HauntingLick","Slimebound:ServeAndProtect","Slimebound:OozeBath"],"picked":"SKIP","floor":15.0},{"not_picked":["Slimebound:MinionMaster","Slimebound:DuplicatedForm"],"picked":"Slimebound:Overexert","floor":16.0},{"not_picked":["Slimebound:ItLooksTasty","Slimebound:FinishingTackle","Slimebound:BestDefense+1"],"picked":"SKIP","floor":19.0},{"not_picked":["Slimebound:HauntingLick","Slimebound:LeechingTouch"],"picked":"Slimebound:SplitLeeching","floor":20},{"not_picked":["Slimebound:LeadByExample","Slimebound:Prepare"],"picked":"Slimebound:Teamwork","floor":21},{"not_picked":["Slimebound:ComboTackle","Slimebound:Schlurp","Slimebound:LivingWall"],"picked":"SKIP","floor":22},{"not_picked":["Slimebound:SlimeSpikes","Slimebound:Grow+1"],"picked":"Slimebound:SplitMire+1","floor":23},{"not_picked":["Slimebound:Prepare","Slimebound:LeechingTouch+1","Slimebound:Schlurp"],"picked":"Slimebound:SplitLeeching","floor":25},{"not_picked":["Slimebound:LeadByExample","Slimebound:ComboTackle","Slimebound:DisruptingSlam","Slimebound:BestDefense"],"picked":"SKIP","floor":27},{"not_picked":["Slimebound:Nibble","Slimebound:RollThrough","Slimebound:SlimeBrawl"],"picked":"Slimebound:ProtectTheBoss","floor":28},{"not_picked":["Slimebound:MassFeed","Slimebound:ComboTackle+1","Slimebound:PressTheAttack","Slimebound:RollThrough+1"],"picked":"SKIP","floor":30},{"not_picked":["Slimebound:SamplingLick","Slimebound:ItLooksTasty","Slimebound:Dissolve"],"picked":"Slimebound:SplitBruiser","floor":31},{"not_picked":["Slimebound:ComboTackle","Slimebound:MegaLick","Slimebound:HauntingLick","Slimebound:SplitLeeching"],"picked":"SKIP","floor":32},{"not_picked":["Slimebound:Overexert","Slimebound:MinionMaster","Slimebound:CheckThePlaybook"],"picked":"Slimebound:FirmFortitude","floor":33},{"not_picked":["Slimebound:LivingWall+1","Slimebound:GoopTackle+1","Slimebound:ComboTackle+1"],"picked":"Slimebound:SpikyOuterGoop+1","floor":36},{"not_picked":["Slimebound:Prepare+1","Slimebound:ComboTackle+1","Slimebound:FlameTackle+1"],"picked":"Slimebound:MegaLick+1","floor":37},{"not_picked":["Slimebound:Replication","Slimebound:LeadByExample","Slimebound:SplitBruiser"],"picked":"Slimebound:SlimeTap+1","floor":38},{"not_picked":["Slimebound:LeechEnergy","Slimebound:LeadByExample","Slimebound:ItLooksTasty+1"],"picked":"Slimebound:SplitMire","floor":40},{"not_picked":["Slimebound:Dissolve","Slimebound:GoopTackle","Slimebound:BestDefense+1"],"picked":"Slimebound:HauntingLick+1","floor":42},{"not_picked":["Slimebound:ViciousTackle+1","Slimebound:Chomp+1","Slimebound:Prepare"],"picked":"Slimebound:MassRepurpose","floor":43},{"not_picked":["Slimebound:Schlurp+1","Slimebound:FormOfPuddle+1","Slimebound:RollThrough"],"picked":"Slimebound:AcidTongue+1","floor":44},{"not_picked":["Slimebound:SlimeSpikes+1","Slimebound:RallyTheTroops","Slimebound:TongueLash+1"],"picked":"Slimebound:LevelUp+1","floor":45},{"not_picked":["Slimebound:BestDefense+1","Slimebound:SlimeSpikes+1","Slimebound:Replication+1"],"picked":"Slimebound:SplitBruiser","floor":46},{"not_picked":["Slimebound:PressTheAttack","Slimebound:ServeAndProtect","Slimebound:Schlurp"],"picked":"Slimebound:SlimeBarrage+1","floor":48},{"not_picked":["Slimebound:ItLooksTasty","Slimebound:GoopSpray+1","Slimebound:HauntingLick+1"],"picked":"Slimebound:Repurpose+1","floor":49}],"player_experience":225491,"relics_obtained":[{"floor":7.0,"key":"Thread and Needle"},{"floor":12.0,"key":"Anchor"},{"floor":20,"key":"testmod-IntensifyImprint"},{"floor":20,"key":"Quantum Egg"},{"floor":24,"key":"Question Card"},{"floor":28,"key":"Incense Burner"},{"floor":31,"key":"Bag of Marbles"},{"floor":35,"key":"Mercury Hourglass"},{"floor":41,"key":"Frozen Egg 2"},{"floor":42,"key":"Potion Belt"},{"floor":46,"key":"Golden Egg"}],"event_choices":[{"damage_healed":0.0,"max_hp_gain":0.0,"max_hp_loss":0.0,"gold_gain":400.0,"event_name":"恩洛斯的盘子","player_choice":"Sell","floor":14.0,"relics_lost":["testmod-TestBox"],"gold_loss":0.0,"damage_taken":0.0},{"cards_removed":["Slimebound:SplitLeeching"],"damage_healed":0,"gold_gain":0,"player_choice":"Removed Skill","damage_taken":0,"max_hp_gain":0,"max_hp_loss":0,"event_name":"Falling","floor":39,"gold_loss":0}],"is_beta":false,"boss_relics":[{"not_picked":["SlaversCollar","ReplayTheSpireMod:DimensionalGlitch"],"picked":"testmod-PortableAltar"},{"not_picked":[]},{"not_picked":["Ring of Chaos","Fusion Hammer"],"picked":"testmod-CardMagician"},{"not_picked":[]}],"items_purged_floors":[21,34,38,45],"is_endless":false,"potions_floor_spawned":[3,9,11,15,22,25,27,30,40,42,44,46],"ascension_level":0}}