{"host":"78zdngn0u28jm0pp","time":1611536584,"event":{"mods":["BaseMod","Jorbs\u0027s Wanderer Trilogy","Minty Spire (QoL Compilation)","Permanent Neow","Quick Restart","Relic Stats","StSLib","Unceasing Turn Reminder"],"gold_per_floor":[111,111,125,7,7,7,46,69,95,130,143,168,184,184,184,277,277,290,314,327,343,19,60,60,93,142,142,156,194,119,158,158,158,158],"floor_reached":33,"language":"ENG","playtime":1129,"items_purged":[],"score":770,"play_id":"6cf48101-2c29-4af6-bf3d-8742accde1c9","local_time":"20210124180304","is_ascension_mode":true,"campfire_choices":[{"data":"Neutralize","floor":6.0,"key":"SMITH"},{"data":"Predator","floor":15.0,"key":"SMITH"},{"floor":24.0,"key":"REST"},{"data":"Noxious Fumes","floor":27,"key":"SMITH"},{"floor":32,"key":"REST"}],"circlet_count":0,"master_deck":["AscendersBane","Strike_G","Strike_G","Strike_G","Defend_G","Defend_G","Defend_G","Defend_G","Defend_G","Survivor","Neutralize+1","Backstab+1","Quick Slash+1","Footwork","Blade Dance","Blade Dance","PiercingWail","Terror","Backflip","Predator+1","Adrenaline","Noxious Fumes+1","Calculated Gamble","Prepared+1","Slice","Deflect","Reflex+1","Wraith Form v2","Accuracy"],"relics":["Ring of the Snake","NeowsBlessing","Golden Idol","Bag of Marbles","Whetstone","Blue Candle","Vajra","Philosopher\u0027s Stone","PreservedInsect","Bronze Scales","MealTicket","Ancient Tea Set","Boot"],"acts_visited":["Exordium","TheCity"],"potions_floor_usage":[25,33],"damage_taken":[{"damage":0.0,"enemies":"Small Slimes","floor":1.0,"turns":1.0},{"damage":0.0,"enemies":"2 Louse","floor":3.0,"turns":1.0},{"damage":0.0,"enemies":"Lagavulin","floor":7.0,"turns":1.0},{"damage":0.0,"enemies":"Jaw Worm","floor":8.0,"turns":2.0},{"damage":8.0,"enemies":"Gremlin Nob","floor":10.0,"turns":3.0},{"damage":0.0,"enemies":"Large Slime","floor":11.0,"turns":4.0},{"damage":3.0,"enemies":"3 Louse","floor":13.0,"turns":2.0},{"damage":5.0,"enemies":"Hexaghost","floor":16.0,"turns":8.0},{"damage":2.0,"enemies":"Shell Parasite","floor":18.0,"turns":2.0},{"damage":18.0,"enemies":"Spheric Guardian","floor":19.0,"turns":5.0},{"damage":22.0,"enemies":"Shelled Parasite and Fungi","floor":20.0,"turns":5.0},{"damage":3.0,"enemies":"Centurion and Healer","floor":21.0,"turns":2.0},{"damage":0.0,"enemies":"Slavers","floor":23.0,"turns":4.0},{"damage":3,"enemies":"Book of Stabbing","floor":25,"turns":2},{"damage":10,"enemies":"Snecko","floor":28,"turns":5},{"damage":12,"enemies":"Gremlin Leader","floor":29,"turns":4},{"damage":2,"enemies":"Slavers","floor":31,"turns":3},{"damage":69,"enemies":"Collector","floor":33,"turns":6}],"seed_played":"2679759359169737950","potions_obtained":[{"floor":1.0,"key":"FairyPotion"},{"floor":7.0,"key":"GamblersBrew"},{"floor":10.0,"key":"PowerPotion"},{"floor":13.0,"key":"Regen Potion"},{"floor":20.0,"key":"DuplicationPotion"},{"floor":23.0,"key":"Strength Potion"},{"floor":31,"key":"Regen Potion"}],"is_trial":false,"path_per_floor":["M","?","M","$","?","R","E","M","T","E","M","T","M","?","R","B",null,"M","M","M","M","$","E","R","E","T","R","M","E","?","E","R","B"],"character_chosen":"THE_SILENT","items_purchased":["Quick Slash","Footwork","PreservedInsect","PowerPotion","Strength Potion","Slice"],"campfire_rested":2,"item_purchase_floors":[4,4,22,22,22,22],"current_hp_per_floor":[59,59,59,59,64,64,64,64,64,56,56,56,53,53,53,48,61,59,50,28,25,25,25,44,41,41,41,31,19,19,17,36,0,0],"gold":158,"neow_bonus":"THREE_ENEMY_KILL","is_daily":false,"chose_seed":false,"campfire_upgraded":3,"win_rate":0.0,"timestamp":1611536584,"path_taken":["M","?","M","$","?","R","E","M","T","E","M","?","M","?","R","BOSS","M","M","M","M","$","E","R","E","T","R","M","E","?","E","R","BOSS"],"items_purchased_type":["Card","Card","Relic","Potion","Potion","Card"],"build_version":"2020-12-22","purchased_purges":0,"victory":false,"max_hp_per_floor":[66,60,60,60,65,65,65,65,65,65,65,65,65,65,65,65,65,65,65,65,65,65,65,65,65,65,65,65,65,65,65,65,65,65],"relic_stats":{"counters":[18,60],"Golden Idol":96,"Blue Candle":[0],"Bronze Scales":[45],"MealTicket":0,"PreservedInsect":172,"Whetstone":["Quick Slash","Backstab"],"Boot":[0],"obtain_stats":[{"NeowsBlessing":0,"Golden Idol":2,"Blue Candle":10,"Vajra":12,"PreservedInsect":22,"Whetstone":9,"Ancient Tea Set":29,"Boot":31,"Bronze Scales":23,"Philosopher\u0027s Stone":17,"MealTicket":25,"Bag of Marbles":7,"Ring of the Snake":0},{"NeowsBlessing":0,"Golden Idol":1,"Blue Candle":5,"Vajra":6,"PreservedInsect":12,"Whetstone":4,"Ancient Tea Set":16,"Boot":17,"Bronze Scales":13,"Philosopher\u0027s Stone":8,"MealTicket":14,"Bag of Marbles":3,"Ring of the Snake":0},{"NeowsBlessing":0,"Golden Idol":1,"Blue Candle":8,"Vajra":12,"PreservedInsect":36,"Whetstone":5,"Ancient Tea Set":51,"Boot":54,"Bronze Scales":40,"Philosopher\u0027s Stone":22,"MealTicket":42,"Bag of Marbles":3,"Ring of the Snake":0}],"Ring of the Snake":[36]},"card_choices":[{"not_picked":["Distraction","Deflect","Prepared"],"picked":"SKIP","floor":1.0},{"not_picked":["Eviscerate","Endless Agony"],"picked":"Backstab","floor":3.0},{"not_picked":["Prepared","Poisoned Stab"],"picked":"Blade Dance","floor":7.0},{"not_picked":["Underhanded Strike","Flechettes"],"picked":"Blade Dance","floor":8.0},{"not_picked":["Deadly Poison","Bane"],"picked":"PiercingWail","floor":10.0},{"not_picked":["Flying Knee","Blur"],"picked":"Terror","floor":11.0},{"not_picked":["Bane","Infinite Blades"],"picked":"Backflip","floor":13.0},{"not_picked":["Burst","Grand Finale"],"picked":"Adrenaline","floor":16.0},{"not_picked":["Bane","Flying Knee"],"picked":"Noxious Fumes","floor":18.0},{"not_picked":["Noxious Fumes","Infinite Blades"],"picked":"Calculated Gamble","floor":19.0},{"not_picked":["Tactician","Backflip","Flying Knee"],"picked":"SKIP","floor":20.0},{"not_picked":["Masterful Stab","Deadly Poison"],"picked":"Prepared+1","floor":21.0},{"not_picked":["Catalyst","Sucker Punch","Riddle With Holes"],"picked":"SKIP","floor":23.0},{"not_picked":["Backflip","Outmaneuver"],"picked":"Deflect","floor":25},{"not_picked":["Storm of Steel","Bane"],"picked":"Reflex+1","floor":28},{"not_picked":["Dagger Throw","Caltrops"],"picked":"Wraith Form v2","floor":29},{"not_picked":["Deflect","Dagger Throw"],"picked":"Accuracy","floor":31}],"player_experience":798712,"relics_obtained":[{"floor":7.0,"key":"Bag of Marbles"},{"floor":9.0,"key":"Whetstone"},{"floor":10.0,"key":"Blue Candle"},{"floor":12.0,"key":"Vajra"},{"floor":23.0,"key":"Bronze Scales"},{"floor":25,"key":"MealTicket"},{"floor":29,"key":"Ancient Tea Set"},{"floor":31,"key":"Boot"}],"event_choices":[{"damage_healed":0.0,"max_hp_gain":0.0,"max_hp_loss":6.0,"gold_gain":0.0,"event_name":"Golden Idol","player_choice":"Lose Max HP","floor":2.0,"gold_loss":0.0,"damage_taken":0.0,"relics_obtained":["Golden Idol"]},{"damage_healed":0.0,"max_hp_gain":5.0,"max_hp_loss":0.0,"gold_gain":0.0,"event_name":"Big Fish","player_choice":"Donut","floor":5.0,"gold_loss":0.0,"damage_taken":0.0},{"damage_healed":0.0,"max_hp_gain":0.0,"max_hp_loss":0.0,"gold_gain":0.0,"cards_transformed":["Strike_G"],"event_name":"Living Wall","player_choice":"Change","floor":14.0,"gold_loss":0.0,"damage_taken":0.0,"cards_obtained":["Predator"]},{"cards_removed":["Strike_G"],"damage_healed":0,"gold_gain":0,"player_choice":"Gave Gold","damage_taken":0,"max_hp_gain":0,"max_hp_loss":0,"event_name":"Beggar","floor":30,"gold_loss":75}],"is_beta":false,"boss_relics":[{"not_picked":["Tiny House","Sozu"],"picked":"Philosopher\u0027s Stone"}],"items_purged_floors":[],"is_endless":false,"potions_floor_spawned":[1,7,10,13,20,23,31],"killed_by":"Collector","ascension_level":20}}