{"host":"22s5scuj7mu87reg","time":1611613748,"event":{"mods":["BaseMod","Better Third Choice","CapriCore","Colored Powertips","Dota2Spire","Downfall","Duelist Mod","GungeonMod","Halation","Hubris","Infinite Spire","Koishi","KomeijiMod","Minty Spire (QoL Compilation)","Quick Restart","Replay The Spire","Shop Mod","StSLib","SuperFastMode","The Jungle","The Mystic","The Necromancer","Wandering Minibosses"],"gold_per_floor":[115,115,115,115,115,147,147,165,165,165,184,184,74,87,87,192,192,164,182,34,34,34,34,47,47,47,77,77,77,24,24,24,119,119,137,74,94,110,160,160,177,201,201,221,238,238,238,261,261,279,279],"floor_reached":50,"language":"POL","playtime":2201,"items_purged":["Strike_W","Strike_W"],"score":683,"play_id":"b3eb05a2-e777-43d2-a0ac-72ecb6038838","local_time":"20210125232908","is_ascension_mode":false,"campfire_choices":[{"data":"Negative_Energy_Mist","floor":12.0,"key":"SMITH"},{"data":"Negative_Energy_Sphere","floor":15.0,"key":"SMITH"},{"data":"Replay:Fractal Strike","floor":23.0,"key":"SMITH"},{"data":"Negative_Energy_Bomb","floor":29.0,"key":"SMITH"},{"floor":32.0,"key":"REST"},{"data":"Negative_Energy_Shield","floor":40.0,"key":"SMITH"},{"floor":46.0,"key":"REST"},{"data":"Summon_Lich","floor":49.0,"key":"SMITH"}],"circlet_count":0,"master_deck":["Strike_W","Defend_W+1","Defend_W+1","Defend_W","Defend_W","Negative_Energy_Arrows","Bone_Wall","Exploit","Life_Drain","Regret","Negative_Energy_Burst","Negative_Energy_Bomb+1","Stop_Heart+1","Negative_Energy_Mist+1","Toxic_Smoke_Screen","Summon_Lich+1","Negative_Energy_Sphere+1","Grasp_Heart","Negative_Energy_Shield+1","Replay:Fractal Strike+1","Negative_Energy_Shield","Grasp_Heart","Negative_Energy_Shield","Skeleton_Dragon","Bone_Shift+1","Chill_Blood+1","Slay_Living+1","Negative_Energy_Javelin+1","Life_Drain+1","Replay:Fractal Strike+1","Negative_Energy_Sphere"],"relics":["Vampire_Amulet","NeowsBlessing","Gremlin Food","Iron Hammer","halation:KoshaPiece","Dota2Spire:ArmletOfMordiggian","halation:Prosthetics","Lee\u0027s Waffle","halation:PinkSoulGem","infinitespire:Satchel","DemoMod:ChaffGrenade","infinitespire:Satchel","Replay:Bronze Core","Dota2Spire:MagicBottle","Dota2Spire:Butterfly","hubris:SlimyHat","infinitespire:Midas Blood"],"acts_visited":["Exordium","TheCity","TheBeyond"],"potions_floor_usage":[50],"damage_taken":[{"damage":0.0,"enemies":"Small Slimes","floor":1.0,"turns":1.0},{"damage":0.0,"enemies":"3 Sentries","floor":6.0,"turns":1.0},{"damage":0.0,"enemies":"Jaw Worm","floor":8.0,"turns":1.0},{"damage":0.0,"enemies":"2 Louse","floor":11.0,"turns":1.0},{"damage":22.0,"enemies":"2 Fungi Beasts","floor":14.0,"turns":5.0},{"damage":34.0,"enemies":"Hexaghost","floor":16.0,"turns":9.0},{"damage":25.0,"enemies":"2 Thieves","floor":18.0,"turns":5.0},{"damage":28.0,"enemies":"Spheric Guardian","floor":19.0,"turns":7.0},{"damage":15.0,"enemies":"Snecko","floor":24.0,"turns":4.0},{"damage":23.0,"enemies":"Gremlin Leader","floor":27.0,"turns":6.0},{"damage":37.0,"enemies":"Pondfish","floor":33.0,"turns":10.0},{"damage":19.0,"enemies":"3 Darklings","floor":35.0,"turns":5.0},{"damage":4.0,"enemies":"Orb Walker","floor":37.0,"turns":3.0},{"damage":50.0,"enemies":"Jaw Worm Horde","floor":38.0,"turns":5.0},{"damage":13.0,"enemies":"Mind Bloom Boss Battle","floor":39.0,"turns":7.0},{"damage":9.0,"enemies":"Maw","floor":41.0,"turns":8.0},{"damage":26.0,"enemies":"3 Darklings","floor":44.0,"turns":5.0},{"damage":4.0,"enemies":"Spire Growth","floor":45.0,"turns":4.0},{"damage":8.0,"enemies":"Sphere and 2 Shapes","floor":48.0,"turns":6.0},{"damage":55,"enemies":"Awakened One","floor":50,"turns":5}],"seed_played":"6461544176406339835","potions_obtained":[{"floor":10.0,"key":"LifebloodPotion"},{"floor":10.0,"key":"FairyPotion"},{"floor":10.0,"key":"Dexterity Potion"},{"floor":11.0,"key":"Dota2Spire:Clarity"},{"floor":41.0,"key":"Guardian:BlockOnCardUsePotion"}],"is_trial":false,"path_per_floor":["M","?","?","?","?","E","?","M","T","?","M","R","$","M","R","B",null,"M","M","$","?","?","R","M","AVR","T","E","?","R","$","?","R","B",null,"M","?","M","M","?","R","M","T","T","M","M","R","?","M","R","B"],"character_chosen":"NECROMANCER","items_purchased":["Summon_Lich","Lee\u0027s Waffle","Negative_Energy_Shield"],"campfire_rested":2,"item_purchase_floors":[13,20,30],"current_hp_per_floor":[75,75,63,63,63,75,75,75,75,75,75,75,75,61,61,39,40,23,3,47,36,36,36,29,29,29,26,26,26,26,26,40,17,47,36,36,42,33,30,30,31,31,31,13,13,27,27,39,39,0,0],"gold":279,"neow_bonus":"THREE_ENEMY_KILL","is_daily":false,"chose_seed":false,"campfire_upgraded":6,"win_rate":0.0,"timestamp":1611613748,"path_taken":["M","?","?","?","?","E","?","?","T","?","M","R","$","M","R","BOSS","M","?","$","?","?","R","M","AVR","T","E","?","R","?","?","R","BOSS","M","?","?","M","?","R","M","?","T","M","M","R","?","?","R","BOSS"],"items_purchased_type":["Card","Relic","Card"],"build_version":"2020-12-13","purchased_purges":2,"victory":false,"max_hp_per_floor":[75,75,75,75,75,75,75,75,75,75,75,75,75,75,75,75,40,40,40,47,47,47,47,47,47,47,47,47,47,47,47,47,47,47,47,47,47,47,47,47,47,47,47,47,47,47,47,47,47,47,47],"card_choices":[{"not_picked":["Consume_Illness","Shackles_Of_Pain"],"picked":"Exploit","floor":1.0},{"not_picked":["Skeleton_Dragon","Negative_Energy_Shield"],"picked":"Negative_Energy_Burst","floor":6.0},{"not_picked":["Shackles_Of_Pain","Blood_Whip"],"picked":"Negative_Energy_Mist","floor":8.0},{"not_picked":["Blood_Whip","Spectral_Walk"],"picked":"Toxic_Smoke_Screen","floor":11.0},{"not_picked":["Death_Coil","Requiem"],"picked":"Negative_Energy_Sphere","floor":14.0},{"not_picked":["Skeleton_Dragon","Detonate_Bones"],"picked":"Grasp_Heart","floor":16.0},{"not_picked":["Bone_Shift","Chill_Blood"],"picked":"Negative_Energy_Shield","floor":18.0},{"not_picked":["Scare","Spectral_Walk","Strike_from_Beyond"],"picked":"SKIP","floor":19.0},{"not_picked":["ReplayTheSpireMod:Haul","infinitespire:FinalStrike"],"picked":"Replay:Fractal Strike","floor":21.0},{"not_picked":["Bone_Shift","Scare"],"picked":"Negative_Energy_Shield","floor":24.0},{"not_picked":["Finger_Of_Death+1","Bone_Armor"],"picked":"Grasp_Heart","floor":27.0},{"not_picked":["Blood_Magic","Hellfire"],"picked":"Skeleton_Dragon","floor":33.0},{"not_picked":["Toxic_Smoke_Screen+1","Blood_Whip+1"],"picked":"Bone_Shift+1","floor":35.0},{"not_picked":["Death_Coil","Bones_to_Steel"],"picked":"Chill_Blood+1","floor":37.0},{"not_picked":["Scare","Deaths_Shadow"],"picked":"Slay_Living+1","floor":38.0},{"not_picked":["Bone_Bullets","Cloudkill"],"picked":"Negative_Energy_Javelin+1","floor":39.0},{"not_picked":["Deaths_Shadow+1","Necrotic_Claws","Pandemic+1"],"picked":"SKIP","floor":41.0},{"not_picked":["Toxic_Smoke_Screen","Bone_Bullets+1","Death_Coil+1"],"picked":"SKIP","floor":44.0},{"not_picked":["Negative_Energy_Sphere+1","Bone_Shift+1"],"picked":"Life_Drain+1","floor":45.0},{"not_picked":["Bone_Shift","Shackles_Of_Pain"],"picked":"Negative_Energy_Sphere","floor":48.0}],"player_experience":179534,"relics_obtained":[{"floor":6.0,"key":"halation:KoshaPiece"},{"floor":9.0,"key":"Dota2Spire:ArmletOfMordiggian"},{"floor":26.0,"key":"DemoMod:ChaffGrenade"},{"floor":27.0,"key":"infinitespire:Satchel"},{"floor":39.0,"key":"Dota2Spire:Butterfly"},{"floor":42.0,"key":"hubris:SlimyHat"},{"floor":43.0,"key":"infinitespire:Midas Blood"}],"event_choices":[{"damage_healed":0.0,"max_hp_gain":0.0,"max_hp_loss":0.0,"gold_gain":0.0,"event_name":"betterThird:BetterScrap","player_choice":"Relic ","floor":3.0,"gold_loss":0.0,"damage_taken":12.0,"cards_obtained":["Terror"]},{"damage_healed":0.0,"max_hp_gain":0.0,"max_hp_loss":0.0,"gold_gain":0.0,"cards_transformed":["Strike_W"],"event_name":"Living Wall","player_choice":"Change","floor":4.0,"gold_loss":0.0,"damage_taken":0.0,"cards_obtained":["Life_Drain"]},{"damage_healed":0.0,"max_hp_gain":0.0,"max_hp_loss":0.0,"gold_gain":0.0,"event_name":"Big Fish","player_choice":"Box","floor":5.0,"gold_loss":0.0,"damage_taken":0.0,"relics_obtained":["Iron Hammer"],"cards_obtained":["Regret"]},{"damage_healed":0.0,"max_hp_gain":0.0,"max_hp_loss":0.0,"gold_gain":0.0,"event_name":"Match and Keep!","player_choice":"2 cards matched","floor":7.0,"gold_loss":0.0,"damage_taken":0.0,"cards_obtained":["Negative_Energy_Bomb","Stop_Heart"]},{"damage_healed":0.0,"max_hp_gain":0.0,"max_hp_loss":0.0,"gold_gain":0.0,"event_name":"Lab","player_choice":"Got Potions","floor":10.0,"gold_loss":0.0,"damage_taken":0.0},{"damage_healed":0.0,"max_hp_gain":0.0,"max_hp_loss":0.0,"gold_gain":0.0,"event_name":"Cursed Tome","player_choice":"Ignored","floor":31.0,"gold_loss":0.0,"damage_taken":0.0},{"damage_healed":0.0,"max_hp_gain":0.0,"max_hp_loss":0.0,"gold_gain":0.0,"event_name":"WeMeetAgain","player_choice":"Paid Gold","floor":36.0,"gold_loss":63.0,"damage_taken":0.0,"relics_obtained":["Dota2Spire:MagicBottle"]},{"damage_healed":0.0,"max_hp_gain":0.0,"max_hp_loss":0.0,"gold_gain":0.0,"event_name":"MindBloom","player_choice":"Fight","floor":39.0,"gold_loss":0.0,"damage_taken":0.0},{"damage_healed":0.0,"max_hp_gain":0.0,"max_hp_loss":0.0,"gold_gain":0.0,"event_name":"Duplicator","player_choice":"Copied","floor":47.0,"gold_loss":0.0,"damage_taken":0.0,"cards_obtained":["Replay:Fractal Strike"]}],"is_beta":false,"boss_relics":[{"not_picked":["halation:PlatinumPhoenix","Tiny House"],"picked":"halation:Prosthetics"},{"not_picked":["ReplayTheSpireMod:SealedPack","Dota2Spire:RefresherOrb"],"picked":"Replay:Bronze Core"}],"items_purged_floors":[13,25],"is_endless":false,"potions_floor_spawned":[11,14,18,27,37,41,44,45,48],"killed_by":"Awakened One","ascension_level":0}}