{"host":"c6u7e77myxvw4d0m","time":1611608846,"event":{"mods":["AchievementEnabler","BaseMod","Bestiary","Colored Map","Colored Powertips","Minty Spire (QoL Compilation)","Rare Cards Sparkle","Relic Stats","everything is the same but u backflip on backflip"],"gold_per_floor":[215,232,250,15,15,44,58,58,58,84,101,101,126,146,146,146,146],"floor_reached":16,"language":"ENG","playtime":3176,"items_purged":[],"score":214,"play_id":"aa0764c3-f54f-4bca-aba4-bddffd71d582","local_time":"20210125230726","is_ascension_mode":true,"campfire_choices":[{"floor":12,"key":"REST"},{"data":"Fire Breathing","floor":15,"key":"SMITH"}],"circlet_count":0,"master_deck":["AscendersBane","Strike_R","Strike_R","Strike_R","Strike_R","Strike_R+1","Defend_R","Defend_R","Defend_R","Defend_R+1","Bash","Wild Strike","Headbutt","Uppercut","Fire Breathing","Feed","Pommel Strike","Whirlwind","Inflame","Fire Breathing+1","Immolate","Sever Soul+1"],"relics":["Burning Blood","Orrery","Singing Bowl","Eternal Feather","Shuriken","Molten Egg 2"],"acts_visited":["Exordium"],"potions_floor_usage":[6,11,13,14,16,16],"damage_taken":[{"damage":10,"enemies":"Jaw Worm","floor":1,"turns":6},{"damage":8,"enemies":"Small Slimes","floor":2,"turns":3},{"damage":4,"enemies":"2 Louse","floor":3,"turns":3},{"damage":30,"enemies":"3 Sentries","floor":6,"turns":5},{"damage":9,"enemies":"Looter","floor":7,"turns":3},{"damage":25,"enemies":"Lagavulin","floor":10,"turns":7},{"damage":1,"enemies":"Exordium Thugs","floor":11,"turns":3},{"damage":16,"enemies":"Gremlin Nob","floor":13,"turns":3},{"damage":10,"enemies":"Red Slaver","floor":14,"turns":3},{"damage":72,"enemies":"The Guardian","floor":16,"turns":11}],"seed_played":"561939634356487821","potions_obtained":[{"floor":2,"key":"Fruit Juice"},{"floor":10,"key":"FearPotion"},{"floor":11,"key":"BlessingOfTheForge"},{"floor":13,"key":"SkillPotion"},{"floor":14,"key":"FearPotion"}],"is_trial":false,"path_per_floor":["M","M","M","$","?","E","M","?","T","E","M","R","E","M","R","B"],"character_chosen":"IRONCLAD","items_purchased":["Fire Breathing","Orrery","Fire Potion"],"campfire_rested":1,"item_purchase_floors":[4,4,4],"current_hp_per_floor":[68,66,68,68,52,38,35,35,35,16,26,66,58,54,66,0,0],"gold":146,"neow_bonus":"HUNDRED_GOLD","is_daily":false,"chose_seed":false,"campfire_upgraded":1,"win_rate":0.0,"timestamp":1611608846,"path_taken":["M","M","M","$","?","E","M","?","T","E","M","R","E","M","R","BOSS"],"items_purchased_type":["Card","Relic","Potion"],"build_version":"2020-12-22","purchased_purges":0,"victory":false,"max_hp_per_floor":[80,80,80,80,80,90,90,90,90,90,95,95,97,97,97,97,97],"relic_stats":{"Singing Bowl":6,"counters":[10,47],"Shuriken":[3],"Eternal Feather":24,"obtain_stats":[{"Singing Bowl":6,"Shuriken":10,"Orrery":4,"Eternal Feather":9,"Molten Egg 2":13,"Burning Blood":0},{"Singing Bowl":4,"Shuriken":6,"Orrery":3,"Eternal Feather":5,"Molten Egg 2":8,"Burning Blood":0},{"Singing Bowl":17,"Shuriken":27,"Orrery":12,"Eternal Feather":20,"Molten Egg 2":33,"Burning Blood":0}],"Burning Blood":54},"card_choices":[{"not_picked":["Thunderclap","True Grit"],"picked":"Wild Strike","floor":1},{"not_picked":["Disarm","Power Through"],"picked":"Headbutt","floor":2},{"not_picked":["Heavy Blade","Sword Boomerang"],"picked":"Uppercut","floor":3},{"not_picked":["Ghostly Armor","Perfected Strike"],"picked":"Feed","floor":4},{"not_picked":["Twin Strike","Sever Soul"],"picked":"Pommel Strike","floor":4},{"not_picked":["Havoc","Fire Breathing"],"picked":"Whirlwind","floor":4},{"not_picked":["Warcry","Sentinel"],"picked":"Inflame","floor":4},{"not_picked":["Pommel Strike","Twin Strike","Intimidate"],"picked":"Singing Bowl","floor":6},{"not_picked":["Searing Blow","True Grit"],"picked":"Fire Breathing","floor":7},{"not_picked":["Body Slam","Perfected Strike"],"picked":"Immolate","floor":10},{"not_picked":["Cleave","Whirlwind","Sword Boomerang"],"picked":"Singing Bowl","floor":11},{"not_picked":["Armaments","Sword Boomerang+1","Headbutt+1"],"picked":"Singing Bowl","floor":13},{"not_picked":["Anger+1","Havoc"],"picked":"Sever Soul+1","floor":14}],"player_experience":495740,"relics_obtained":[{"floor":6,"key":"Singing Bowl"},{"floor":9,"key":"Eternal Feather"},{"floor":10,"key":"Shuriken"},{"floor":13,"key":"Molten Egg 2"}],"event_choices":[{"damage_healed":0,"gold_gain":0,"player_choice":"Entered Light","damage_taken":16,"max_hp_gain":0,"max_hp_loss":0,"event_name":"Shining Light","floor":5,"gold_loss":0,"cards_upgraded":["Defend_R","Strike_R"]},{"damage_healed":0,"gold_gain":0,"player_choice":"Ignored","damage_taken":0,"max_hp_gain":0,"max_hp_loss":0,"event_name":"Liars Game","floor":8,"gold_loss":0}],"is_beta":false,"boss_relics":[],"items_purged_floors":[],"is_endless":false,"potions_floor_spawned":[2,10,11,13,14],"killed_by":"The Guardian","ascension_level":11}}