{"host":"c2vrdknshfutmcsq","time":1611578632,"event":{"mods":["BaseMod","Minty Spire (QoL Compilation)"],"gold_per_floor":[113,113,127,147,171,171,202,217,217,243,243,258,10,29,29,108,108,118,118,208,225,238,238,15,42,42,42,42],"floor_reached":27,"language":"ENG","playtime":1151,"items_purged":["Strike_B"],"score":487,"play_id":"1ef649fd-784c-4901-895b-346f7010a072","local_time":"20210125134352","is_ascension_mode":true,"campfire_choices":[{"data":"Zap","floor":6.0,"key":"SMITH"},{"floor":11.0,"key":"REST"},{"floor":15.0,"key":"REST"},{"floor":23,"key":"REST"}],"circlet_count":0,"master_deck":["AscendersBane","Defend_B","Defend_B","Defend_B","Defend_B","Zap+1","Dualcast+1","Go for the Eyes","Compile Driver","Beam Cell","Gash","Fission","Ball Lightning","Cold Snap","Genetic Algorithm","Ball Lightning","FTL","Core Surge","Rip and Tear","Bite","Bite","Bite","Bite","Bite","Streamline","Defragment","Beam Cell","Stack","Static Discharge"],"relics":["Cracked Core","NeowsBlessing","Tiny Chest","Happy Flower","Dream Catcher","Akabeko","Bag of Marbles","Sozu","Lantern","Kunai","Eternal Feather"],"acts_visited":["Exordium","TheCity"],"potions_floor_usage":[27],"damage_taken":[{"damage":0.0,"enemies":"2 Louse","floor":1.0,"turns":1.0},{"damage":0.0,"enemies":"Jaw Worm","floor":3.0,"turns":1.0},{"damage":0.0,"enemies":"Cultist","floor":4.0,"turns":1.0},{"damage":20.0,"enemies":"Lagavulin","floor":7.0,"turns":7.0},{"damage":4.0,"enemies":"Exordium Thugs","floor":8.0,"turns":3.0},{"damage":35.0,"enemies":"Gremlin Nob","floor":10.0,"turns":4.0},{"damage":0.0,"enemies":"Looter","floor":12.0,"turns":1.0},{"damage":0.0,"enemies":"Lots of Slimes","floor":14.0,"turns":1.0},{"damage":35,"enemies":"Slime Boss","floor":16,"turns":9},{"damage":4,"enemies":"2 Thieves","floor":18,"turns":2},{"damage":1,"enemies":"Spheric Guardian","floor":21,"turns":3},{"damage":18,"enemies":"Cultist and Chosen","floor":22,"turns":5},{"damage":33,"enemies":"Book of Stabbing","floor":25,"turns":4},{"damage":24,"enemies":"Slavers","floor":27,"turns":1}],"seed_played":"4443773363592617937","potions_obtained":[{"floor":7.0,"key":"Explosive Potion"},{"floor":8.0,"key":"Energy Potion"},{"floor":10.0,"key":"DuplicationPotion"},{"floor":12.0,"key":"LiquidBronze"},{"floor":16,"key":"Strength Potion"}],"is_trial":false,"path_per_floor":["M","?","M","M","T","R","E","M","T","E","R","M","$","M","R","B",null,"M","?","?","M","M","R","$","E","T","E"],"character_chosen":"DEFECT","items_purchased":["Bag of Marbles","Stack","Lantern"],"campfire_rested":3,"item_purchase_floors":[13,24,24],"current_hp_per_floor":[64,64,64,64,64,64,44,40,40,5,26,26,26,26,47,12,56,52,49,37,42,34,48,48,21,21,0,0],"gold":42,"neow_bonus":"THREE_ENEMY_KILL","is_daily":false,"chose_seed":false,"campfire_upgraded":1,"win_rate":0.0,"timestamp":1611578632,"path_taken":["M","?","M","M","?","R","E","M","T","E","R","M","$","M","R","BOSS","M","?","?","M","?","R","$","E","T","E"],"items_purchased_type":["Relic","Card","Relic"],"build_version":"2020-12-22","purchased_purges":1,"victory":false,"max_hp_per_floor":[71,71,71,71,71,71,71,71,71,71,71,71,71,71,71,71,71,71,49,49,49,49,49,49,49,49,49,49],"card_choices":[{"not_picked":["Rebound","Consume"],"picked":"Go for the Eyes","floor":1.0},{"not_picked":["Rebound","Sweeping Beam"],"picked":"Compile Driver","floor":3.0},{"not_picked":["Compile Driver","Hello World"],"picked":"Beam Cell","floor":4.0},{"not_picked":["Storm","Streamline"],"picked":"Gash","floor":7.0},{"not_picked":["Steam","Go for the Eyes"],"picked":"Fission","floor":8.0},{"not_picked":["Coolheaded","Cold Snap"],"picked":"Ball Lightning","floor":10.0},{"not_picked":["Hyperbeam","Hello World"],"picked":"Cold Snap","floor":11.0},{"not_picked":["Ball Lightning","Fusion"],"picked":"Genetic Algorithm","floor":12.0},{"not_picked":["Gash","Rebound"],"picked":"Ball Lightning","floor":14.0},{"not_picked":["Turbo","Double Energy"],"picked":"FTL","floor":15.0},{"not_picked":["Hyperbeam","Seek"],"picked":"Core Surge","floor":16},{"not_picked":["Aggregate","Hologram"],"picked":"Rip and Tear","floor":18},{"not_picked":["Static Discharge","Blizzard"],"picked":"Streamline","floor":21},{"not_picked":["Double Energy","Self Repair"],"picked":"Defragment","floor":22},{"not_picked":["Loop","Consume"],"picked":"Beam Cell","floor":23},{"not_picked":["Compile Driver","Self Repair"],"picked":"Static Discharge","floor":25}],"player_experience":1299266,"relics_obtained":[{"floor":5.0,"key":"Tiny Chest"},{"floor":7.0,"key":"Happy Flower"},{"floor":9.0,"key":"Dream Catcher"},{"floor":10.0,"key":"Akabeko"},{"floor":25,"key":"Kunai"},{"floor":26,"key":"Eternal Feather"}],"event_choices":[{"damage_healed":0.0,"max_hp_gain":0.0,"max_hp_loss":0.0,"gold_gain":0.0,"event_name":"Living Wall","player_choice":"Grow","floor":2.0,"gold_loss":0.0,"damage_taken":0.0,"cards_upgraded":["Dualcast"]},{"damage_healed":0,"gold_gain":0,"player_choice":"Became a vampire","damage_taken":0,"max_hp_gain":0,"max_hp_loss":22,"event_name":"Vampires","floor":19,"gold_loss":0,"cards_obtained":["Bite","Bite","Bite","Bite","Bite"]},{"damage_healed":0,"gold_gain":90,"player_choice":"GOLD ","damage_taken":12,"max_hp_gain":0,"max_hp_loss":0,"event_name":"Knowing Skull","floor":20,"potions_obtained":[],"gold_loss":0,"cards_obtained":[]}],"is_beta":false,"boss_relics":[{"not_picked":["Snecko Eye","Ectoplasm"],"picked":"Sozu"}],"items_purged_floors":[13],"is_endless":false,"potions_floor_spawned":[7,8,10,12,16,21,25],"killed_by":"Slavers","ascension_level":18}}