{"host":"15dd7v8o90xso62x","time":1611617907,"event":{"mods":["BaseMod","Minty Spire (QoL Compilation)","Quick Restart","StSLib","SuperFastMode"],"gold_per_floor":[115,127,127,146,162,162,197,197,221,240,240,254,254,288,288,288,288],"floor_reached":16,"language":"KOR","playtime":717,"items_purged":[],"score":224,"play_id":"222db628-bcd5-4933-97f6-3ceac0272ec4","local_time":"20210126083827","is_ascension_mode":true,"campfire_choices":[{"data":"Zap","floor":6,"key":"SMITH"},{"floor":8,"key":"REST"},{"data":"Recycle","floor":11,"key":"SMITH"},{"data":"Chill","floor":13,"key":"SMITH"},{"data":"Coolheaded","floor":15,"key":"SMITH"}],"circlet_count":0,"master_deck":["AscendersBane","Strike_B+1","Strike_B+1","Defend_B","Defend_B","Defend_B","Zap+1","Dualcast","Chill+1","Recycle+1","Melter","Turbo","Hyperbeam","Ball Lightning","Coolheaded+1"],"relics":["Cracked Core","Whetstone","Anchor","Akabeko"],"acts_visited":["Exordium"],"potions_floor_usage":[5,5,5,7,14],"damage_taken":[{"damage":7,"enemies":"Small Slimes","floor":1,"turns":4},{"damage":0,"enemies":"Cultist","floor":2,"turns":3},{"damage":0,"enemies":"2 Louse","floor":4,"turns":3},{"damage":5,"enemies":"Gremlin Gang","floor":5,"turns":6},{"damage":33,"enemies":"Lagavulin","floor":7,"turns":7},{"damage":7,"enemies":"Large Slime","floor":10,"turns":7},{"damage":0,"enemies":"Blue Slaver","floor":12,"turns":2},{"damage":1,"enemies":"3 Sentries","floor":14,"turns":3},{"damage":8,"enemies":"Hexaghost","floor":16,"turns":9}],"seed_played":"-8672524084499233664","potions_obtained":[{"floor":1,"key":"EntropicBrew"},{"floor":2,"key":"ColorlessPotion"},{"floor":10,"key":"DuplicationPotion"},{"floor":14,"key":"SteroidPotion"}],"is_trial":false,"path_per_floor":["M","M","?","M","M","R","E","R","T","M","R","M","R","E","R","B"],"character_chosen":"DEFECT","items_purchased":[],"campfire_rested":1,"item_purchase_floors":[],"current_hp_per_floor":[39,39,39,39,34,34,1,22,22,15,15,15,15,14,14,6,6],"gold":288,"neow_bonus":"REMOVE_TWO","is_daily":false,"chose_seed":false,"campfire_upgraded":4,"win_rate":0.0,"timestamp":1611617907,"path_taken":["M","M","?","M","M","R","E","R","T","M","R","M","R","E","R","BOSS"],"items_purchased_type":[],"build_version":"2020-12-22","purchased_purges":0,"victory":false,"max_hp_per_floor":[71,71,71,71,71,71,71,71,71,71,71,71,71,71,71,71,71],"card_choices":[{"not_picked":["Sunder","Ball Lightning"],"picked":"Chill","floor":1},{"not_picked":["Sunder","Gash"],"picked":"Recycle","floor":2},{"not_picked":["Reinforced Body","Rebound"],"picked":"Turbo","floor":4},{"not_picked":["Redo","Beam Cell","Rip and Tear"],"picked":"SKIP","floor":5},{"not_picked":["Turbo","Redo","Beam Cell"],"picked":"SKIP","floor":7},{"not_picked":["Heatsinks","Cold Snap"],"picked":"Hyperbeam","floor":10},{"not_picked":["Coolheaded","Gash"],"picked":"Ball Lightning","floor":12},{"not_picked":["Chill","Fusion"],"picked":"Coolheaded","floor":14}],"player_experience":885100,"relics_obtained":[{"floor":7,"key":"Whetstone"},{"floor":9,"key":"Anchor"},{"floor":14,"key":"Akabeko"}],"event_choices":[{"damage_healed":0,"gold_gain":0,"cards_transformed":["Strike_B"],"player_choice":"Change","damage_taken":0,"max_hp_gain":0,"max_hp_loss":0,"event_name":"Living Wall","floor":3,"gold_loss":0,"cards_obtained":["Melter"]}],"is_beta":false,"boss_relics":[],"items_purged_floors":[],"is_endless":false,"potions_floor_spawned":[1,2,4,10,14],"killed_by":"Hexaghost","ascension_level":20}}