{"host":"b5mzvg96njlg7ry9","time":1611590635,"event":{"mods":["AlwaysNeverKeys","BaseMod","Colored Map","Colored Powertips","Downfall","Highlight Path","Minty Spire (QoL Compilation)","Quick Restart","Relic Sorter","StSLib","SuperFastMode","everything is the same but u backflip on backflip"],"gold_per_floor":[200,216,227,227,227,12,86,114,114,114,114,99,130,150,168,272,272,272,272,285,385,127,144,144,141,156,156,156,156,156,165,183,296,296,296,311,136,188,188,203,251,292,292,327,327,327,344,11,24,24,24,57,107,107,107,107],"floor_reached":57,"language":"ENG","playtime":2122,"items_purged":["bronze:Strike","bronze:Strike","bronze:Strike","bronze:Defend","downfall:Bewildered"],"score":1683,"play_id":"179aeba4-4ea6-446d-9c0e-402e4c56b4f8","local_time":"20210125170355","is_ascension_mode":true,"campfire_choices":[{"data":"bronze:Replicate","floor":1,"key":"SMITH"},{"data":"bronze:ChosenStrike","floor":9,"key":"SMITH"},{"data":"bronze:Goto","floor":11,"key":"SMITH"},{"data":"bronze:HardenedForm","floor":18,"key":"SMITH"},{"data":"bronze:Terminator","floor":27,"key":"SMITH"},{"data":"bronze:Invalidate","floor":30,"key":"SMITH"},{"floor":35,"key":"REST"},{"floor":45,"key":"REST"},{"floor":54,"key":"REST"}],"circlet_count":2,"master_deck":["bronze:Replicate+1","bronze:Goto+1","bronze:ChosenStrike+1","bronze:Invalidate+1","bronze:FineTuning","bronze:Terminator+1","CurseOfTheBell","bronze:FunctionCard","bronze:BurnOut","bronze:Mutator"],"relics":["bronze:PlatinumCore","bronze:BottledCode","bronze:DonusWashers","downfall:HeartBlessingRed","downfall:HeartBlessingGreen","downfall:HeartBlessingBlue","Circlet","bronze:ElectromagneticCoil","bronze:BronzeIdol","bronze:CableSpool","bronze:DecasWashers","bronze:MakeshiftBattery","bronze:Mallet","bronze:ProtectiveGoggles","bronze:SilverBullet","bronze:Timepiece","bronze:ProtectiveGoggles","Odd Mushroom","Calling Bell","Gremlin Horn","bronze:Timepiece","Mango","Juzu Bracelet","Prayer Wheel","Question Card","sneckomod:BabySnecko","Fusion Hammer","champ:DeflectingBracers","Letter Opener","Omamori","Mummified Hand","Bottled Lightning","Oddly Smooth Stone","Bag of Marbles"],"acts_visited":["Exordium","TheCity","TheBeyond","TheEnding"],"potions_floor_usage":[42,42,56,56],"damage_taken":[{"damage":0,"enemies":"2 Louse","floor":2,"turns":1},{"damage":0,"enemies":"Small Slimes","floor":3,"turns":1},{"damage":0,"enemies":"downfall:FleeingMerchant","floor":6,"turns":4},{"damage":0,"enemies":"The Mushroom Lair","floor":8,"turns":1},{"damage":3,"enemies":"downfall:FleeingMerchant","floor":12,"turns":4},{"damage":0,"enemies":"Gremlin Nob","floor":13,"turns":1},{"damage":0,"enemies":"Jaw Worm","floor":14,"turns":1},{"damage":0,"enemies":"Lots of Slimes","floor":15,"turns":1},{"damage":9,"enemies":"WA_ARCHETYPE_RETAIN","floor":16,"turns":2},{"damage":0,"enemies":"Chosen","floor":19,"turns":1},{"damage":0,"enemies":"3 Byrds","floor":20,"turns":2},{"damage":0,"enemies":"3 Byrds","floor":21,"turns":1},{"damage":0,"enemies":"downfall:FleeingMerchant","floor":22,"turns":1},{"damage":0,"enemies":"Snake Plant","floor":23,"turns":1},{"damage":0,"enemies":"Chosen and Byrds","floor":26,"turns":1},{"damage":0,"enemies":"Cultist and Chosen","floor":32,"turns":1},{"damage":0,"enemies":"DF_ARCHETYPE_CLAW","floor":33,"turns":2},{"damage":0,"enemies":"3 Shapes","floor":36,"turns":1},{"damage":0,"enemies":"2 Orb Walkers","floor":38,"turns":1},{"damage":0,"enemies":"Orb Walker","floor":40,"turns":1},{"damage":77,"enemies":"Nemesis","floor":42,"turns":6},{"damage":0,"enemies":"Giant Head","floor":44,"turns":1},{"damage":3,"enemies":"4 Shapes","floor":47,"turns":1},{"damage":0,"enemies":"3 Darklings","floor":49,"turns":1},{"damage":0,"enemies":"SI_POISON_ARCHETYPE","floor":50,"turns":1},{"damage":0,"enemies":"downfall:CharBossMerchant","floor":52,"turns":1},{"damage":5,"enemies":"downfall:NeowBoss","floor":55,"turns":4},{"damage":56,"enemies":"downfall:NeowBossFinal","floor":56,"turns":4}],"seed_played":"-1079436567945404914","potions_obtained":[{"floor":3,"key":"Slimebound:ThreeZeroPotion"},{"floor":13,"key":"PowerPotion"},{"floor":15,"key":"Fire Potion"},{"floor":21,"key":"Strength Potion"},{"floor":40,"key":"Fruit Juice"},{"floor":49,"key":"Regen Potion"}],"is_trial":false,"path_per_floor":["R","M","M","?","?","$","T","?","R","?","R","$","E","M","M","B",null,"R","M","M","?","$","M","T","$","M","R","?","?","R","?","M","B",null,"R","M","$","?","?","M","T","E","?","E","R","?","M","?","M","B",null,"E","$","R","B","B",null],"character_chosen":"THE_AUTOMATON","items_purchased":["bronze:ProtectiveGoggles","bronze:ChosenStrike","Mango","Juzu Bracelet","Question Card","Bag of Marbles"],"campfire_rested":3,"item_purchase_floors":[6,6,22,22,25,53],"current_hp_per_floor":[80,80,80,80,80,80,80,80,80,80,80,77,77,77,77,68,80,80,80,80,80,94,94,94,94,94,94,75,75,75,75,75,75,99,99,99,99,99,99,99,99,27,27,27,58,58,55,117,117,117,117,117,117,117,112,65],"gold":107,"neow_bonus":"REMOVE_TWO","is_daily":false,"chose_seed":false,"campfire_upgraded":6,"win_rate":0.0,"timestamp":1611590635,"path_taken":["R","M","M","?","?","$","T","?","R","?","R","$","E","M","M","BOSS","R","M","M","?","$","M","T","$","M","R","?","?","R","?","M","BOSS","R","M","$","?","?","M","T","E","?","E","R","?","M","?","M","BOSS","E","$","R","BOSS","BOSS"],"items_purchased_type":["Relic","Card","Relic","Relic","Relic","Relic"],"build_version":"2020-12-22","purchased_purges":5,"victory":true,"max_hp_per_floor":[80,80,80,80,80,80,80,80,80,80,80,80,80,80,80,80,80,80,80,80,80,94,94,94,94,94,94,99,99,99,99,99,99,99,99,99,99,99,99,99,99,104,104,104,104,104,104,117,117,117,117,117,117,117,117,117],"card_choices":[{"not_picked":["bronze:OilSpill","bronze:DelayedGuard","bronze:Turbo"],"picked":"SKIP","floor":2},{"not_picked":["bronze:BitShift","bronze:DelayedSlice","bronze:Separator"],"picked":"SKIP","floor":3},{"not_picked":["bronze:Optimize","bronze:Safeguard","bronze:BugBarrage"],"picked":"SKIP","floor":6},{"not_picked":["bronze:MaxOutput","bronze:Boost","bronze:BugBarrage"],"picked":"SKIP","floor":12},{"not_picked":["bronze:Iterate","bronze:Break"],"picked":"bronze:FineTuning","floor":13},{"not_picked":["bronze:Shell","bronze:CutThrough"],"picked":"bronze:Terminator","floor":14},{"not_picked":["bronze:Overheat","bronze:Deprecate","bronze:BitShift"],"picked":"SKIP","floor":15},{"not_picked":["bronze:AlphaBuild","bronze:Mutator"],"picked":"bronze:HardenedForm","floor":16},{"not_picked":["bronze:BitShift","bronze:OilSpill","bronze:MaxOutput"],"picked":"SKIP","floor":19},{"not_picked":["bronze:CutThrough+1","bronze:Overload","bronze:FineTuning+1"],"picked":"SKIP","floor":20},{"not_picked":["bronze:BitShift","bronze:Invalidate","bronze:BuggyMess"],"picked":"SKIP","floor":22},{"not_picked":["bronze:BronzeOrb","bronze:Constructor","bronze:ForceShield+1"],"picked":"SKIP","floor":23},{"not_picked":["bronze:FineTuning","bronze:CutThrough","bronze:GetLatest+1","bronze:Safeguard"],"picked":"SKIP","floor":26},{"not_picked":["bronze:Separator+1","bronze:BronzeArmor","bronze:Backtrace","bronze:Frontload+1"],"picked":"SKIP","floor":26},{"not_picked":["bronze:Refactor+1","bronze:Separator","bronze:Overheat","bronze:Flail"],"picked":"SKIP","floor":32},{"not_picked":["bronze:Deprecate","bronze:BugBarrage","bronze:Refactor","bronze:Constructor"],"picked":"SKIP","floor":32},{"not_picked":["bronze:BurnOut","bronze:Library","bronze:FindAndReplace"],"picked":"bronze:Hardcode","floor":33},{"not_picked":["bronze:Overheat+1","bronze:Branch","bronze:DarkDash+1","bronze:Frontload+1"],"picked":"SKIP","floor":36},{"not_picked":["bronze:DelayedGuard+1","bronze:WhirlingStrike+1","bronze:BronzeOrb","bronze:Terminator"],"picked":"SKIP","floor":36},{"not_picked":["bronze:Return","bronze:Repulsor+1","bronze:ClassDefault","bronze:BugBarrage+1"],"picked":"SKIP","floor":40},{"not_picked":["bronze:FindAndReplace","bronze:Philosophize+1","bronze:Invalidate","bronze:Refactor+1"],"picked":"SKIP","floor":40},{"not_picked":["bronze:CutThrough+1","bronze:Return","bronze:Virus","bronze:Repulsor+1"],"picked":"SKIP","floor":42},{"not_picked":["bronze:CutThrough+1","bronze:FineTuning+1","bronze:Shield","bronze:Allocate"],"picked":"SKIP","floor":44},{"not_picked":["bronze:Flail+1","bronze:Invalidate+1","bronze:CutThrough","bronze:Separator"],"picked":"SKIP","floor":47},{"not_picked":["bronze:WildBeam+1","bronze:DelayedGuard+1","bronze:Deprecate+1","bronze:Iterate"],"picked":"SKIP","floor":47},{"not_picked":["bronze:Shell+1","bronze:WhirlingStrike+1","bronze:Iterate+1"],"picked":"bronze:Mutator","floor":49},{"not_picked":["bronze:DarkDash","bronze:WildBeam+1","bronze:ChosenStrike","bronze:Shield+1"],"picked":"SKIP","floor":49},{"not_picked":["bronze:Turbo","bronze:NullPointer","bronze:Assembly","bronze:OilSpill+1"],"picked":"SKIP","floor":52}],"player_experience":823953,"relics_obtained":[{"floor":8,"key":"Odd Mushroom"},{"floor":17,"key":"CeramicFish"},{"floor":17,"key":"Gremlin Horn"},{"floor":17,"key":"bronze:Timepiece"},{"floor":24,"key":"Prayer Wheel"},{"floor":38,"key":"champ:DeflectingBracers"},{"floor":39,"key":"Letter Opener"},{"floor":41,"key":"Omamori"},{"floor":42,"key":"Mummified Hand"},{"floor":44,"key":"Bottled Lightning"},{"floor":52,"key":"Oddly Smooth Stone"}],"event_choices":[{"damage_healed":0,"gold_gain":0,"player_choice":"Fought Mushrooms","damage_taken":0,"max_hp_gain":0,"max_hp_loss":0,"event_name":"Mushrooms","floor":8,"gold_loss":0},{"damage_healed":0,"gold_gain":0,"player_choice":"Fight","damage_taken":0,"max_hp_gain":0,"max_hp_loss":0,"event_name":"Mysterious Sphere","floor":38,"gold_loss":0},{"cards_removed":["bronze:HardenedForm"],"damage_healed":0,"gold_gain":0,"player_choice":"Removed Power","damage_taken":0,"max_hp_gain":0,"max_hp_loss":0,"event_name":"Falling","floor":43,"gold_loss":0}],"is_beta":false,"boss_relics":[{"not_picked":["Sozu","Astrolabe"],"picked":"Calling Bell"},{"not_picked":["Black Star","Busted Crown"],"picked":"Fusion Hammer"}],"items_purged_floors":[6,12,22,25,37],"is_endless":false,"potions_floor_spawned":[3,13,15,20,21,26,36,40,49],"ascension_level":1}}