{"host":"qekv59dthhdg54sz","time":1611553460,"event":{"mods":["AchievementEnabler","BaseMod","Colored Map","DeckTracker","KOR Keyword Fix","Minty Spire (QoL Compilation)","Rare Cards Sparkle","StSLib","SuperFastMode"],"gold_per_floor":[113,113,38,56,72,72,105,105,105,136,146,146,146,166,166,242,242,258,86,102,2,17,17,17,17,17,31,31,46,66,85,85,164,164,179,194,69,69,30,30,58,58,132,142,142,161,180,214,214,214,214],"floor_reached":52,"language":"KOR","playtime":2307,"items_purged":["Strike_G","Strike_G","Defend_G"],"score":1898,"play_id":"37cbfa88-8022-4b5e-8179-3949e24dc653","local_time":"20210125144420","is_ascension_mode":true,"campfire_choices":[{"data":"Prepared","floor":6.0,"key":"SMITH"},{"data":"Reflex","floor":8.0,"key":"SMITH"},{"data":"Tactician","floor":15.0,"key":"SMITH"},{"data":"Concentrate","floor":23.0,"key":"SMITH"},{"data":"Acrobatics","floor":25.0,"key":"SMITH"},{"floor":32.0,"key":"REST"},{"data":"Calculated Gamble","floor":40.0,"key":"SMITH"},{"data":"Burst","floor":42.0,"key":"SMITH"},{"data":"Reflex","floor":45.0,"key":"SMITH"},{"data":"Backflip","floor":49.0,"key":"SMITH"}],"circlet_count":0,"master_deck":["AscendersBane","Defend_G","Survivor","Neutralize","The Bomb","Reflex+1","Prepared+1","Acrobatics+1","Concentrate+1","Tactician+1","Venomology+1","Deflect+1","Crippling Poison+1","The Bomb","Backflip+1","Burst+1","Reflex+1","Calculated Gamble+1","Flechettes"],"relics":["Ring of the Snake","Torii","Mango","Lantern","Astrolabe","DollysMirror","Darkstone Periapt","Empty Cage","Bag of Marbles","Letter Opener","White Beast Statue"],"acts_visited":["Exordium","TheCity","TheBeyond"],"potions_floor_usage":[50,50],"damage_taken":[{"damage":0.0,"enemies":"Small Slimes","floor":1.0,"turns":8.0},{"damage":0.0,"enemies":"Jaw Worm","floor":4.0,"turns":5.0},{"damage":0.0,"enemies":"Cultist","floor":5.0,"turns":3.0},{"damage":9.0,"enemies":"3 Sentries","floor":7.0,"turns":3.0},{"damage":11.0,"enemies":"Lagavulin","floor":10.0,"turns":6.0},{"damage":0.0,"enemies":"Looter","floor":11.0,"turns":3.0},{"damage":2.0,"enemies":"Red Slaver","floor":14.0,"turns":4.0},{"damage":29.0,"enemies":"Slime Boss","floor":16.0,"turns":7.0},{"damage":1.0,"enemies":"2 Thieves","floor":18.0,"turns":4.0},{"damage":1.0,"enemies":"Shell Parasite","floor":20.0,"turns":4.0},{"damage":20.0,"enemies":"Cultist and Chosen","floor":22.0,"turns":5.0},{"damage":8.0,"enemies":"Snecko","floor":27.0,"turns":4.0},{"damage":19.0,"enemies":"Sentry and Sphere","floor":29.0,"turns":8.0},{"damage":0.0,"enemies":"Centurion and Healer","floor":30.0,"turns":3.0},{"damage":1.0,"enemies":"Snake Plant","floor":31.0,"turns":3.0},{"damage":15.0,"enemies":"Champ","floor":33.0,"turns":9.0},{"damage":0.0,"enemies":"3 Darklings","floor":35.0,"turns":3.0},{"damage":0.0,"enemies":"Orb Walker","floor":36.0,"turns":3.0},{"damage":1.0,"enemies":"Giant Head","floor":41.0,"turns":7.0},{"damage":1.0,"enemies":"Spire Growth","floor":44.0,"turns":3.0},{"damage":0.0,"enemies":"Writhing Mass","floor":46.0,"turns":3.0},{"damage":0.0,"enemies":"Jaw Worm Horde","floor":47.0,"turns":1.0},{"damage":0.0,"enemies":"Reptomancer","floor":48.0,"turns":4.0},{"damage":34,"enemies":"Time Eater","floor":50,"turns":7},{"damage":7,"enemies":"Donu and Deca","floor":51,"turns":3}],"seed_played":"-7409344575141583174","potions_obtained":[{"floor":5.0,"key":"CunningPotion"},{"floor":7.0,"key":"Ancient Potion"},{"floor":20.0,"key":"Block Potion"},{"floor":31.0,"key":"CunningPotion"},{"floor":33.0,"key":"FairyPotion"},{"floor":36.0,"key":"PowerPotion"}],"is_trial":false,"path_per_floor":["M","?","$","M","M","R","E","R","T","E","M","?","?","M","R","B",null,"M","$","M","$","M","R","$","R","T","M","?","M","M","M","R","B",null,"M","M","$","?","$","R","E","R","T","M","R","M","M","E","R","B","B",null],"character_chosen":"THE_SILENT","items_purchased":["DollysMirror","Calculated Gamble"],"campfire_rested":1,"item_purchase_floors":[19,39],"current_hp_per_floor":[59,59,59,59,59,59,50,50,64,53,53,58,58,56,56,27,66,65,65,64,64,44,44,44,44,44,36,36,17,17,16,39,24,65,65,65,65,65,65,65,64,64,64,63,63,63,63,63,63,29,22],"gold":214,"neow_bonus":"RANDOM_COLORLESS_2","is_daily":false,"chose_seed":true,"campfire_upgraded":9,"win_rate":0.0,"timestamp":1611553460,"path_taken":["M","?","$","M","M","R","E","R","T","E","M","?","?","M","R","BOSS","M","$","M","$","?","R","$","R","T","M","?","?","?","M","R","BOSS","M","M","$","?","$","R","E","R","T","M","R","M","?","E","R","BOSS","BOSS"],"items_purchased_type":["Relic","Card"],"build_version":"2020-12-22","purchased_purges":3,"victory":true,"max_hp_per_floor":[60,60,60,60,60,60,60,60,74,74,74,79,79,79,79,79,79,79,79,79,79,79,79,79,79,79,79,79,79,79,79,79,79,79,79,79,79,79,79,79,79,79,79,79,79,79,79,79,79,79,79],"card_choices":[{"not_picked":["Magnetism","Transmutation"],"picked":"The Bomb","floor":0.0},{"not_picked":["Deflect","Bane","Riddle With Holes"],"picked":"SKIP","floor":1.0},{"not_picked":["Prepared","Setup"],"picked":"Reflex","floor":4.0},{"not_picked":["Underhanded Strike","Endless Agony"],"picked":"Prepared","floor":5.0},{"not_picked":["Blur","Slice","Venomology"],"picked":"SKIP","floor":7.0},{"not_picked":["Bouncing Flask","Dagger Spray"],"picked":"Acrobatics","floor":10.0},{"not_picked":["Cloak And Dagger","PiercingWail"],"picked":"Concentrate","floor":11.0},{"not_picked":["Underhanded Strike","Dagger Spray","Accuracy"],"picked":"SKIP","floor":14.0},{"not_picked":["Bane","Acrobatics","Poisoned Stab+1"],"picked":"SKIP","floor":18.0},{"not_picked":["Reflex","Acrobatics"],"picked":"Backflip","floor":20.0},{"not_picked":["PiercingWail","Cloak And Dagger","Tactician"],"picked":"SKIP","floor":22.0},{"not_picked":["Acrobatics+1","Predator+1","Reflex+1"],"picked":"SKIP","floor":27.0},{"not_picked":["All Out Attack+1","Skewer","Heel Hook"],"picked":"SKIP","floor":29.0},{"not_picked":["Deflect","Distraction","Dagger Spray"],"picked":"SKIP","floor":30.0},{"not_picked":["Glass Knife","Dash","Quick Slash"],"picked":"SKIP","floor":31.0},{"not_picked":["After Image","Envenom"],"picked":"Burst","floor":33.0},{"not_picked":["Deflect","Underhanded Strike","Poisoned Stab+1"],"picked":"SKIP","floor":35.0},{"not_picked":["Dagger Spray","Prepared+1"],"picked":"Reflex","floor":36.0},{"not_picked":["Storm of Steel","Dodge and Roll+1","Phantasmal Killer"],"picked":"SKIP","floor":41.0},{"not_picked":["Backstab+1","Choke","PiercingWail+1"],"picked":"SKIP","floor":44.0},{"not_picked":["Deadly Poison","Leg Sweep","Blade Dance"],"picked":"SKIP","floor":46.0},{"not_picked":["Well Laid Plans","Backflip"],"picked":"Flechettes","floor":47.0},{"not_picked":["Dash","Bane","Crippling Poison"],"picked":"SKIP","floor":48.0}],"player_experience":827668,"relics_obtained":[{"floor":7.0,"key":"Torii"},{"floor":9.0,"key":"Mango"},{"floor":10.0,"key":"Lantern"},{"floor":26.0,"key":"Darkstone Periapt"},{"floor":41.0,"key":"Bag of Marbles"},{"floor":43.0,"key":"Letter Opener"},{"floor":48.0,"key":"White Beast Statue"}],"event_choices":[{"damage_healed":0.0,"max_hp_gain":0.0,"max_hp_loss":0.0,"gold_gain":0.0,"event_name":"Liars Game","player_choice":"Ignored","floor":2.0,"gold_loss":0.0,"damage_taken":0.0},{"damage_healed":0.0,"max_hp_gain":5.0,"max_hp_loss":0.0,"gold_gain":0.0,"event_name":"Big Fish","player_choice":"Donut","floor":12.0,"gold_loss":0.0,"damage_taken":0.0},{"damage_healed":0.0,"max_hp_gain":0.0,"max_hp_loss":0.0,"gold_gain":0.0,"event_name":"Match and Keep!","player_choice":"1 cards matched","floor":13.0,"gold_loss":0.0,"damage_taken":0.0,"cards_obtained":["Tactician"]},{"cards_removed":["Strike_G"],"damage_healed":0.0,"max_hp_gain":0.0,"max_hp_loss":0.0,"gold_gain":0.0,"event_name":"Purifier","player_choice":"Purged","floor":28.0,"gold_loss":0.0,"damage_taken":0.0},{"damage_healed":0.0,"max_hp_gain":0.0,"max_hp_loss":0.0,"gold_gain":0.0,"event_name":"Lab","player_choice":"Got Potions","floor":38.0,"gold_loss":0.0,"damage_taken":0.0}],"is_beta":false,"boss_relics":[{"not_picked":["Tiny House","Busted Crown"],"picked":"Astrolabe"},{"not_picked":["Runic Pyramid","WristBlade"],"picked":"Empty Cage"}],"items_purged_floors":[3,21,37],"is_endless":false,"potions_floor_spawned":[5,7,11,20,30,31,33,36,44,46,47],"ascension_level":20}}