{"host":"8is2j71l4wmybkoi","time":1611578191,"event":{"mods":["AchievementEnabler","BaseMod","Colored Map","Minty Spire (QoL Compilation)","Rare Cards Sparkle","StSLib","SuperFastMode"],"gold_per_floor":[18,38,55,55,70,102,102,27,27,27,53,53,86,86,86,163,163,179,179,269,283,298,298,317,317,317,331,331,331],"floor_reached":28,"language":"KOR","playtime":1192,"items_purged":["Decay"],"score":452,"play_id":"38b64634-3d05-491f-aa25-e0b708e79723","local_time":"20210125213631","is_ascension_mode":true,"campfire_choices":[{"data":"Zap","floor":7.0,"key":"SMITH"},{"data":"Go for the Eyes","floor":12.0,"key":"SMITH"},{"data":"White Noise","floor":15.0,"key":"SMITH"},{"data":"Aggregate","floor":23.0,"key":"SMITH"}],"circlet_count":0,"master_deck":["AscendersBane","Strike_B","Strike_B","Strike_B","Defend_B","Defend_B","Defend_B","Defend_B","Zap+1","Dualcast","BootSequence","Coolheaded","Go for the Eyes+1","Cold Snap","FTL","White Noise+1","Creative AI","Aggregate+1","Undo+1","Doom and Gloom","Sunder","Creative AI"],"relics":["Cracked Core","Dead Branch","Happy Flower","PreservedInsect","StrikeDummy","Meat on the Bone","Snecko Eye","Omamori"],"acts_visited":["Exordium","TheCity"],"potions_floor_usage":[28,28],"damage_taken":[{"damage":1.0,"enemies":"Cultist","floor":1.0,"turns":3.0},{"damage":0.0,"enemies":"Small Slimes","floor":2.0,"turns":2.0},{"damage":0.0,"enemies":"2 Louse","floor":3.0,"turns":2.0},{"damage":2.0,"enemies":"Looter","floor":5.0,"turns":3.0},{"damage":10.0,"enemies":"Lagavulin","floor":6.0,"turns":7.0},{"damage":9.0,"enemies":"3 Sentries","floor":11.0,"turns":5.0},{"damage":10.0,"enemies":"Gremlin Nob","floor":13.0,"turns":3.0},{"damage":23.0,"enemies":"The Guardian","floor":16.0,"turns":9.0},{"damage":17.0,"enemies":"3 Byrds","floor":18.0,"turns":9.0},{"damage":9.0,"enemies":"Chosen","floor":21.0,"turns":6.0},{"damage":0.0,"enemies":"Snecko","floor":22.0,"turns":6.0},{"damage":27.0,"enemies":"Snake Plant","floor":24.0,"turns":4.0},{"damage":0.0,"enemies":"Centurion and Healer","floor":27.0,"turns":7.0},{"damage":31,"enemies":"Shelled Parasite and Fungi","floor":28,"turns":1}],"seed_played":"-584534327646979386","potions_obtained":[{"floor":3.0,"key":"Fire Potion"},{"floor":5.0,"key":"Strength Potion"},{"floor":11.0,"key":"SpeedPotion"},{"floor":13.0,"key":"PowerPotion"},{"floor":21.0,"key":"SkillPotion"},{"floor":22.0,"key":"AttackPotion"},{"floor":27.0,"key":"EntropicBrew"}],"is_trial":false,"path_per_floor":["M","M","M","?","M","E","R","$","T","$","E","R","E","?","R","B",null,"M","?","?","M","M","R","M","?","T","M","M"],"character_chosen":"DEFECT","items_purchased":[],"campfire_rested":0,"item_purchase_floors":[],"current_hp_per_floor":[63,63,63,63,61,51,51,51,51,51,42,42,32,32,32,21,59,42,42,17,20,32,32,17,17,17,29,0,0],"gold":331,"neow_bonus":"ONE_RARE_RELIC","is_daily":false,"chose_seed":false,"campfire_upgraded":4,"win_rate":0.0,"timestamp":1611578191,"path_taken":["M","M","M","?","M","E","R","$","T","?","E","R","E","?","R","BOSS","M","?","?","M","?","R","M","?","T","?","M"],"items_purchased_type":[],"build_version":"2020-12-22","purchased_purges":1,"victory":false,"max_hp_per_floor":[71,71,71,71,71,71,71,71,71,71,71,71,71,71,71,71,71,71,71,71,71,71,71,71,71,71,71,71,71],"card_choices":[{"not_picked":["Barrage","Force Field"],"picked":"BootSequence","floor":1.0},{"not_picked":["Streamline","Compile Driver"],"picked":"Coolheaded","floor":2.0},{"not_picked":["Chaos","Streamline"],"picked":"Go for the Eyes","floor":3.0},{"not_picked":["Reinforced Body","Coolheaded"],"picked":"Cold Snap","floor":5.0},{"not_picked":["Coolheaded","Leap"],"picked":"FTL","floor":6.0},{"not_picked":["Cold Snap","Heatsinks"],"picked":"White Noise","floor":11.0},{"not_picked":["Consume","Stack","Reprogram"],"picked":"SKIP","floor":13.0},{"not_picked":["Hyperbeam","All For One"],"picked":"Creative AI","floor":16.0},{"not_picked":["Compile Driver","Cold Snap"],"picked":"Aggregate","floor":18.0},{"not_picked":["Chill","Compile Driver"],"picked":"Undo","floor":21.0},{"not_picked":["Reinforced Body","Compile Driver"],"picked":"Doom and Gloom","floor":22.0},{"not_picked":["Rebound","Beam Cell"],"picked":"Sunder","floor":24.0},{"not_picked":["Streamline","Go for the Eyes"],"picked":"Creative AI","floor":27.0}],"player_experience":791286,"relics_obtained":[{"floor":6.0,"key":"Happy Flower"},{"floor":9.0,"key":"PreservedInsect"},{"floor":11.0,"key":"StrikeDummy"},{"floor":13.0,"key":"Meat on the Bone"},{"floor":26.0,"key":"Omamori"}],"event_choices":[{"damage_healed":0.0,"max_hp_gain":0.0,"max_hp_loss":0.0,"gold_gain":0.0,"event_name":"Wheel of Change","player_choice":"Cursed","floor":4.0,"gold_loss":0.0,"damage_taken":0.0,"cards_obtained":["Decay"]},{"cards_removed":["Strike_B"],"damage_healed":0.0,"max_hp_gain":0.0,"max_hp_loss":0.0,"gold_gain":0.0,"event_name":"Living Wall","player_choice":"Forget","floor":14.0,"gold_loss":0.0,"damage_taken":0.0},{"damage_healed":0.0,"max_hp_gain":0.0,"max_hp_loss":0.0,"gold_gain":0.0,"event_name":"Cursed Tome","player_choice":"Ignored","floor":19.0,"gold_loss":0.0,"damage_taken":0.0},{"damage_healed":0.0,"max_hp_gain":0.0,"max_hp_loss":0.0,"gold_gain":90.0,"event_name":"Knowing Skull","player_choice":"POTION GOLD POTION ","floor":20.0,"potions_obtained":["Dexterity Potion","LiquidBronze"],"gold_loss":0.0,"damage_taken":25.0,"cards_obtained":[]},{"damage_healed":0.0,"max_hp_gain":0.0,"max_hp_loss":0.0,"gold_gain":0.0,"event_name":"Upgrade Shrine","player_choice":"Upgraded","floor":25.0,"gold_loss":0.0,"damage_taken":0.0,"cards_upgraded":["Undo"]}],"is_beta":false,"boss_relics":[{"not_picked":["Empty Cage","SlaversCollar"],"picked":"Snecko Eye"}],"items_purged_floors":[8],"is_endless":false,"potions_floor_spawned":[3,5,11,13,21,22,27],"killed_by":"Shelled Parasite and Fungi","ascension_level":18}}