{"host":"2q4p6kdcvpgo6z81","time":1611613431,"event":{"mods":["BaseMod","Colored Map","Downfall","Minty Spire (QoL Compilation)","StSLib"],"gold_per_floor":[0,20,35,35,35,53,106,91,102,163,192,192,219,243,258,360,360,360,373,373,58,74,74,98,110,138,162,201,213,253,279,308,320,320,320],"floor_reached":33,"language":"ENG","playtime":3026,"items_purged":["downfall:Malfunctioning"],"score":437,"play_id":"896bb687-c69e-4f1b-8b3f-95d33da300c8","local_time":"20210125172351","is_ascension_mode":true,"campfire_choices":[{"data":"bronze:DelayedGuard","floor":1.0,"key":"SMITH"},{"data":"bronze:ClassDefault","floor":12.0,"key":"SMITH"},{"data":"bronze:Mutator","floor":18.0,"key":"SMITH"},{"data":"bronze:NullPointer","floor":25.0,"key":"SMITH"},{"floor":29.0,"key":"REST"}],"circlet_count":0,"master_deck":["bronze:Strike","bronze:Defend+1","bronze:Defend+1","bronze:Defend","bronze:Replicate","bronze:Goto+1","bronze:DelayedGuard+1","bronze:ChosenStrike","bronze:CutThrough","bronze:Assembly","bronze:CleanCode","bronze:Goto","bronze:NullPointer+1","bronze:BitShift","bronze:MaxOutput","bronze:ClassDefault+1","bronze:Refactor","bronze:Mutator+1","bronze:ClassDefault","bronze:Terminator","downfall:Aged","bronze:CloningBeam","bronze:CleanCode","bronze:ForceShield","bronze:FineTuning+1","bronze:MaxOutput"],"relics":["bronze:BronzeCore","Pen Nib","Blue Candle","Sundial","Orichalcum","Bag of Marbles","SlaversCollar","sneckomod:BabySnecko","Membership Card","Vajra","MawBank","MealTicket"],"acts_visited":["Exordium","TheCity"],"potions_floor_usage":[33,33],"damage_taken":[{"damage":0.0,"enemies":"Cultist","floor":2.0,"turns":4.0},{"damage":0.0,"enemies":"2 Louse","floor":3.0,"turns":3.0},{"damage":4.0,"enemies":"Jaw Worm","floor":6.0,"turns":2.0},{"damage":0.0,"enemies":"downfall:FleeingMerchant","floor":8.0,"turns":4.0},{"damage":5.0,"enemies":"Blue Slaver","floor":9.0,"turns":2.0},{"damage":19.0,"enemies":"Lagavulin Event","floor":10.0,"turns":6.0},{"damage":0.0,"enemies":"Gremlin Nob","floor":11.0,"turns":3.0},{"damage":10.0,"enemies":"3 Sentries","floor":13.0,"turns":7.0},{"damage":0.0,"enemies":"3 Louse","floor":15.0,"turns":4.0},{"damage":1.0,"enemies":"IC_STATUS_ARCHETYPE","floor":16.0,"turns":6.0},{"damage":0.0,"enemies":"Shell Parasite","floor":19.0,"turns":4.0},{"damage":1.0,"enemies":"downfall:FleeingMerchant","floor":21.0,"turns":4.0},{"damage":15.0,"enemies":"3 Byrds","floor":22.0,"turns":5.0},{"damage":18.0,"enemies":"Centurion and Healer","floor":26.0,"turns":5.0},{"damage":16.0,"enemies":"Sentry and Sphere","floor":27.0,"turns":4.0},{"damage":0.0,"enemies":"Gremlin Leader","floor":28.0,"turns":5.0},{"damage":20.0,"enemies":"Slavers","floor":30.0,"turns":4.0},{"damage":11.0,"enemies":"Chosen and Byrds","floor":31.0,"turns":5.0},{"damage":0.0,"enemies":"Snake Plant","floor":32.0,"turns":1.0},{"damage":20,"enemies":"DF_ARCHETYPE_CLAW","floor":33,"turns":3}],"seed_played":"-1843179036641414106","potions_obtained":[{"floor":2.0,"key":"DuplicationPotion"},{"floor":6.0,"key":"SpeedPotion"},{"floor":9.0,"key":"Dexterity Potion"},{"floor":13.0,"key":"DistilledChaos"},{"floor":22.0,"key":"Fire Potion"},{"floor":26.0,"key":"AttackPotion"},{"floor":32.0,"key":"Fruit Juice"}],"is_trial":false,"path_per_floor":["R","M","M","?","?","M","T","$","M","?","E","R","E","T","M","B",null,"R","M","?","$","M","?","T","R","M","M","E","R","E","M","M","B"],"character_chosen":"THE_AUTOMATON","items_purchased":["Membership Card","bronze:ClassDefault","Vajra"],"campfire_rested":1,"item_purchase_floors":[21,21,21],"current_hp_per_floor":[70,70,70,70,70,66,66,66,61,42,42,42,32,32,32,31,70,70,70,70,69,54,54,54,54,36,20,20,41,21,10,10,0,0,0],"gold":320,"neow_bonus":"TRANSFORM_TWO_CARDS","is_daily":false,"chose_seed":false,"campfire_upgraded":4,"win_rate":0.0,"timestamp":1611613431,"path_taken":["R","M","M","?","?","?","T","$","M","?","E","R","E","?","M","BOSS","R","M","?","$","M","?","T","R","?","M","E","R","E","?","M","BOSS"],"items_purchased_type":["Relic","Card","Relic"],"build_version":"2020-12-22","purchased_purges":1,"victory":false,"max_hp_per_floor":[70,70,70,70,70,70,70,70,70,70,70,70,70,70,70,70,70,70,70,70,70,70,70,70,70,70,70,70,70,70,70,70,75,75,75],"card_choices":[{"not_picked":["bronze:WhirlingStrike","bronze:WildBeam"],"picked":"bronze:CutThrough","floor":2.0},{"not_picked":["bronze:DelayedGuard","bronze:Allocate"],"picked":"bronze:Assembly","floor":3.0},{"not_picked":["bronze:Safeguard","bronze:WildBeam"],"picked":"bronze:NullPointer","floor":6.0},{"not_picked":["bronze:RecursiveStrike","bronze:ChildClass"],"picked":"bronze:BitShift","floor":8.0},{"not_picked":["bronze:Deprecate","bronze:BronzeOrb","bronze:Shield"],"picked":"SKIP","floor":9.0},{"not_picked":["bronze:Repair","bronze:Branch"],"picked":"bronze:MaxOutput","floor":10.0},{"not_picked":["bronze:BitShift","bronze:ForceShield"],"picked":"bronze:ClassDefault","floor":11.0},{"not_picked":["bronze:Boost","bronze:InfiniteBeams","bronze:ChosenStrike"],"picked":"SKIP","floor":13.0},{"not_picked":["bronze:BugBarrage","bronze:Shell"],"picked":"bronze:Refactor","floor":15.0},{"not_picked":["bronze:InfiniteLoop","bronze:TinkerersToolbox"],"picked":"bronze:Mutator","floor":16.0},{"not_picked":["bronze:Separator+1","bronze:Invalidate","bronze:Shield"],"picked":"SKIP","floor":19.0},{"not_picked":["bronze:FineTuning","bronze:Philosophize","bronze:Boost"],"picked":"SKIP","floor":21.0},{"not_picked":["bronze:Frontload+1","bronze:FineTuning"],"picked":"bronze:Terminator","floor":22.0},{"not_picked":["bronze:BugBarrage","bronze:Iterate"],"picked":"bronze:CloningBeam","floor":26.0},{"not_picked":["bronze:Separator+1","bronze:Shield","bronze:DelayedSlice"],"picked":"SKIP","floor":27.0},{"not_picked":["bronze:Constructor","bronze:NullPointer"],"picked":"bronze:CleanCode","floor":28.0},{"not_picked":["bronze:DelayedSlice+1","bronze:ItsAFeature"],"picked":"bronze:ForceShield","floor":30.0},{"not_picked":["bronze:Constructor","bronze:DarkDash"],"picked":"bronze:FineTuning+1","floor":31.0},{"not_picked":["bronze:ForLoop","bronze:WhirlingStrike+1"],"picked":"bronze:MaxOutput","floor":32.0}],"player_experience":1561829,"relics_obtained":[{"floor":7.0,"key":"Pen Nib"},{"floor":10.0,"key":"Blue Candle"},{"floor":11.0,"key":"Sundial"},{"floor":13.0,"key":"Orichalcum"},{"floor":14.0,"key":"Bag of Marbles"},{"floor":24.0,"key":"MawBank"},{"floor":28.0,"key":"MealTicket"}],"event_choices":[],"is_beta":false,"boss_relics":[{"not_picked":["Busted Crown","Tiny House"],"picked":"SlaversCollar"}],"items_purged_floors":[21],"is_endless":false,"potions_floor_spawned":[2,6,9,13,22,26,32],"killed_by":"DF_ARCHETYPE_CLAW","ascension_level":2}}