{"host":"rwmcmr2m88k7tuzm","time":1611603185,"event":{"mods":["BaseMod","BetterRewards","Conspire","Downfall","Infinite Spire","Minty Spire (QoL Compilation)","Replay The Spire","Shop Mod","StSLib","SuperFastMode"],"gold_per_floor":[113,113,30,30,40,74,74,34,87,105,139,159,172,187,187,187,187],"floor_reached":16,"language":"ENG","playtime":426,"items_purged":["conspire:NecroticWound"],"score":112,"play_id":"fdda3ca7-2703-4201-960e-505aa9079a07","local_time":"20210125193305","is_ascension_mode":false,"campfire_choices":[{"floor":15,"key":"REST"}],"circlet_count":0,"master_deck":["Strike_G","Strike_G","Strike_G","Strike_G","Strike_G","Defend_G","Defend_G","Defend_G","Defend_G","Defend_G","Survivor","Neutralize","Replay:Poison Smokescreen","Skewer","Bane","Caltrops","Deadly Poison","ReplayTheSpireMod:Private Reserves","Hidden Blade","Draining Mist","Injury","Backstab","Flying Knee","Hidden Blade","Calculated Gamble","Atom Bomb"],"relics":["infinitespire:DarkRift","Matryoshka","ReplayTheSpireMod:CursedCoin","Blue Doll","Happy Flower","ClockworkSouvenir","infinitespire:Cubic Diamond","Kunai","Golden Idol","Dream Catcher","Boot","Ginger"],"acts_visited":["Exordium"],"potions_floor_usage":[8,11,16],"damage_taken":[{"damage":0,"enemies":"2 Louse","floor":1,"turns":3},{"damage":6,"enemies":"Small Slimes","floor":5,"turns":3},{"damage":14,"enemies":"Gremlin Nob","floor":6,"turns":4},{"damage":6,"enemies":"Cultist","floor":10,"turns":3},{"damage":16,"enemies":"3 Sentries","floor":11,"turns":6},{"damage":6,"enemies":"3 Louse","floor":12,"turns":3},{"damage":5,"enemies":"Exordium Wildlife","floor":13,"turns":4},{"damage":6,"enemies":"Blue Slaver","floor":14,"turns":2},{"damage":49,"enemies":"Slime Boss","floor":16,"turns":6}],"seed_played":"1785799356091546564","potions_obtained":[{"floor":8,"key":"Fruit Juice"},{"floor":8,"key":"Fire Potion"},{"floor":8,"key":"Regen Potion"},{"floor":11,"key":"Venom Potion"},{"floor":12,"key":"Languid Potion"}],"is_trial":false,"path_per_floor":["M","?","$","?","M","E","?","?","T","M","E","M","M","M","R","B"],"character_chosen":"THE_SILENT","items_purchased":["Matryoshka","ReplayTheSpireMod:CursedCoin","Blue Doll","Replay:Poison Smokescreen","Skewer","Bane","Caltrops","Happy Flower","ClockworkSouvenir","ReplayTheSpireMod:Private Reserves"],"campfire_rested":1,"item_purchase_floors":[0,0,0,0,0,0,0,0,0,3],"current_hp_per_floor":[38,61,61,61,55,41,41,46,46,40,39,33,28,22,44,0,0],"gold":187,"neow_bonus":"","is_daily":false,"chose_seed":false,"campfire_upgraded":0,"win_rate":0.0,"timestamp":1611603185,"path_taken":["M","?","$","?","M","E","?","?","T","M","E","?","M","M","R","BOSS"],"items_purchased_type":["Relic","Relic","Relic","Card","Card","Card","Card","Relic","Relic","Card"],"build_version":"2020-12-22","purchased_purges":1,"victory":false,"max_hp_per_floor":[70,70,70,70,70,70,70,75,75,75,75,75,75,75,75,75,75],"card_choices":[{"not_picked":["conspire:PoisonWeapons","Deflect"],"picked":"Deadly Poison","floor":1},{"not_picked":["Underhanded Strike","ReplayTheSpireMod:Exploit Weakness"],"picked":"Hidden Blade","floor":5},{"not_picked":["Dagger Spray","Dash"],"picked":"Draining Mist","floor":6},{"not_picked":["Heel Hook","Deadly Poison"],"picked":"Backstab","floor":10},{"not_picked":["Sucker Punch","ReplayTheSpireMod:Scrap Shanks"],"picked":"Flying Knee","floor":11},{"not_picked":["Underhanded Strike","Wraith Form v2"],"picked":"Hidden Blade","floor":12},{"not_picked":["Backflip","Deadly Poison"],"picked":"Calculated Gamble","floor":13},{"not_picked":["Tactician","Eviscerate","Outmaneuver"],"picked":"SKIP","floor":14},{"not_picked":["Acrobatics","PiercingWail"],"picked":"Atom Bomb","floor":15}],"player_experience":162605,"relics_obtained":[{"floor":6,"key":"Kunai"},{"floor":9,"key":"Dream Catcher"},{"floor":9,"key":"Boot"},{"floor":11,"key":"Ginger"}],"event_choices":[{"damage_healed":23,"gold_gain":0,"player_choice":"Banana","damage_taken":0,"max_hp_gain":0,"max_hp_loss":0,"event_name":"Big Fish","floor":2,"gold_loss":0},{"damage_healed":0,"gold_gain":0,"player_choice":"Take Wound","damage_taken":0,"relics_obtained":["Golden Idol"],"max_hp_gain":0,"max_hp_loss":0,"event_name":"Golden Idol","floor":7,"gold_loss":0,"cards_obtained":["Injury"]},{"damage_healed":0,"gold_gain":0,"player_choice":"Bought 3 Potions","damage_taken":0,"max_hp_gain":0,"max_hp_loss":0,"event_name":"The Woman in Blue","floor":8,"gold_loss":0}],"is_beta":false,"boss_relics":[],"items_purged_floors":[0],"is_endless":false,"potions_floor_spawned":[11,12,13,14],"killed_by":"Slime Boss","ascension_level":0}}