{"host":"6drv1qzpbnls60z2","time":1611574906,"event":{"mods":["ATMod(°¢èªMod)","Act Like it!","Arknights The Spire","BaseMod","Hallownest","Minty Spire (QoL Compilation)","Reimu£¨²©ÀöÁéÃÎ£©","Replay The Spire","Shop Mod","Spicy Shops","StSLib","The Dragonkin","Uncapped","¡¾ÒÅÎï¿¨ÅÆ¡¿REMEMod","óô»ðÖ¸ÄÏ"],"gold_per_floor":[117,137,7,7,20,49,68,68,95,126,49,68,96,113,113,189,189,203,227,29,46,46,81,98,48,97,97,129,149,159,176,176,249,249,263,283,9,24,44,44,56,184,184,203,203,0,0,19,19,19,19],"floor_reached":50,"language":"ZHS","playtime":4066,"items_purged":[],"score":1376,"play_id":"eea21f66-dd27-4cc0-af2f-df0763cb0bfa","local_time":"20210125194146","daily_mods":["SealedDeck"],"is_ascension_mode":true,"campfire_choices":[{"data":"Hello World","floor":15.0,"key":"SMITH"},{"data":"ats:Serious Mode","floor":27.0,"key":"SMITH"},{"data":"ats:Encircling Forest","floor":32.0,"key":"SMITH"},{"data":"AT_TearsDenial","floor":40,"key":"SMITH"},{"data":"ats:Phantom","floor":45,"key":"SMITH"},{"data":"Creative AI","floor":47,"key":"SMITH"},{"data":"ats:Leaping Hammer","floor":49,"key":"PURGE"}],"circlet_count":0,"master_deck":["AscendersBane","AT_FamilyPortrait","AT_TearsDenial+1","FantasyMoon:ReiMu","ats:Hammer On","ats:Magnetic Hammer","ats:Phantom+1","SubAcupoint:ReiMu","FantasyMoon:ReiMu","ats:Shell Defense","ats:Serious Mode+1","ats:Encircling Forest+1","ats:Sashimi Platter","ats:Thorns","OctopathBindingBorder2:ReiMu","ats:Leaping Hammer","Hello World+1","ats:Magnetic Hammer","Flex+1","Enlightenment+1","Creative AI+1","AT_EmpoweredMortalDraw","SpreadBorder2:ReiMu+1","ats:Spore Proliferation+1","Hologram+1","ats:Apocalypse+1","ats:Closed Bolt Burst Fire","REME_ShadowForm","SubAcupoint:ReiMu","Feel No Pain+1","ReplayTheSpireMod:Tripwire+1","ats:Burning Ground","Fire Breathing+1","Spot Weakness+1"],"relics":["ats:Sanity","AT_ATBox","REME_ComplimentaryCards","PrismaticShard","ats:Originium","AT_ArcaneBoots","Toy Ornithopter","AT_ChloranthyRing","Toxic Egg 2","AT_MortalBlade","MerchantsRug","ReplayTheSpireMod:Lightbulb","Art of War","Orichalcum","AT_TrinityForce","AT_TheCollector","MealTicket","The Courier","Red Mask"],"acts_visited":["Exordium","TheCity","TheBeyond"],"potions_floor_usage":[50],"damage_taken":[{"damage":0.0,"enemies":"Cultist","floor":1.0,"turns":2.0},{"damage":1.0,"enemies":"2 Louse","floor":2.0,"turns":4.0},{"damage":10.0,"enemies":"Small Slimes","floor":5.0,"turns":3.0},{"damage":16.0,"enemies":"Lagavulin","floor":6.0,"turns":7.0},{"damage":6.0,"enemies":"2 Fungi Beasts","floor":7.0,"turns":2.0},{"damage":33.0,"enemies":"3 Sentries","floor":10.0,"turns":6.0},{"damage":11.0,"enemies":"Looter","floor":12.0,"turns":3.0},{"damage":31.0,"enemies":"Lagavulin","floor":13.0,"turns":6.0},{"damage":12.0,"enemies":"Exordium Thugs","floor":14.0,"turns":3.0},{"damage":33.0,"enemies":"Hexaghost","floor":16.0,"turns":8.0},{"damage":17.0,"enemies":"Chosen","floor":18.0,"turns":4.0},{"damage":11.0,"enemies":"Spheric Guardian","floor":21.0,"turns":3.0},{"damage":48.0,"enemies":"Slavers","floor":23.0,"turns":3.0},{"damage":13.0,"enemies":"Snecko","floor":24.0,"turns":5.0},{"damage":24.0,"enemies":"Replay:Snechameleon","floor":28.0,"turns":6.0},{"damage":0.0,"enemies":"3 Cultists","floor":29.0,"turns":3.0},{"damage":20.0,"enemies":"Snake Plant","floor":30.0,"turns":3.0},{"damage":16.0,"enemies":"Sentry and Sphere","floor":31.0,"turns":4.0},{"damage":97.0,"enemies":"Collector","floor":33.0,"turns":11.0},{"damage":0,"enemies":"Orb Walker","floor":35,"turns":2},{"damage":16,"enemies":"3 Darklings","floor":36,"turns":2},{"damage":9,"enemies":"Maw","floor":38,"turns":6},{"damage":8,"enemies":"4 Shapes","floor":39,"turns":2},{"damage":0,"enemies":"3 Darklings","floor":41,"turns":1},{"damage":24,"enemies":"Nemesis","floor":42,"turns":7},{"damage":13,"enemies":"Jaw Worm Horde","floor":44,"turns":3},{"damage":23,"enemies":"4 Shapes","floor":48,"turns":4},{"damage":125,"enemies":"Awakened One","floor":50,"turns":4}],"seed_played":"-1539754054660585018","potions_obtained":[{"floor":1.0,"key":"DistilledChaos"},{"floor":5.0,"key":"Venom Potion"},{"floor":6.0,"key":"Strength Potion"},{"floor":8.0,"key":"REME_GoldPotion"},{"floor":8.0,"key":"Swift Potion"},{"floor":14.0,"key":"Fire Potion"},{"floor":16.0,"key":"FearPotion"},{"floor":18.0,"key":"Adrenaline Potion"},{"floor":21.0,"key":"Adrenaline Potion"},{"floor":24.0,"key":"GamblersBrew"},{"floor":28.0,"key":"FearPotion"},{"floor":36,"key":"Languid Potion"},{"floor":38,"key":"Doom Potion"},{"floor":48,"key":"Adrenaline Potion"}],"is_trial":true,"path_per_floor":["M","M","$","?","M","E","M","?","T","E","$","M","E","M","R","B",null,"M","T","$","M","?","E","M","$","T","R","E","M","M","M","R","B",null,"M","M","$","M","M","R","M","E","T","M","R","?","R","M","R","B"],"character_chosen":"DOCTOR_CLASS","items_purchased":["OctopathBindingBorder2:ReiMu","ats:Leaping Hammer","ats:Magnetic Hammer","ats:Spore Proliferation+1","MerchantsRug","ats:Closed Bolt Burst Fire","AT_TheCollector"],"campfire_rested":0,"item_purchase_floors":[3,3,11,20,20,25,37],"current_hp_per_floor":[71,72,72,72,62,63,57,57,57,39,39,42,44,41,41,38,64,56,63,63,63,63,20,15,15,15,15,17,29,21,38,38,11,62,67,54,54,61,53,53,53,30,30,61,61,61,61,79,79,0,0],"gold":19,"neow_bonus":"","is_daily":false,"chose_seed":false,"campfire_upgraded":6,"win_rate":0.0,"timestamp":1611574906,"path_taken":["M","?","$","?","M","E","M","?","T","E","$","M","E","M","R","BOSS","M","?","$","M","?","E","?","$","T","R","E","M","M","?","R","BOSS","M","M","$","M","M","R","M","E","T","M","R","?","R","M","R","BOSS"],"items_purchased_type":["Card","Card","Card","Card","Relic","Card","Relic"],"build_version":"2020-12-22","purchased_purges":0,"victory":false,"max_hp_per_floor":[72,72,72,72,72,72,72,72,72,72,72,72,72,72,72,72,72,72,79,79,79,79,79,79,79,79,79,79,79,79,79,79,79,79,79,79,79,79,79,79,79,79,79,79,79,79,79,79,79,79,79],"card_choices":[{"not_picked":["Intuition:ReiMu","BarrageOfMoneybags:ReiMu","ats:Flame Of Heaven"],"picked":"SKIP","floor":1.0},{"not_picked":["ats:Leaping Hammer","Meditation:ReiMu"],"picked":"ats:Thorns","floor":2.0},{"not_picked":["Gathering:ReiMu","RainPray2:ReiMu"],"picked":"Hello World","floor":5.0},{"not_picked":["Blade Dance","Establishment","PrepareRite:ReiMu"],"picked":"SKIP","floor":6.0},{"not_picked":["FollowUp","Skewer","Swivel"],"picked":"SKIP","floor":7.0},{"not_picked":["REME_MagicPocketWatch","Auto Shields","ReplayTheSpireMod:GoodbyeWorld"],"picked":"SKIP","floor":10.0},{"not_picked":["Rebound","ats:Powerful Strike","Consume"],"picked":"SKIP","floor":12.0},{"not_picked":["ForcedLanding:ReiMu","Replay:Cycle+1"],"picked":"Flex+1","floor":13.0},{"not_picked":["Leap+1","CrushJoints"],"picked":"Enlightenment+1","floor":14.0},{"not_picked":["ats:Roar Of Ursus","RunawayExorcism:ReiMu+1"],"picked":"Creative AI","floor":16.0},{"not_picked":["True Grit+1","ReplayTheSpireMod:System Scan+1"],"picked":"SpreadBorder2:ReiMu+1","floor":18.0},{"not_picked":["KamiSacrifice:ReiMu+1","Anger"],"picked":"Hologram+1","floor":21.0},{"not_picked":["theDragonkin:GoldenFlames","SafetyPray:ReiMu+1","ats:Consecutive Shot Auto"],"picked":"SKIP","floor":23.0},{"not_picked":["AT_CaressingTears+1","ats:Rapid Magazine"],"picked":"ats:Apocalypse+1","floor":24.0},{"not_picked":["Flame Barrier+1","Shrug It Off+1"],"picked":"REME_ShadowForm","floor":28.0},{"not_picked":["Redo+1","TightArray:ReiMu"],"picked":"SubAcupoint:ReiMu","floor":29.0},{"not_picked":["Wild Strike","Replay:BluntJabs","Perfected Strike+1"],"picked":"SKIP","floor":30.0},{"not_picked":["True Grit+1","TakeOff:ReiMu+1","Corpse Explosion+1"],"picked":"SKIP","floor":31.0},{"not_picked":["CareerPray:ReiMu+1","Iron Wave"],"picked":"Feel No Pain+1","floor":35},{"not_picked":["Iron Wave","Compile Driver+1","Replay:AtTheReady+1"],"picked":"SKIP","floor":36},{"not_picked":["Heavy Blade","Anger"],"picked":"ReplayTheSpireMod:Tripwire+1","floor":38},{"not_picked":["Replay:ManipulateFuture+1","Barrage+1"],"picked":"ats:Burning Ground","floor":39},{"not_picked":["Replay:Cycle+1","Slice","Glass Knife"],"picked":"SKIP","floor":41},{"not_picked":["Flying Knee","Coolheaded+1"],"picked":"Fire Breathing+1","floor":42},{"not_picked":["Heavy Blade","Twin Strike"],"picked":"Spot Weakness+1","floor":44},{"not_picked":["Heel Hook+1","EmptyFist","ats:Revitalization+1"],"picked":"SKIP","floor":48}],"player_experience":124980,"relics_obtained":[{"floor":6.0,"key":"ats:Originium"},{"floor":6.0,"key":"AT_SpeedBoots"},{"floor":9.0,"key":"Toy Ornithopter"},{"floor":10.0,"key":"ats:Originium"},{"floor":10.0,"key":"AT_ChloranthyRing"},{"floor":13.0,"key":"ats:Originium"},{"floor":13.0,"key":"Toxic Egg 2"},{"floor":19.0,"key":"Strawberry"},{"floor":23.0,"key":"ats:Originium"},{"floor":23.0,"key":"ReplayTheSpireMod:Lightbulb"},{"floor":26.0,"key":"Art of War"},{"floor":28.0,"key":"Orichalcum"},{"floor":42,"key":"MealTicket"},{"floor":43,"key":"The Courier"}],"event_choices":[{"damage_healed":0.0,"max_hp_gain":0.0,"max_hp_loss":0.0,"gold_gain":0.0,"event_name":"Lab","player_choice":"Got Potions","floor":8.0,"gold_loss":0.0,"damage_taken":0.0},{"cards_removed":["Amnesia"],"damage_healed":0.0,"max_hp_gain":0.0,"max_hp_loss":0.0,"gold_gain":0.0,"event_name":"Purifier","player_choice":"Purged","floor":22.0,"gold_loss":0.0,"damage_taken":0.0},{"damage_healed":0,"gold_gain":0,"player_choice":"Paid","damage_taken":0,"relics_obtained":["Red Mask"],"max_hp_gain":0,"max_hp_loss":0,"event_name":"Tomb of Lord Red Mask","floor":46,"gold_loss":203}],"is_beta":false,"boss_relics":[{"not_picked":["Ring of Chaos","Tiny House"],"picked":"AT_MortalBlade"},{"not_picked":["Black Star","REME_ChargedStone"],"picked":"AT_TrinityForce"}],"items_purged_floors":[],"is_endless":true,"potions_floor_spawned":[1,5,6,14,16,18,21,24,28,36,38,48],"killed_by":"Awakened One","ascension_level":20}}