{"host":"Mute","time":1611578850,"event":{"mods":["BaseMod","Colored Map","Downfall","Minty Spire (QoL Compilation)","StSLib"],"gold_per_floor":[99,99,99,29,129,129,153,153,170,170,187,187,202,236,267,384,396,408,439,451,463,494,506,518,530,553,565,565,565],"floor_reached":27,"language":"ENG","playtime":1009,"items_purged":[],"score":209,"play_id":"36d2159c-5dee-420c-bdda-c77a7072b70e","local_time":"20210125074730","is_ascension_mode":false,"campfire_choices":[{"data":"Slimebound:Split","floor":1,"key":"SMITH"},{"data":"Slimebound:LevelUp","floor":6,"key":"SMITH"},{"data":"Slimebound:GoopSpray","floor":8,"key":"SMITH"},{"data":"Slimebound:SplitMire","floor":10,"key":"SMITH"},{"data":"Slimebound:PressTheAttack","floor":12,"key":"SMITH"},{"data":"Slimebound:MinionMaster","floor":18,"key":"SMITH"},{"data":"Slimebound:PressTheAttack","floor":23,"key":"SMITH"}],"circlet_count":0,"master_deck":["Slimebound:Strike_Slimebound","Slimebound:Strike_Slimebound","Slimebound:Strike_Slimebound","Slimebound:Tackle+1","Slimebound:Defend_Slimebound","Slimebound:Defend_Slimebound","Slimebound:Defend_Slimebound","Slimebound:Defend_Slimebound","Slimebound:Split+1","Slimebound:CorrosiveSpit","Slimebound:PressTheAttack+1","Slimebound:SplitMire+1","Slimebound:GoopSpray+1","Slimebound:LevelUp+1","Slimebound:Schlurp","Slimebound:PressTheAttack+1","Slimebound:PressTheAttack+1","Slimebound:SpikyOuterGoop","Slimebound:MinionMaster+1","Slimebound:SlimeBarrage+1","Slimebound:LeadByExample+1","Slimebound:SpikyOuterGoop","Pain","Slimebound:LeechingTouch"],"relics":["Slimebound:AbsorbEndCombat","downfall:HeartsMalice","Whetstone","MawBank","Cursed Key","Bag of Preparation"],"acts_visited":["Exordium","TheCity"],"potions_floor_usage":[13],"damage_taken":[{"damage":0,"enemies":"Cultist","floor":2,"turns":1},{"damage":0,"enemies":"Jaw Worm","floor":3,"turns":1},{"damage":0,"enemies":"downfall:FleeingMerchant","floor":4,"turns":1},{"damage":0,"enemies":"Small Slimes","floor":9,"turns":2},{"damage":15,"enemies":"Exordium Thugs","floor":11,"turns":4},{"damage":5,"enemies":"3 Louse","floor":13,"turns":2},{"damage":22,"enemies":"Gremlin Nob","floor":14,"turns":4},{"damage":11,"enemies":"Blue Slaver","floor":15,"turns":3},{"damage":21,"enemies":"IC_STATUS_ARCHETYPE","floor":16,"turns":6},{"damage":10,"enemies":"Spheric Guardian","floor":19,"turns":4},{"damage":23,"enemies":"Sentry and Sphere","floor":22,"turns":4},{"damage":27,"enemies":"Centurion and Healer","floor":26,"turns":4},{"damage":13,"enemies":"Slavers","floor":27,"turns":1}],"seed_played":"-3105130377386264187","potions_obtained":[{"floor":9,"key":"Slimebound:SlimedPotion"},{"floor":13,"key":"Strength Potion"},{"floor":14,"key":"Slimebound:SlimedPotion"},{"floor":15,"key":"sneckomod:MuddlingPotion"}],"is_trial":false,"path_per_floor":["R","M","M","$","?","R","T","R","M","R","M","R","M","E","M","B",null,"R","M","?","?","M","R","T","?","M","E"],"character_chosen":"SLIMEBOUND","items_purchased":["Slimebound:LevelUp"],"campfire_rested":0,"item_purchase_floors":[4],"current_hp_per_floor":[65,65,65,65,65,65,65,65,65,65,54,54,53,39,34,21,65,65,55,55,47,32,32,32,32,13,0,0,0],"gold":565,"neow_bonus":"THREE_ENEMY_KILL","is_daily":false,"chose_seed":false,"campfire_upgraded":7,"win_rate":0.0,"timestamp":1611578850,"path_taken":["R","M","M","$","?","R","T","R","?","R","M","R","M","E","M","BOSS","R","M","?","?","?","R","T","?","M","E"],"items_purchased_type":["Card"],"build_version":"2020-12-18","purchased_purges":0,"victory":false,"max_hp_per_floor":[65,65,65,65,65,65,65,65,65,65,65,65,65,65,65,65,65,65,65,65,65,65,65,65,65,65,65,65,65],"card_choices":[{"not_picked":["Slimebound:DisruptingSlam","Slimebound:LeechingTouch"],"picked":"Slimebound:PressTheAttack","floor":2},{"not_picked":["Slimebound:LeechEnergy","Slimebound:SlimeBrawl"],"picked":"Slimebound:SplitMire","floor":3},{"not_picked":["Slimebound:HauntingLick","Slimebound:ProtectTheBoss"],"picked":"Slimebound:GoopSpray","floor":4},{"not_picked":["Slimebound:SlimeBrawl","Slimebound:GoopTackle"],"picked":"Slimebound:Schlurp","floor":9},{"not_picked":["Slimebound:LeechLife","Slimebound:AcidTongue"],"picked":"Slimebound:PressTheAttack","floor":11},{"not_picked":["Slimebound:Dissolve","Slimebound:SlimeSpikes"],"picked":"Slimebound:PressTheAttack","floor":13},{"not_picked":["Slimebound:ForwardTackle","Slimebound:ComboTackle"],"picked":"Slimebound:SpikyOuterGoop","floor":14},{"not_picked":["Slimebound:Schlurp","Slimebound:FinishingTackle","Slimebound:Dissolve"],"picked":"SKIP","floor":15},{"not_picked":["Slimebound:CheckThePlaybook","Slimebound:MassRepurpose"],"picked":"Slimebound:MinionMaster","floor":16},{"not_picked":["Slimebound:PressTheAttack+1","Slimebound:Repurpose"],"picked":"Slimebound:SlimeBarrage+1","floor":19},{"not_picked":["Slimebound:Prepare+1","Slimebound:SplitAcid"],"picked":"Slimebound:SpikyOuterGoop","floor":22},{"not_picked":["Slimebound:FinishingTackle","Slimebound:ForwardTackle+1"],"picked":"Slimebound:LeechingTouch","floor":26}],"player_experience":439187,"relics_obtained":[{"floor":7,"key":"Whetstone"},{"floor":14,"key":"MawBank"},{"floor":24,"key":"Bag of Preparation"}],"event_choices":[{"damage_healed":0,"gold_gain":0,"player_choice":"Read","damage_taken":0,"max_hp_gain":0,"max_hp_loss":0,"event_name":"The Library","floor":20,"gold_loss":0,"cards_obtained":["Slimebound:LeadByExample"]}],"is_beta":true,"boss_relics":[{"not_picked":["Empty Cage","Snecko Eye"],"picked":"Cursed Key"}],"items_purged_floors":[],"is_endless":false,"potions_floor_spawned":[9,13,14,15],"killed_by":"Slavers","ascension_level":0}}