{"host":"fuszjwm6fqgjjp4d","time":1611607433,"event":{"mods":["BaseMod","Bestiary","Colored Map","DeckTracker","Minty Spire (QoL Compilation)","Permanent Neow","Relic Sorter","Relic Stats","StSLib"],"gold_per_floor":[114,1,301,315,46,46,79,99,99,133,149,164,182,196,196,270,270,283,36,36,53,71,71,71],"floor_reached":23,"language":"ENG","playtime":1417,"items_purged":["Strike_G"],"score":410,"play_id":"40e48ea0-997c-4381-a76a-744bb2049d23","local_time":"20210125144353","is_ascension_mode":true,"campfire_choices":[{"data":"Predator","floor":6,"key":"SMITH"},{"data":"Malaise","floor":15,"key":"SMITH"}],"circlet_count":0,"master_deck":["AscendersBane","Strike_G","Strike_G","Strike_G","Defend_G","Defend_G","Defend_G","Defend_G","Defend_G","Survivor","Neutralize","Malaise+1","Poisoned Stab","Dash","Predator+1","Well Laid Plans","Leg Sweep","Deadly Poison","Die Die Die","Footwork","Footwork"],"relics":["Ring of the Snake","Old Coin","Blood Vial","Bottled Lightning","Eternal Feather","Shuriken","Velvet Choker","DollysMirror"],"acts_visited":["Exordium","TheCity"],"potions_floor_usage":[10,10,10,12,16,23,23],"damage_taken":[{"damage":3.0,"enemies":"Cultist","floor":1.0,"turns":5.0},{"damage":0,"enemies":"2 Louse","floor":4,"turns":3},{"damage":24,"enemies":"Gremlin Nob","floor":7,"turns":4},{"damage":3,"enemies":"Small Slimes","floor":8,"turns":3},{"damage":23,"enemies":"Lagavulin","floor":10,"turns":8},{"damage":2,"enemies":"Looter","floor":11,"turns":4},{"damage":5,"enemies":"Gremlin Gang","floor":12,"turns":4},{"damage":2,"enemies":"Exordium Thugs","floor":13,"turns":5},{"damage":3,"enemies":"Looter","floor":14,"turns":4},{"damage":11,"enemies":"The Guardian","floor":16,"turns":14},{"damage":8,"enemies":"3 Byrds","floor":18,"turns":8},{"damage":1,"enemies":"Shell Parasite","floor":21,"turns":8},{"damage":3,"enemies":"Snecko","floor":22,"turns":9},{"damage":50,"enemies":"Slavers","floor":23,"turns":7}],"seed_played":"8490111782681355565","potions_obtained":[{"floor":8,"key":"EntropicBrew"},{"floor":11,"key":"AttackPotion"},{"floor":13,"key":"CunningPotion"},{"floor":16,"key":"Block Potion"},{"floor":22,"key":"AttackPotion"}],"is_trial":false,"path_per_floor":["M","$","?","M","$","R","E","M","T","E","M","M","M","M","R","B",null,"M","$","?","M","M","E"],"character_chosen":"THE_SILENT","items_purchased":["Footwork","Dash","Well Laid Plans","Blood Vial","Footwork","DollysMirror"],"campfire_rested":0,"item_purchase_floors":[2,2,5,5,19,19],"current_hp_per_floor":[56,56,56,56,56,56,34,33,33,12,12,9,9,8,17,8,52,46,46,46,47,46,0,0],"gold":71,"neow_bonus":"ONE_RANDOM_RARE_CARD","is_daily":false,"chose_seed":false,"campfire_upgraded":2,"win_rate":0.0,"timestamp":1611607433,"path_taken":["M","?","?","?","?","R","E","M","T","E","M","M","M","M","R","BOSS","M","?","?","?","M","E"],"items_purchased_type":["Card","Card","Card","Relic","Card","Relic"],"build_version":"2020-12-22","purchased_purges":1,"victory":false,"max_hp_per_floor":[66,66,66,66,66,66,66,66,66,66,66,66,66,66,66,66,66,66,66,66,66,66,66,66],"relic_stats":{"Blood Vial":24,"counters":[14,86],"Shuriken":[12],"Eternal Feather":9,"obtain_stats":[{"Blood Vial":5,"Shuriken":10,"DollysMirror":19,"Velvet Choker":17,"Eternal Feather":9,"Bottled Lightning":7,"Ring of the Snake":0,"Old Coin":3},{"Blood Vial":2,"Shuriken":5,"DollysMirror":11,"Velvet Choker":10,"Eternal Feather":4,"Bottled Lightning":3,"Ring of the Snake":0,"Old Coin":1},{"Blood Vial":8,"Shuriken":23,"DollysMirror":62,"Velvet Choker":54,"Eternal Feather":15,"Bottled Lightning":12,"Ring of the Snake":0,"Old Coin":5}],"Ring of the Snake":[28]},"card_choices":[{"not_picked":["Sucker Punch","Outmaneuver"],"picked":"Poisoned Stab","floor":1},{"not_picked":["Flying Knee","Underhanded Strike"],"picked":"Predator","floor":4},{"not_picked":["Quick Slash","Outmaneuver","Backflip"],"picked":"SKIP","floor":7},{"not_picked":["Noxious Fumes","Flying Knee"],"picked":"Leg Sweep","floor":8},{"not_picked":["Quick Slash","Backflip","Doppelganger"],"picked":"SKIP","floor":10},{"not_picked":["Dodge and Roll","Setup","Dagger Throw"],"picked":"SKIP","floor":11},{"not_picked":["Flying Knee","Underhanded Strike"],"picked":"Deadly Poison","floor":12},{"not_picked":["Finisher","Masterful Stab","Distraction"],"picked":"SKIP","floor":13},{"not_picked":["Leg Sweep","Masterful Stab","Reflex"],"picked":"SKIP","floor":14},{"not_picked":["Unload","Glass Knife"],"picked":"Die Die Die","floor":16},{"not_picked":["Finisher","Dagger Throw+1","Expertise"],"picked":"SKIP","floor":18},{"not_picked":["Dagger Throw","Calculated Gamble","Deflect"],"picked":"SKIP","floor":21},{"not_picked":["Choke","Underhanded Strike","Outmaneuver"],"picked":"SKIP","floor":22}],"player_experience":1346678,"relics_obtained":[{"floor":7,"key":"Bottled Lightning"},{"floor":9,"key":"Eternal Feather"},{"floor":10,"key":"Shuriken"}],"event_choices":[{"cards_removed":["Footwork"],"damage_healed":0,"gold_gain":0,"player_choice":"Gave Card","damage_taken":0,"relics_obtained":["Old Coin"],"max_hp_gain":0,"max_hp_loss":0,"event_name":"WeMeetAgain","floor":3,"gold_loss":0},{"cards_removed":["Strike_G"],"damage_healed":0,"gold_gain":0,"player_choice":"Purged","damage_taken":0,"max_hp_gain":0,"max_hp_loss":0,"event_name":"Purifier","floor":20,"gold_loss":0}],"is_beta":false,"boss_relics":[{"not_picked":["SacredBark","WristBlade"],"picked":"Velvet Choker"}],"items_purged_floors":[5],"is_endless":false,"potions_floor_spawned":[8,11,13,16,22],"killed_by":"Slavers","ascension_level":20}}