{"host":"qt939hhvrbc28rjp","time":1611582153,"event":{"mods":["BaseMod","Minty Spire (QoL Compilation)","Quick Restart","StSLib","SuperFastMode"],"gold_per_floor":[110,130,149,223,223,255,290,319,319,319,347,365,400,415,415,486,486,504,95,95,149,166,192,223,257,257,257,257,289,315,157,157,232,232,242,55,55,69,97,130,164,194,219,251,9,34,61,87,87,87,87],"floor_reached":52,"language":"KOR","playtime":1947,"items_purged":["Doom and Gloom","Demon Form"],"score":3636,"play_id":"ed23b5f6-faa4-4f13-8b7d-ed7f6d1c811e","local_time":"20210125224233","daily_mods":["SealedDeck","Vintage","Heirloom","Time Dilation","Flight","DeadlyEvents","Elite Swarm"],"is_ascension_mode":true,"campfire_choices":[{"data":"Creative AI","floor":10.0,"key":"SMITH"},{"data":"Echo Form","floor":15.0,"key":"SMITH"},{"data":"Apotheosis","floor":27.0,"key":"SMITH"},{"data":"DevaForm","floor":28.0,"key":"SMITH"},{"data":"Wraith Form v2","floor":32.0,"key":"SMITH"},{"data":"Force Field","floor":49,"key":"SMITH"}],"circlet_count":0,"master_deck":["Wraith Form v2+1","Echo Form+1","DevaForm+1","AscendersBane","Melter+1","Consume","Force Field+1","Ball Lightning","Chill","Recycle","Capacitor","White Noise","Glacier+1","Fission","Creative AI+1","Amplify","Rainbow","Fission","Apotheosis+1","Loop","Chaos","Electrodynamics","Seek","Buffer","Buffer","Flash of Steel","Core Surge","Defragment","Panacea","Biased Cognition","Core Surge","Creative AI","Capacitor","Machine Learning"],"relics":["Cracked Core","Thread and Needle","Pear","Anchor","Mummified Hand","TungstenRod","PreservedInsect","Smiling Mask","Ornamental Fan","Toy Ornithopter","Art of War","Letter Opener","Nunchaku","Coffee Dripper","Bronze Scales","Regal Pillow","Blood Vial","Prayer Wheel","Calipers","Turnip","Bottled Lightning","Orichalcum","Lizard Tail","Sozu","Bottled Flame","StrikeDummy","Boot","Strawberry","Bag of Marbles","DataDisk","Ancient Tea Set","CaptainsWheel","ClockworkSouvenir","Bottled Tornado","Oddly Smooth Stone","MealTicket"],"acts_visited":["Exordium","TheCity","TheBeyond"],"potions_floor_usage":[51,51],"damage_taken":[{"damage":0.0,"enemies":"2 Louse","floor":1.0,"turns":2.0},{"damage":7.0,"enemies":"Jaw Worm","floor":2.0,"turns":5.0},{"damage":0.0,"enemies":"Small Slimes","floor":3.0,"turns":2.0},{"damage":0.0,"enemies":"Gremlin Nob","floor":6.0,"turns":4.0},{"damage":0.0,"enemies":"3 Sentries","floor":7.0,"turns":6.0},{"damage":0.0,"enemies":"Gremlin Nob","floor":8.0,"turns":3.0},{"damage":0.0,"enemies":"Lagavulin","floor":11.0,"turns":4.0},{"damage":0.0,"enemies":"Blue Slaver","floor":12.0,"turns":3.0},{"damage":6.0,"enemies":"Gremlin Nob","floor":13.0,"turns":4.0},{"damage":0.0,"enemies":"Red Slaver","floor":14.0,"turns":2.0},{"damage":3.0,"enemies":"The Guardian","floor":16.0,"turns":7.0},{"damage":0.0,"enemies":"Shell Parasite","floor":18.0,"turns":4.0},{"damage":0.0,"enemies":"2 Thieves","floor":22.0,"turns":4.0},{"damage":3.0,"enemies":"Book of Stabbing","floor":23.0,"turns":4.0},{"damage":15.0,"enemies":"Gremlin Leader","floor":24.0,"turns":5.0},{"damage":5.0,"enemies":"Slavers","floor":25.0,"turns":3.0},{"damage":0.0,"enemies":"Book of Stabbing","floor":29.0,"turns":2.0},{"damage":0.0,"enemies":"Gremlin Leader","floor":30.0,"turns":3.0},{"damage":0.0,"enemies":"Champ","floor":33.0,"turns":6.0},{"damage":0.0,"enemies":"3 Shapes","floor":35.0,"turns":3.0},{"damage":0.0,"enemies":"Orb Walker","floor":38.0,"turns":2.0},{"damage":0.0,"enemies":"Reptomancer","floor":39.0,"turns":5.0},{"damage":0,"enemies":"Giant Head","floor":40,"turns":3},{"damage":0,"enemies":"Reptomancer","floor":41,"turns":5},{"damage":0,"enemies":"Giant Head","floor":42,"turns":5},{"damage":3,"enemies":"Nemesis","floor":44,"turns":5},{"damage":0,"enemies":"Reptomancer","floor":46,"turns":4},{"damage":0,"enemies":"Nemesis","floor":47,"turns":3},{"damage":0,"enemies":"Reptomancer","floor":48,"turns":4},{"damage":0,"enemies":"Time Eater","floor":50,"turns":8},{"damage":0,"enemies":"Awakened One","floor":51,"turns":7}],"seed_played":"6110139522952146008","potions_obtained":[{"floor":2.0,"key":"Fire Potion"},{"floor":7.0,"key":"Energy Potion"},{"floor":8.0,"key":"SpeedPotion"},{"floor":11.0,"key":"AttackPotion"},{"floor":14.0,"key":"CultistPotion"},{"floor":25.0,"key":"Swift Potion"},{"floor":30.0,"key":"SkillPotion"},{"floor":33.0,"key":"LiquidBronze"}],"is_trial":true,"path_per_floor":["M","M","M","?","?","E","E","E","T","R","E","M","E","M","R","B",null,"M","$","?","T","M","E","E","E","T","R","R","E","E","$","R","B",null,"M","$","?","M","E","E","E","E","T","E","$","E","E","E","R","B","B",null],"character_chosen":"DEFECT","items_purchased":["Apotheosis","Loop","Chaos","Flash of Steel","Defragment","Panacea","ClockworkSouvenir","Capacitor"],"campfire_rested":0,"item_purchase_floors":[19,19,19,31,36,36,45,45],"current_hp_per_floor":[74,67,67,67,43,43,43,43,43,43,43,48,42,42,42,39,71,71,71,49,49,49,48,35,37,37,37,37,44,46,46,46,48,77,79,79,79,81,83,92,93,93,93,90,90,92,93,93,93,93,93],"gold":87,"neow_bonus":"","is_daily":false,"chose_seed":false,"campfire_upgraded":6,"win_rate":0.0,"timestamp":1611582153,"path_taken":["M","M","M","?","?","E","E","E","T","R","E","?","E","M","R","BOSS","M","$","?","?","M","E","E","E","T","R","R","E","E","$","R","BOSS","M","$","?","?","?","E","E","E","T","E","$","E","E","E","R","BOSS","BOSS"],"items_purchased_type":["Card","Card","Card","Card","Card","Card","Relic","Card"],"build_version":"2020-12-22","purchased_purges":2,"victory":true,"max_hp_per_floor":[81,81,81,81,81,81,81,81,81,81,81,81,81,81,81,81,81,81,81,86,86,86,86,86,86,86,86,86,86,86,86,86,86,86,86,86,86,86,86,93,93,93,93,93,93,93,93,93,93,93,93],"card_choices":[{"not_picked":["Hyperbeam","Thunder Strike"],"picked":"Fission","floor":6.0},{"not_picked":["Reboot","All For One"],"picked":"Creative AI","floor":7.0},{"not_picked":["Fission","Meteor Strike"],"picked":"Amplify","floor":8.0},{"not_picked":["Reboot","Biased Cognition"],"picked":"Rainbow","floor":11.0},{"not_picked":["All For One","Creative AI"],"picked":"Thunder Strike","floor":13.0},{"not_picked":["Meteor Strike","All For One"],"picked":"Fission","floor":16.0},{"not_picked":["Meteor Strike","Amplify","Multi-Cast"],"picked":"SKIP","floor":23.0},{"not_picked":["Core Surge","Echo Form"],"picked":"Electrodynamics","floor":24.0},{"not_picked":["Reboot","Meteor Strike"],"picked":"Seek","floor":25.0},{"not_picked":["Core Surge","Meteor Strike"],"picked":"Buffer","floor":29.0},{"not_picked":["Amplify","Seek"],"picked":"Buffer","floor":30.0},{"not_picked":["Fission","Biased Cognition"],"picked":"Core Surge","floor":33.0},{"not_picked":["Seek","All For One"],"picked":"Biased Cognition","floor":39.0},{"not_picked":["Meteor Strike","All For One","Creative AI"],"picked":"SKIP","floor":40},{"not_picked":["Rainbow","All For One","Amplify"],"picked":"SKIP","floor":41},{"not_picked":["Echo Form","Hyperbeam"],"picked":"Core Surge","floor":42},{"not_picked":["Electrodynamics","Hyperbeam"],"picked":"Creative AI","floor":44},{"not_picked":["Amplify","Rainbow"],"picked":"Machine Learning","floor":46},{"not_picked":["Multi-Cast","Meteor Strike","Hyperbeam"],"picked":"SKIP","floor":47},{"not_picked":["Rainbow","Biased Cognition","Multi-Cast"],"picked":"SKIP","floor":48}],"player_experience":1380477,"relics_obtained":[{"floor":1.0,"key":"Pear"},{"floor":2.0,"key":"Anchor"},{"floor":3.0,"key":"Mummified Hand"},{"floor":6.0,"key":"TungstenRod"},{"floor":7.0,"key":"PreservedInsect"},{"floor":8.0,"key":"Smiling Mask"},{"floor":9.0,"key":"Ornamental Fan"},{"floor":11.0,"key":"Toy Ornithopter"},{"floor":12.0,"key":"Art of War"},{"floor":13.0,"key":"Letter Opener"},{"floor":14.0,"key":"Nunchaku"},{"floor":18.0,"key":"Bronze Scales"},{"floor":21.0,"key":"Regal Pillow"},{"floor":22.0,"key":"Blood Vial"},{"floor":23.0,"key":"Prayer Wheel"},{"floor":24.0,"key":"Calipers"},{"floor":25.0,"key":"Turnip"},{"floor":26.0,"key":"Bottled Lightning"},{"floor":29.0,"key":"Orichalcum"},{"floor":30.0,"key":"Lizard Tail"},{"floor":35.0,"key":"Bottled Flame"},{"floor":38.0,"key":"StrikeDummy"},{"floor":39.0,"key":"Boot"},{"floor":40,"key":"Strawberry"},{"floor":41,"key":"Bag of Marbles"},{"floor":42,"key":"DataDisk"},{"floor":43,"key":"Ancient Tea Set"},{"floor":44,"key":"CaptainsWheel"},{"floor":46,"key":"Bottled Tornado"},{"floor":47,"key":"Oddly Smooth Stone"},{"floor":48,"key":"MealTicket"}],"event_choices":[{"damage_healed":0.0,"max_hp_gain":0.0,"max_hp_loss":0.0,"gold_gain":74.0,"event_name":"Golden Wing","player_choice":"Gained Gold","floor":4.0,"gold_loss":0.0,"damage_taken":0.0},{"damage_healed":0.0,"max_hp_gain":0.0,"max_hp_loss":0.0,"gold_gain":0.0,"event_name":"Shining Light","player_choice":"Entered Light","floor":5.0,"gold_loss":0.0,"damage_taken":24.0,"cards_upgraded":["Glacier","Melter"]},{"damage_healed":0.0,"max_hp_gain":5.0,"max_hp_loss":0.0,"gold_gain":0.0,"event_name":"Forgotten Altar","player_choice":"Shed Blood","floor":20.0,"gold_loss":0.0,"damage_taken":28.0},{"cards_removed":["Thunder Strike"],"damage_healed":0.0,"max_hp_gain":0.0,"max_hp_loss":0.0,"gold_gain":0.0,"event_name":"Falling","player_choice":"Removed Attack","floor":37.0,"gold_loss":0.0,"damage_taken":0.0}],"is_beta":false,"boss_relics":[{"not_picked":["Inserter","Empty Cage"],"picked":"Coffee Dripper"},{"not_picked":["Velvet Choker","Busted Crown"],"picked":"Sozu"}],"items_purged_floors":[19,31],"is_endless":false,"potions_floor_spawned":[2,7,8,11,14,16,18,24,25,30,33,40,44,46,47,48],"ascension_level":20}}