{"host":"bavx0eibpuvdy04q","time":1611558634,"event":{"mods":["BaseMod","BetterRewards","Friendly Minions","Hermit","Hubris","Infinite Spire","KinomotoSakuraMod(????)","Kiyohime????","Koishi","LagranYue(???·?)","Marisa????????","Minty Spire (QoL Compilation)","Prisma Mod","Remilia??????","Replay The Spire","StSLib","The Administrix","The Alterego","The Animator","The Construct","The Cursed","The Disciple","The Hierophant","The Mystic","The Necromancer","The Runesmith","The Senshi","The Servant 0.9.4","Yakumo Yukari mod","Yuri Mod"],"gold_per_floor":[110,124,134,134,147,181,196,196,196,209,209,226,246,9,9,112,112,122,62,76,96,6,40,55,55,55,73,88,107,127,127,127,228,228,246,262,262,282,297,317,337,337,337,337,355,386,401,419,419,419,419],"floor_reached":50,"language":"ENG","playtime":5864,"items_purged":[],"score":635,"play_id":"4e0d1eca-0352-4fe8-a58f-14e876ac8a91","local_time":"20210125001034","is_ascension_mode":false,"campfire_choices":[{"data":"PrismaMod:IllyaPartialInstallAssassin","floor":8,"key":"SMITH"},{"data":"PrismaMod:IllyaUpgradeOrbs","floor":15,"key":"SMITH"},{"floor":25,"key":"REST"},{"data":"PrismaMod:IllyaBoysLove","floor":32,"key":"SMITH"},{"data":"PrismaMod:IllyaBoysLove","floor":42,"key":"SMITH"},{"floor":49,"key":"REST"}],"circlet_count":0,"master_deck":["PrismaMod:IllyaCommonAttack","PrismaMod:IllyaCommonDefend","PrismaMod:IllyaCommonAttack","PrismaMod:IllyaCommonDefend","PrismaMod:IllyaCommonAttack","PrismaMod:IllyaCommonDefend","PrismaMod:IllyaCommonAttack","PrismaMod:IllyaCommonDefend","PrismaMod:IllyaCommonAttack","PrismaMod:IllyaCommonDefend","PrismaMod:IllyaUncommonAttack","PrismaMod:IllyaUncommonDefend","PrismaMod:IllyaPartialInstallAssassin+1","PrismaMod:IllyaUncommonAOEAttack","PrismaMod:IllyaCheapChannelDefend","PrismaMod:IllyaBlindPoisonToss","PrismaMod:IllyaCheapChannelAttack","PrismaMod:IllyaDualEvoke","PrismaMod:IllyaUncommonAOEAttack","PrismaMod:IllyaBoysLove+1","PrismaMod:IllyaUpgradeOrbs+1","PrismaMod:IllyaBoysLove","PrismaMod:IllyaCarnivalAttack+1","PrismaMod:IllyaUpgradeOrbs+1","PrismaMod:IllyaInstallAvenger","PrismaMod:IllyaUberChannel+1","PrismaMod:IllyaCheapChannelDefend","PrismaMod:IllyaBoysLove+1","PrismaMod:IllyaRubysPotion+1","PrismaMod:IllyaRubysPotion+1","PrismaMod:IllyaCheapChannelPoison","PrismaMod:IllyaCommandSeal+1","PrismaMod:IllyaAOECommonAttack+1","PrismaMod:IllyaPartialInstallAssassin+1","PrismaMod:IllyaAOECommonAttack","PrismaMod:IllyaUberAttackChannel","CommonCold","ReplayTheSpireMod:Faulty Equipment","CurseOfTheBell","PrismaMod:IllyaBlindPoisonToss+1","PrismaMod:IllyaCheapChannelDefend+1","Dramatic Entrance","PrismaMod:IllyaCheapChannelDefend+1","PrismaMod:IllyaPoisonTippedWeapons+1","PrismaMod:IllyaAOECommonAttack+1","PrismaMod:IllyaEvokeAll+1","PrismaMod:IllyaUberPoisonChannel","PrismaMod:IllyaCommonEvoke","PrismaMod:IllyaFeed+1","PrismaMod:IllyaSaphire+1"],"relics":["PrismaMod:PrismaRuby","LagranYue:RandomDrawCardRelic","ReplayTheSpireMod:Ring of Addiction","Ring of Fury","hubris:EmptyBottle","Toy Ornithopter","hubris:ToyBattleship","Garlic","SacredBark","Bag of Preparation","CaptainsWheel","hubris:Towel","Replay:Ancient Bell","Happy Flower","Mirror","hubris:GlazedTorus","ReplayTheSpireMod:Shallot","hubris:FunFungus"],"acts_visited":["Exordium","TheCity","TheBeyond"],"potions_floor_usage":[5,6,12,16,16,16,16,19,21,23,23,29,30,33,33,33,33,33,39,39,39,41,41,45,46,47,47,48,48],"damage_taken":[{"damage":7,"enemies":"2 Louse","floor":1,"turns":2},{"damage":0,"enemies":"Small Slimes","floor":2,"turns":3},{"damage":0,"enemies":"Cultist","floor":3,"turns":3},{"damage":0,"enemies":"Blue Slaver","floor":5,"turns":4},{"damage":5,"enemies":"Gremlin Nob","floor":6,"turns":4},{"damage":0,"enemies":"Lots of Slimes","floor":7,"turns":2},{"damage":0,"enemies":"2 Fungi Beasts","floor":10,"turns":2},{"damage":2,"enemies":"Blue Slaver","floor":12,"turns":4},{"damage":0,"enemies":"3 Louse","floor":13,"turns":2},{"damage":0,"enemies":"Slime Boss","floor":16,"turns":5},{"damage":0,"enemies":"Chosen","floor":18,"turns":5},{"damage":1,"enemies":"2 Thieves","floor":19,"turns":4},{"damage":6,"enemies":"Snake Plant","floor":20,"turns":5},{"damage":0,"enemies":"Centurion and Healer","floor":21,"turns":7},{"damage":39,"enemies":"Gremlin Leader","floor":23,"turns":10},{"damage":8,"enemies":"Snecko","floor":24,"turns":4},{"damage":7,"enemies":"Chosen and Byrds","floor":27,"turns":5},{"damage":8,"enemies":"Snake Plant","floor":28,"turns":3},{"damage":6,"enemies":"Sentry and Sphere","floor":29,"turns":3},{"damage":4,"enemies":"Centurion and Healer","floor":30,"turns":4},{"damage":63,"enemies":"Champ","floor":33,"turns":12},{"damage":17,"enemies":"3 Shapes","floor":35,"turns":4},{"damage":8,"enemies":"Orb Walker","floor":36,"turns":5},{"damage":55,"enemies":"Spire Growth","floor":38,"turns":6},{"damage":16,"enemies":"Jaw Worm Horde","floor":39,"turns":3},{"damage":4,"enemies":"3 Darklings","floor":40,"turns":4},{"damage":8,"enemies":"Writhing Mass","floor":41,"turns":5},{"damage":5,"enemies":"Maw","floor":45,"turns":8},{"damage":66,"enemies":"Nightmare","floor":46,"turns":9},{"damage":13,"enemies":"4 Shapes","floor":47,"turns":2},{"damage":0,"enemies":"Spire Growth","floor":48,"turns":7},{"damage":82,"enemies":"Awakened One","floor":50,"turns":10}],"seed_played":"-6409852120905670597","potions_obtained":[{"floor":3,"key":"EssenceOfSteel"},{"floor":4,"key":"AttackPotion"},{"floor":4,"key":"construct:ShiftPotion"},{"floor":5,"key":"FearPotion"},{"floor":10,"key":"SkillPotion"},{"floor":13,"key":"Explosive Potion"},{"floor":16,"key":"LifebloodPotion"},{"floor":24,"key":"Dexterity Potion"},{"floor":27,"key":"AttackPotion"},{"floor":29,"key":"Ancient Potion"},{"floor":30,"key":"Fruit Juice"},{"floor":36,"key":"Elixir"},{"floor":38,"key":"Fire Potion"},{"floor":39,"key":"LifebloodPotion"},{"floor":41,"key":"Elixir"},{"floor":47,"key":"ColorlessPotion"}],"is_trial":false,"path_per_floor":["M","M","M","?","M","E","M","R","T","M","?","M","M","$","R","B",null,"M","M","M","M","?","E","M","R","T","M","M","M","M","?","R","B",null,"M","M","?","M","M","M","M","R","T","?","M","NM","M","M","R","B"],"character_chosen":"ILLYA","items_purchased":["PrismaMod:IllyaCarnivalAttack","PrismaMod:IllyaUpgradeOrbs+1","Fire Potion"],"campfire_rested":2,"item_purchase_floors":[14,14,14],"current_hp_per_floor":[68,68,68,68,73,70,70,70,70,70,70,71,71,71,71,71,71,71,71,65,70,70,32,29,50,50,53,50,59,69,69,69,48,89,77,74,74,24,28,29,41,41,41,41,56,5,2,28,53,0,0],"gold":419,"neow_bonus":"THREE_CARDS","is_daily":false,"chose_seed":false,"campfire_upgraded":4,"win_rate":0.0,"timestamp":1611558634,"path_taken":["M","M","M","?","M","E","M","R","T","M","?","?","M","$","R","BOSS","M","M","M","M","?","E","M","R","T","M","?","M","M","?","R","BOSS","M","M","?","M","M","M","M","R","T","?","M","NM","M","M","R","BOSS"],"items_purchased_type":["Card","Card","Potion"],"build_version":"2020-12-22","purchased_purges":0,"victory":false,"max_hp_per_floor":[75,75,75,75,75,75,75,75,75,73,73,73,73,73,73,71,71,71,71,71,71,71,71,71,71,71,69,69,69,69,69,69,89,89,89,89,87,87,87,87,87,87,87,87,85,85,85,85,85,85,85],"card_choices":[{"not_picked":["PrismaMod:IllyaSaphire","PrismaMod:IllyaCheapAttack"],"picked":"PrismaMod:IllyaPartialInstallAssassin","floor":0},{"not_picked":["PrismaMod:IllyaStunPoison","PrismaMod:IllyaBerserCAR"],"picked":"PrismaMod:IllyaUncommonAOEAttack","floor":1},{"not_picked":["PrismaMod:IllyaSaphire","PrismaMod:IllyaUncommonEvoke"],"picked":"PrismaMod:IllyaCheapChannelDefend","floor":2},{"not_picked":["PrismaMod:IllyaBride","PrismaMod:IllyaFriendMaker"],"picked":"PrismaMod:IllyaBlindPoisonToss","floor":3},{"not_picked":["PrismaMod:IllyaBoysLove","PrismaMod:IllyaUpgradeOrbs"],"picked":"PrismaMod:IllyaCheapChannelAttack","floor":5},{"not_picked":["PrismaMod:IllyaBride","PrismaMod:IllyaMaid"],"picked":"PrismaMod:IllyaDualEvoke","floor":6},{"not_picked":["PrismaMod:IllyaUberPoisonBlock","PrismaMod:IllyaRussianRoulette"],"picked":"PrismaMod:IllyaUncommonAOEAttack","floor":7},{"not_picked":["PrismaMod:IllyaAssassinRevenge","PrismaMod:IllyaCarnivalPrismaAstolfo"],"picked":"PrismaMod:IllyaBoysLove","floor":10},{"not_picked":["PrismaMod:IllyaBerserCAR","PrismaMod:IllyaUncommonAttack"],"picked":"PrismaMod:IllyaUpgradeOrbs","floor":12},{"not_picked":["PrismaMod:IllyaReinForce","PrismaMod:IllyaMinorZwei"],"picked":"PrismaMod:IllyaBoysLove","floor":13},{"not_picked":["PrismaMod:IllyaCarnivalOrbs","PrismaMod:IllyaInstallBerserker"],"picked":"PrismaMod:IllyaInstallAvenger","floor":16},{"not_picked":["PrismaMod:IllyaAOECommonAttack+1","PrismaMod:IllyaRussianRoulette"],"picked":"PrismaMod:IllyaUberChannel+1","floor":18},{"not_picked":["PrismaMod:IllyaUncommonEvoke","PrismaMod:IllyaReinForce+1"],"picked":"PrismaMod:IllyaCheapChannelDefend","floor":19},{"not_picked":["PrismaMod:IllyaGun","PrismaMod:IllyaUpgradeOrbs"],"picked":"PrismaMod:IllyaBoysLove","floor":20},{"not_picked":["PrismaMod:IllyaMinorRapidFire+1","PrismaMod:IllyaCheapAttack"],"picked":"PrismaMod:IllyaRubysPotion+1","floor":21},{"not_picked":["PrismaMod:IllyaUncommonAOEAttack","PrismaMod:IllyaDetonatingBlow"],"picked":"PrismaMod:IllyaRubysPotion+1","floor":23},{"not_picked":["PrismaMod:IllyaFeed","PrismaMod:IllyaMinorZwei"],"picked":"PrismaMod:IllyaCheapChannelPoison","floor":24},{"not_picked":["PrismaMod:IllyaRussianRoulette+1","PrismaMod:IllyaGrailKun"],"picked":"PrismaMod:IllyaCommandSeal+1","floor":27},{"not_picked":["PrismaMod:IllyaPoisoningPhantasm+1","PrismaMod:IllyaMinorZwei"],"picked":"PrismaMod:IllyaAOECommonAttack+1","floor":28},{"not_picked":["PrismaMod:IllyaUpgradeOrbs","PrismaMod:IllyaGun+1"],"picked":"PrismaMod:IllyaPartialInstallAssassin+1","floor":29},{"not_picked":["PrismaMod:IllyaFriendMaker","PrismaMod:IllyaAlice"],"picked":"PrismaMod:IllyaAOECommonAttack","floor":30},{"not_picked":["PrismaMod:IllyaInstallSaber","PrismaMod:IllyaInstallAssassin"],"picked":"PrismaMod:IllyaUberAttackChannel","floor":33},{"not_picked":["SwitchConfidence","Replay:Hysterical Blindness"],"picked":"CommonCold","floor":34},{"not_picked":["animator:Curse_Greed","yuri:RhapsodyCurse"],"picked":"ReplayTheSpireMod:Faulty Equipment","floor":34},{"not_picked":["hubris:Wrath","Sickly"],"picked":"CurseOfTheBell","floor":34},{"not_picked":["PrismaMod:IllyaPartialInstallAssassin","PrismaMod:IllyaStunPoison+1"],"picked":"PrismaMod:IllyaBlindPoisonToss+1","floor":35},{"not_picked":["PrismaMod:IllyaReinForce+1","PrismaMod:IllyaRubysPotion+1"],"picked":"PrismaMod:IllyaCheapChannelDefend+1","floor":36},{"not_picked":["Transmutation","Replay:Dark Deal"],"picked":"Dramatic Entrance","floor":37},{"not_picked":["PrismaMod:IllyaHassanGift","PrismaMod:IllyaCheapDefend+1"],"picked":"PrismaMod:IllyaCheapChannelDefend+1","floor":38},{"not_picked":["PrismaMod:IllyaEvokeAll","PrismaMod:IllyaCheapChannelDefend"],"picked":"PrismaMod:IllyaPoisonTippedWeapons+1","floor":39},{"not_picked":["PrismaMod:IllyaReinForce","PrismaMod:IllyaCheapChannelAttack+1"],"picked":"PrismaMod:IllyaAOECommonAttack+1","floor":40},{"not_picked":["PrismaMod:IllyaAlice+1","PrismaMod:IllyaDevil"],"picked":"PrismaMod:IllyaEvokeAll+1","floor":41},{"not_picked":["PrismaMod:IllyaUpgradeOrbs","PrismaMod:IllyaPoisonTippedWeapons"],"picked":"PrismaMod:IllyaUberPoisonChannel","floor":45},{"not_picked":["PrismaMod:IllyaMinorReinForce","PrismaMod:IllyaHassanGift+1"],"picked":"PrismaMod:IllyaCommonEvoke","floor":46},{"not_picked":["PrismaMod:IllyaBride","PrismaMod:IllyaMaid"],"picked":"PrismaMod:IllyaFeed+1","floor":47},{"not_picked":["PrismaMod:IllyaCheapAttack","PrismaMod:IllyaFriendMaker+1"],"picked":"PrismaMod:IllyaSaphire+1","floor":48}],"player_experience":67128,"relics_obtained":[{"floor":4,"key":"ReplayTheSpireMod:Ring of Addiction"},{"floor":4,"key":"Ring of Fury"},{"floor":4,"key":"hubris:EmptyBottle"},{"floor":4,"key":"Toy Ornithopter"},{"floor":6,"key":"hubris:ToyBattleship"},{"floor":9,"key":"Garlic"},{"floor":23,"key":"Bag of Preparation"},{"floor":26,"key":"CaptainsWheel"},{"floor":43,"key":"ReplayTheSpireMod:Shallot"},{"floor":46,"key":"hubris:FunFungus"}],"event_choices":[{"damage_healed":0,"gold_gain":0,"cards_transformed":["Voices"],"player_choice":"Transformed","damage_taken":0,"max_hp_gain":0,"max_hp_loss":0,"event_name":"Transmorgrifier","floor":11,"gold_loss":0,"cards_obtained":["Languid"]},{"cards_removed":["Languid"],"damage_healed":0,"gold_gain":0,"player_choice":"Upgrade and Remove","damage_taken":0,"max_hp_gain":0,"max_hp_loss":0,"event_name":"Designer","floor":22,"gold_loss":90,"cards_upgraded":["PrismaMod:IllyaCarnivalAttack"]},{"damage_healed":0,"gold_gain":0,"player_choice":"Memory 1","damage_taken":0,"max_hp_gain":0,"max_hp_loss":0,"event_name":"SensoryStone","floor":37,"gold_loss":0},{"damage_healed":0,"gold_gain":0,"player_choice":"Ignored","damage_taken":0,"max_hp_gain":0,"max_hp_loss":0,"event_name":"Mysterious Sphere","floor":44,"gold_loss":0}],"is_beta":false,"boss_relics":[{"not_picked":["hubris:RunicObelisk","Empty Cage"],"picked":"SacredBark"},{"not_picked":["Runic Dome","construct:WeddingRing"],"picked":"Replay:Ancient Bell"},{"not_picked":["infinitespire:Beetle Shell","Strawberry"],"picked":"Happy Flower"},{"not_picked":["hubris:BottledRain","Replay:Bottled Steam"],"picked":"Mirror"},{"not_picked":["Prayer Wheel","Shovel"],"picked":"hubris:GlazedTorus"}],"items_purged_floors":[],"is_endless":true,"potions_floor_spawned":[3,5,10,13,16,24,27,29,30,36,38,39,41,47],"killed_by":"Awakened One","ascension_level":0}}