{"host":"jumrmhf584hajrnz","time":1611611849,"event":{"mods":["BaseMod","Duelist Mod","GifTheSpireLib","Minty Spire (QoL Compilation)","Quick Restart","Replay The Spire","StSLib"],"gold_per_floor":[141,106,106,124,143,177,177,189,189,207,234,234,244,261,261,335,335,353,96,41,54,54,54,86,86,86,86,96,96,96],"floor_reached":29,"language":"ENG","playtime":1720,"items_purged":["Voices"],"score":510,"play_id":"8f077484-277e-44ec-910f-283d12db283e","local_time":"20210125225729","is_ascension_mode":true,"campfire_choices":[{"floor":7,"key":"REST"},{"floor":12,"key":"REST"},{"floor":15,"key":"REST"},{"floor":23,"key":"REST"},{"floor":25,"key":"RECALL"}],"circlet_count":0,"master_deck":["AscendersBane","theDuelist:CastleWalls","theDuelist:CastleWalls","theDuelist:DarkMagician","theDuelist:MysticalElf","theDuelist:MysticalElf","theDuelist:NeoMagic","theDuelist:NeoMagic","theDuelist:Sparks","theDuelist:Sparks","theDuelist:Sparks","theDuelist:Sparks","theDuelist:Wildfire","theDuelist:BlueDragonSummoner","theDuelist:RainbowDarkDragon","theDuelist:DarkPaladin","theDuelist:RainbowDarkDragon","theDuelist:InariFire","theDuelist:InjectionFairy","theDuelist:ApprenticeIllusionMagician+1","theDuelist:WonderWand","theDuelist:RainbowDarkDragon","theDuelist:OnslaughtFireKings","theDuelist:PotForbidden","theDuelist:SpiritHarp","theDuelist:DarkMagician+1","theDuelist:SangaThunder","theDuelist:ThousandEyesRestrict","theDuelist:DarkMagicianGirl+1","theDuelist:SwordsBurning","theDuelist:NeoMagic","theDuelist:MythicalBeast"],"relics":["theDuelist:MillenniumPuzzle","theDuelist:CardPoolRelic","theDuelist:CardPoolBasicRelic","theDuelist:BoosterPackPoolRelic","theDuelist:CardPoolAddRelic","theDuelist:CardPoolMinusRelic","theDuelist:CardPoolSaveRelic","theDuelist:CardPoolOptionsRelic","PrismaticShard","Mummified Hand","Shovel","ChewingGum","Tiny Chest","Replay:WaspNest"],"acts_visited":["Exordium","TheCity"],"potions_floor_usage":[16,21,28],"damage_taken":[{"damage":0,"enemies":"Jaw Worm","floor":1,"turns":4},{"damage":8,"enemies":"2 Louse","floor":4,"turns":2},{"damage":0,"enemies":"Cultist","floor":5,"turns":3},{"damage":18,"enemies":"Replay:BlueRogue","floor":6,"turns":7},{"damage":10,"enemies":"3 Louse","floor":8,"turns":4},{"damage":0,"enemies":"2 Fungi Beasts","floor":10,"turns":2},{"damage":36,"enemies":"Lagavulin","floor":11,"turns":6},{"damage":8,"enemies":"Lots of Slimes","floor":13,"turns":2},{"damage":9,"enemies":"Exordium Thugs","floor":14,"turns":5},{"damage":30,"enemies":"The Guardian","floor":16,"turns":11},{"damage":30,"enemies":"Shell Parasite","floor":18,"turns":6},{"damage":7,"enemies":"Chosen","floor":21,"turns":5},{"damage":30,"enemies":"theDuelist:KaibaA2","floor":24,"turns":8},{"damage":0,"enemies":"Centurion and Healer","floor":28,"turns":5},{"damage":34,"enemies":"3 Cultists","floor":29,"turns":4}],"seed_played":"-2791624991652521755","potions_obtained":[{"floor":5,"key":"theDuelist:WaterBottle"},{"floor":10,"key":"Explosive Potion"},{"floor":18,"key":"GamblersBrew"},{"floor":28,"key":"theDuelist:SummonerBottle"}],"is_trial":false,"path_per_floor":["M","?","?","M","M","E","R","M","T","M","E","R","M","M","R","B",null,"M","$","$","M","?","R","E","R","T","?","M","M"],"character_chosen":"THE_DUELIST","items_purchased":["theDuelist:PotForbidden","theDuelist:SpiritHarp"],"campfire_rested":4,"item_purchase_floors":[19,20],"current_hp_per_floor":[63,70,70,62,62,44,65,55,55,55,19,40,32,27,48,18,57,31,31,31,28,28,49,23,23,23,23,27,0,0],"gold":96,"neow_bonus":"THREE_RARE_CARDS","is_daily":false,"chose_seed":false,"campfire_upgraded":0,"win_rate":0.0,"timestamp":1611611849,"path_taken":["M","?","?","M","?","E","R","M","T","M","E","R","M","M","R","BOSS","M","?","$","M","?","R","E","R","T","?","?","M"],"items_purchased_type":["Card","Card"],"build_version":"2020-12-22","purchased_purges":1,"victory":false,"max_hp_per_floor":[70,70,70,70,70,70,70,70,70,70,70,70,70,70,70,70,70,70,70,70,70,70,70,70,70,70,70,70,70,70],"card_choices":[{"not_picked":["theDuelist:ThousandEyesRestrict","theDuelist:ExodiaHead"],"picked":"theDuelist:Wildfire","floor":0},{"not_picked":["theDuelist:BlizzardWarrior","theDuelist:AncientElf","theDuelist:SpellShatteringArrow","theDuelist:SpiritHarp"],"picked":"theDuelist:BlueDragonSummoner","floor":1},{"not_picked":["theDuelist:ExodiaNecross","theDuelist:Wildfire","theDuelist:SwordsRevealing","theDuelist:SwordsBurning"],"picked":"theDuelist:RainbowDarkDragon","floor":4},{"not_picked":["theDuelist:GraniteLoyalist","theDuelist:LightningDarts","theDuelist:PotAvarice","theDuelist:RainbowLife"],"picked":"theDuelist:MirrorForce","floor":5},{"not_picked":["theDuelist:CosmicHorrorGangiel","theDuelist:CosmoBrain","theDuelist:SilentDoom","theDuelist:ExodiaNecross"],"picked":"theDuelist:DarkPaladin","floor":6},{"not_picked":["theDuelist:IrisEarthMother","theDuelist:RainbowMagician","theDuelist:GiantSoldierSteel","theDuelist:MagicHoleGolem"],"picked":"theDuelist:RainbowDarkDragon","floor":8},{"not_picked":["theDuelist:MagiciansRobe","theDuelist:GoblinSecret","theDuelist:MindAir"],"picked":"theDuelist:InariFire","floor":10},{"not_picked":["theDuelist:BlizzardWarrior","theDuelist:SangaThunder","theDuelist:NeoMagic","theDuelist:FogKing"],"picked":"theDuelist:InjectionFairy","floor":11},{"not_picked":["theDuelist:MagicalBlast+1","theDuelist:MythicalBeast+1"],"picked":"theDuelist:ApprenticeIllusionMagician+1","floor":13},{"not_picked":["theDuelist:GuardianAngel","theDuelist:FrontierWiseman","theDuelist:InvitationDarkSleep","theDuelist:LegendaryExodia"],"picked":"theDuelist:WonderWand","floor":14},{"not_picked":["theDuelist:IrisEarthMother","theDuelist:RainbowMagician","theDuelist:RainbowKuriboh","theDuelist:RainbowOverdragon"],"picked":"theDuelist:RainbowDarkDragon","floor":16},{"not_picked":["theDuelist:BlizzardWarrior","theDuelist:ThousandEyesIdol","theDuelist:AlienTelepath","theDuelist:MindAir"],"picked":"theDuelist:OnslaughtFireKings","floor":18},{"not_picked":["theDuelist:SangaThunder","theDuelist:AltarTribute","theDuelist:PowerKaishin","theDuelist:AncientElf"],"picked":"theDuelist:DarkMagician+1","floor":21},{"not_picked":["theDuelist:InjectionFairy","theDuelist:AncientElf","theDuelist:SpiritHarp","theDuelist:MagiciansRobe"],"picked":"theDuelist:DarkMagicianGirl+1","floor":24},{"not_picked":["theDuelist:SangaThunder","theDuelist:DarkMagician","theDuelist:InfernoFireBlast","theDuelist:BlizzardPrincess"],"picked":"theDuelist:MythicalBeast","floor":28}],"player_experience":1530311,"relics_obtained":[{"floor":6,"key":"Mummified Hand"},{"floor":11,"key":"Shovel"},{"floor":24,"key":"Tiny Chest"},{"floor":26,"key":"Replay:WaspNest"}],"event_choices":[{"damage_healed":17,"gold_gain":0,"player_choice":"Healed","damage_taken":0,"max_hp_gain":0,"max_hp_loss":0,"event_name":"The Cleric","floor":2,"gold_loss":35},{"damage_healed":0,"gold_gain":0,"cards_transformed":["m_Survivalism","theDuelist:MirrorForce"],"player_choice":"Became Test Subject","damage_taken":0,"max_hp_gain":0,"max_hp_loss":0,"event_name":"Drug Dealer","floor":22,"gold_loss":0,"cards_obtained":["theDuelist:SangaThunder","theDuelist:ThousandEyesRestrict"]},{"damage_healed":0,"gold_gain":0,"player_choice":"2 cards matched","damage_taken":0,"max_hp_gain":0,"max_hp_loss":0,"event_name":"Match and Keep!","floor":27,"gold_loss":0,"cards_obtained":["theDuelist:SwordsBurning","theDuelist:NeoMagic"]}],"is_beta":false,"boss_relics":[{"not_picked":["Tiny House","theDuelist:ElectricKey"],"picked":"ChewingGum"}],"items_purged_floors":[19],"is_endless":false,"potions_floor_spawned":[5,10,11,14,18,28],"killed_by":"3 Cultists","ascension_level":20}}