{"host":"63howft1cojq0ioc","time":1611537919,"event":{"mods":["Act Like it!","Aspiration","BaseMod","DeckTracker","Downfall","Infinite Spire","Minty Spire (QoL Compilation)","Quick Restart","Relic Stats","Replay The Spire","StSLib","SuperFastMode","The Jungle"],"gold_per_floor":[119,133,133,144,144,176,143,173,173,206,221,221,239,253,253,353,353,368,283,208,208,64,64,64],"floor_reached":23,"language":"PTB","playtime":767,"items_purged":[],"score":261,"play_id":"752dc211-8ebe-4469-9dd5-bc7f8f483af3","local_time":"20210124232519","is_ascension_mode":true,"campfire_choices":[{"data":"Spot Weakness","floor":15,"key":"SMITH"}],"circlet_count":0,"master_deck":["Strike_R+1","Strike_R+1","Strike_R","Strike_R+1","Defend_R","Defend_R+1","Defend_R","Defend_R","Bash","Inflame","Iron Wave","Flex+1","Spot Weakness+1","Limit Break","Double Tap","Pommel Strike","J.A.X."],"relics":["Burning Blood","NeowsBlessing","ReplayTheSpireMod:Ring of Addiction","SacredBark","Toy Ornithopter","Whetstone","infinitespire:CheckeredPen","Divine Protection","Bottled Lightning","Pantograph","HandDrill"],"acts_visited":["Exordium","TheCity"],"potions_floor_usage":[6,16,16,16,16,16,16,18,23],"damage_taken":[{"damage":0,"enemies":"infinitespire:Voidling","floor":1,"turns":1},{"damage":0,"enemies":"Cultist","floor":2,"turns":1},{"damage":0,"enemies":"2 Louse","floor":4,"turns":1},{"damage":13,"enemies":"Replay:BlueRogue","floor":6,"turns":6},{"damage":19,"enemies":"3 Sentries","floor":8,"turns":7},{"damage":11,"enemies":"Gremlin Nob","floor":10,"turns":4},{"damage":0,"enemies":"Looter","floor":11,"turns":3},{"damage":0,"enemies":"Exordium Wildlife","floor":13,"turns":3},{"damage":0,"enemies":"3 Louse","floor":14,"turns":3},{"damage":11,"enemies":"Fading Forest","floor":16,"turns":11},{"damage":41,"enemies":"3 Byrds","floor":18,"turns":6},{"damage":47,"enemies":"Gremlin Leader","floor":23,"turns":5}],"seed_played":"1320308576839176152","potions_obtained":[{"floor":1,"key":"SteroidPotion"},{"floor":3,"key":"EntropicBrew"},{"floor":3,"key":"EntropicBrew"},{"floor":10,"key":"LiquidMemories"},{"floor":16,"key":"Weak Potion"}],"is_trial":false,"path_per_floor":["M","M","?","M","?","E","$","E","T","E","M","?","M","M","R","B",null,"M","?","?","?","$","E"],"character_chosen":"IRONCLAD","items_purchased":["Flex+1","HandDrill"],"campfire_rested":0,"item_purchase_floors":[7,22],"current_hp_per_floor":[80,80,80,80,64,62,62,49,49,44,50,50,56,62,62,69,73,39,39,39,39,39,0,0],"gold":64,"neow_bonus":"THREE_ENEMY_KILL","is_daily":false,"chose_seed":false,"campfire_upgraded":1,"win_rate":0.0,"timestamp":1611537919,"path_taken":["M","?","?","M","?","E","$","E","T","E","M","?","M","?","R","BOSS","M","?","?","?","$","E"],"items_purchased_type":["Card","Relic"],"build_version":"2020-12-22","purchased_purges":0,"victory":false,"max_hp_per_floor":[80,80,80,80,80,80,80,80,80,78,78,78,76,76,76,74,74,74,74,74,74,72,72,72],"relic_stats":{"counters":[12,51],"Pantograph":0,"HandDrill":[4],"Whetstone":["Strike_R","Strike_R"],"obtain_stats":[{"Divine Protection":9,"NeowsBlessing":0,"ReplayTheSpireMod:Ring of Addiction":3,"SacredBark":3,"Pantograph":19,"HandDrill":22,"Whetstone":6,"infinitespire:CheckeredPen":8,"Bottled Lightning":10,"Burning Blood":0,"Toy Ornithopter":3},{"Divine Protection":5,"NeowsBlessing":0,"ReplayTheSpireMod:Ring of Addiction":2,"SacredBark":2,"Pantograph":11,"HandDrill":11,"Whetstone":4,"infinitespire:CheckeredPen":5,"Bottled Lightning":6,"Burning Blood":0,"Toy Ornithopter":2},{"Divine Protection":16,"NeowsBlessing":0,"ReplayTheSpireMod:Ring of Addiction":2,"SacredBark":2,"Pantograph":46,"HandDrill":46,"Whetstone":9,"infinitespire:CheckeredPen":16,"Bottled Lightning":20,"Burning Blood":0,"Toy Ornithopter":2}],"Burning Blood":48,"Toy Ornithopter":23},"card_choices":[{"not_picked":["Cleave","Flex"],"picked":"Inflame","floor":1},{"not_picked":["Replay:Undeath\u0027s Touch","Carnage"],"picked":"Iron Wave","floor":2},{"not_picked":["Headbutt","Abandon","Heavy Blade"],"picked":"SKIP","floor":4},{"not_picked":["Abandon","Whirlwind","ReplayTheSpireMod:LeadingStrike"],"picked":"SKIP","floor":6},{"not_picked":["Inflame","Pommel Strike"],"picked":"Spot Weakness","floor":8},{"not_picked":["Reaper","Havoc","Shrug It Off"],"picked":"SKIP","floor":10},{"not_picked":["Flame Barrier","True Grit","Shrug It Off"],"picked":"SKIP","floor":11},{"not_picked":["Massacre","Sentinel","Headbutt"],"picked":"SKIP","floor":13},{"not_picked":["Cleave","Second Wind"],"picked":"Limit Break","floor":14},{"not_picked":["Berserk","Replay:Many Hands"],"picked":"Double Tap","floor":16},{"not_picked":["Massacre","Wild Strike"],"picked":"Pommel Strike","floor":18}],"player_experience":119599,"relics_obtained":[{"floor":3,"key":"ReplayTheSpireMod:Ring of Addiction"},{"floor":3,"key":"SacredBark"},{"floor":3,"key":"Toy Ornithopter"},{"floor":6,"key":"Whetstone"},{"floor":8,"key":"infinitespire:CheckeredPen"},{"floor":9,"key":"Divine Protection"},{"floor":10,"key":"Bottled Lightning"}],"event_choices":[{"damage_healed":0,"gold_gain":0,"player_choice":"Entered Light","damage_taken":16,"max_hp_gain":0,"max_hp_loss":0,"event_name":"Shining Light","floor":5,"gold_loss":0,"cards_upgraded":["Defend_R","Strike_R"]},{"damage_healed":0,"gold_gain":0,"player_choice":"Obtained Relic","damage_taken":0,"relics_obtained":["Pantograph"],"max_hp_gain":0,"max_hp_loss":0,"event_name":"Addict","floor":19,"gold_loss":85},{"cards_removed":["Strike_R"],"damage_healed":0,"gold_gain":0,"player_choice":"Gave Gold","damage_taken":0,"max_hp_gain":0,"max_hp_loss":0,"event_name":"Beggar","floor":20,"gold_loss":75},{"damage_healed":0,"gold_gain":0,"player_choice":"Obtain J.A.X.","damage_taken":0,"max_hp_gain":0,"max_hp_loss":0,"event_name":"Drug Dealer","floor":21,"gold_loss":0,"cards_obtained":["J.A.X."]}],"is_beta":false,"boss_relics":[{"not_picked":["aspiration:RitualDagger","infinitespire:Cupcake","aspiration:DefectSkillbook"]}],"items_purged_floors":[],"is_endless":false,"potions_floor_spawned":[1,10,13,14,16],"killed_by":"Gremlin Leader","ascension_level":5}}