{"host":"56qj8mvhgmcu65ix","time":1611557526,"event":{"mods":["AchievementEnabler","BaseMod","Colored Map","Colored Powertips","DeckTracker","Highlight Path","Minty Spire (QoL Compilation)","Permanent Neow","Quick Restart","Rare Cards Sparkle","Relic Stats","StSLib","everything is the same but u backflip on backflip","slay the spire mod where everything is the same but ironclad has a cowboy hat"],"gold_per_floor":[117,129,109,34,52,52,67,100,100,100,116,142,142,156,156,233,233,250,250,268,90,104,130,130,130,130,163,163,177,177,227,227,299,299,314,325,325,339,351,351,115,115,115,115,140,157,157,379,379,379,379],"floor_reached":50,"language":"ENG","playtime":1800,"items_purged":["Defend_R","Strike_R"],"score":1090,"play_id":"9c6e7ccb-b12b-4180-849f-73995f0aef8e","local_time":"20210125005206","is_ascension_mode":true,"campfire_choices":[{"data":"Feed","floor":6.0,"key":"SMITH"},{"data":"Bash","floor":10.0,"key":"SMITH"},{"floor":13.0,"key":"REST"},{"data":"Fire Breathing","floor":15.0,"key":"SMITH"},{"data":"Evolve","floor":25.0,"key":"SMITH"},{"data":"Brutality","floor":28.0,"key":"SMITH"},{"floor":30.0,"key":"REST"},{"floor":32.0,"key":"REST"},{"floor":40.0,"key":"REST"},{"data":"Shrug It Off","floor":42.0,"key":"SMITH"},{"data":"Dark Shackles","floor":44.0,"key":"SMITH"},{"floor":47,"key":"REST"},{"floor":49,"key":"RECALL"}],"circlet_count":0,"master_deck":["AscendersBane","Strike_R","Strike_R","Defend_R","Defend_R","Defend_R","Bash+1","Feed+1","Cleave","Evolve+1","Metallicize","Feed+1","Fire Breathing+1","Brutality+1","Carnage+1","Double Tap+1","Reckless Charge+1","Blood for Blood+1","Hemokinesis+1","Cleave+1","Combust","Fire Breathing+1","True Grit+1","Dark Shackles+1","Shrug It Off+1","Metallicize","Pain","Battle Trance"],"relics":["Burning Blood","Molten Egg 2","WingedGreaves","Unceasing Top","Busted Crown","PreservedInsect","Bag of Preparation","Red Mask","Cursed Key","Peace Pipe"],"acts_visited":["Exordium","TheCity","TheBeyond"],"potions_floor_usage":[46,50],"damage_taken":[{"damage":4.0,"enemies":"Jaw Worm","floor":1.0,"turns":3.0},{"damage":6.0,"enemies":"Cultist","floor":2.0,"turns":3.0},{"damage":12.0,"enemies":"2 Louse","floor":5.0,"turns":3.0},{"damage":9.0,"enemies":"2 Fungi Beasts","floor":7.0,"turns":3.0},{"damage":28.0,"enemies":"3 Sentries","floor":8.0,"turns":6.0},{"damage":15.0,"enemies":"Blue Slaver","floor":11.0,"turns":5.0},{"damage":29.0,"enemies":"Lagavulin","floor":12.0,"turns":5.0},{"damage":30.0,"enemies":"Exordium Wildlife","floor":14.0,"turns":5.0},{"damage":3.0,"enemies":"Slime Boss","floor":16.0,"turns":5.0},{"damage":12.0,"enemies":"Spheric Guardian","floor":18.0,"turns":3.0},{"damage":16.0,"enemies":"Chosen","floor":20.0,"turns":4.0},{"damage":20.0,"enemies":"Snake Plant","floor":22.0,"turns":3.0},{"damage":32.0,"enemies":"Gremlin Leader","floor":23.0,"turns":6.0},{"damage":11.0,"enemies":"Masked Bandits","floor":27.0,"turns":3.0},{"damage":23.0,"enemies":"Cultist and Chosen","floor":29.0,"turns":4.0},{"damage":67.0,"enemies":"Automaton","floor":33.0,"turns":8.0},{"damage":26.0,"enemies":"3 Darklings","floor":35.0,"turns":4.0},{"damage":4.0,"enemies":"3 Shapes","floor":36.0,"turns":2.0},{"damage":39.0,"enemies":"Sphere and 2 Shapes","floor":38.0,"turns":4.0},{"damage":31.0,"enemies":"Transient","floor":39.0,"turns":6.0},{"damage":41.0,"enemies":"Mind Bloom Boss Battle","floor":45.0,"turns":6.0},{"damage":19,"enemies":"4 Shapes","floor":46,"turns":2},{"damage":56,"enemies":"Donu and Deca","floor":50,"turns":3}],"seed_played":"6595856192898213910","potions_obtained":[{"floor":3.0,"key":"Strength Potion"},{"floor":7.0,"key":"PowerPotion"},{"floor":8.0,"key":"Dexterity Potion"},{"floor":12.0,"key":"GamblersBrew"},{"floor":16.0,"key":"Explosive Potion"},{"floor":18.0,"key":"ColorlessPotion"},{"floor":20.0,"key":"HeartOfIron"},{"floor":23.0,"key":"SkillPotion"},{"floor":33.0,"key":"PowerPotion"},{"floor":36.0,"key":"EssenceOfSteel"},{"floor":38.0,"key":"LiquidBronze"},{"floor":45,"key":"HeartOfIron"}],"is_trial":false,"path_per_floor":["M","M","?","$","M","R","M","E","T","R","M","E","R","M","R","B",null,"M","?","M","$","M","E","?","R","T","?","R","M","R","?","R","B",null,"M","M","?","M","M","R","$","R","T","R","?","M","R","?","R","B"],"character_chosen":"IRONCLAD","items_purchased":["Blood for Blood+1","Dark Shackles","Shrug It Off","Metallicize"],"campfire_rested":5,"item_purchase_floors":[21,41,41,41],"current_hp_per_floor":[55,58,58,58,55,55,56,38,38,38,33,10,38,18,18,21,80,74,74,64,64,54,32,32,32,32,27,27,14,47,47,80,19,89,73,75,75,50,25,62,62,62,62,62,27,18,56,56,56,0,0],"gold":379,"neow_bonus":"THREE_RARE_CARDS","is_daily":false,"chose_seed":false,"campfire_upgraded":7,"win_rate":0.0,"timestamp":1611557526,"path_taken":["M","M","?","?","M","R","M","E","T","R","?","E","R","M","R","BOSS","M","?","M","$","M","E","?","R","T","?","R","?","R","?","R","BOSS","M","M","?","?","M","R","$","R","T","R","?","M","R","?","R","BOSS"],"items_purchased_type":["Card","Card","Card","Card"],"build_version":"2020-12-22","purchased_purges":2,"victory":false,"max_hp_per_floor":[78,81,81,81,84,84,88,92,92,92,96,96,96,100,100,100,100,100,100,100,100,104,108,108,108,108,108,108,112,112,112,112,112,112,116,116,116,124,124,124,124,124,124,124,124,128,128,128,128,128,128],"relic_stats":{"Peace Pipe":0,"Busted Crown":28,"counters":[23,96],"PreservedInsect":0,"Bag of Preparation":[20],"Cursed Key":1,"obtain_stats":[{"Peace Pipe":45,"Busted Crown":17,"Molten Egg 2":8,"WingedGreaves":9,"PreservedInsect":23,"Bag of Preparation":26,"Red Mask":27,"Cursed Key":34,"Burning Blood":0,"Unceasing Top":12},{"Peace Pipe":21,"Busted Crown":9,"Molten Egg 2":5,"WingedGreaves":5,"PreservedInsect":13,"Bag of Preparation":13,"Red Mask":14,"Cursed Key":16,"Burning Blood":0,"Unceasing Top":7},{"Peace Pipe":91,"Busted Crown":38,"Molten Egg 2":18,"WingedGreaves":18,"PreservedInsect":54,"Bag of Preparation":54,"Red Mask":57,"Cursed Key":69,"Burning Blood":0,"Unceasing Top":28}],"Burning Blood":132,"Unceasing Top":[4]},"card_choices":[{"not_picked":["Offering","Reaper"],"picked":"Feed","floor":0.0},{"not_picked":["Clothesline","Wild Strike","Headbutt"],"picked":"SKIP","floor":1.0},{"not_picked":["Seeing Red","True Grit"],"picked":"Cleave","floor":2.0},{"not_picked":["Sever Soul","Spot Weakness"],"picked":"Evolve","floor":5.0},{"not_picked":["Sword Boomerang","Iron Wave"],"picked":"Metallicize","floor":7.0},{"not_picked":["Warcry","Perfected Strike+1"],"picked":"Feed+1","floor":8.0},{"not_picked":["Havoc","Rage"],"picked":"Fire Breathing","floor":11.0},{"not_picked":["Twin Strike+1","Headbutt+1"],"picked":"Brutality","floor":12.0},{"not_picked":["Clothesline+1","Flex"],"picked":"Carnage+1","floor":14.0},{"not_picked":["Corruption","Berserk"],"picked":"Double Tap","floor":16.0},{"not_picked":[],"picked":"Reckless Charge+1","floor":18.0},{"not_picked":["Thunderclap+1"],"picked":"SKIP","floor":20.0},{"not_picked":[],"picked":"Hemokinesis+1","floor":22.0},{"not_picked":["Whirlwind+1"],"picked":"SKIP","floor":23.0},{"not_picked":["Warcry"],"picked":"SKIP","floor":29.0},{"not_picked":[],"picked":"Fire Breathing+1","floor":35.0},{"not_picked":["Heavy Blade+1"],"picked":"SKIP","floor":36.0},{"not_picked":["Heavy Blade+1"],"picked":"SKIP","floor":38.0},{"not_picked":[],"picked":"True Grit+1","floor":39.0},{"not_picked":[],"picked":"Battle Trance","floor":45},{"not_picked":["Havoc"],"picked":"SKIP","floor":46}],"player_experience":318484,"relics_obtained":[{"floor":8.0,"key":"Molten Egg 2"},{"floor":9.0,"key":"WingedGreaves"},{"floor":12.0,"key":"Unceasing Top"},{"floor":23.0,"key":"PreservedInsect"},{"floor":26.0,"key":"Bag of Preparation"},{"floor":27.0,"key":"Red Mask"},{"floor":45,"key":"Peace Pipe"}],"event_choices":[{"damage_healed":0.0,"max_hp_gain":0.0,"max_hp_loss":0.0,"gold_gain":0.0,"event_name":"The Woman in Blue","player_choice":"Bought 1 Potion","floor":3.0,"gold_loss":0.0,"damage_taken":0.0},{"damage_healed":0.0,"max_hp_gain":0.0,"max_hp_loss":0.0,"gold_gain":0.0,"event_name":"Cursed Tome","player_choice":"Ignored","floor":19.0,"gold_loss":0.0,"damage_taken":0.0},{"damage_healed":0.0,"max_hp_gain":0.0,"max_hp_loss":0.0,"gold_gain":0.0,"cards_transformed":["Strike_R","Strike_R"],"event_name":"Drug Dealer","player_choice":"Became Test Subject","floor":24.0,"gold_loss":0.0,"damage_taken":0.0,"cards_obtained":["Cleave","Combust"]},{"damage_healed":0.0,"max_hp_gain":0.0,"max_hp_loss":0.0,"gold_gain":0.0,"event_name":"Masked Bandits","player_choice":"Fought Bandits","floor":27.0,"gold_loss":0.0,"damage_taken":0.0},{"damage_healed":0.0,"max_hp_gain":0.0,"max_hp_loss":0.0,"gold_gain":50.0,"event_name":"Nest","player_choice":"Stole From Cult","floor":31.0,"gold_loss":0.0,"damage_taken":0.0},{"damage_healed":0.0,"max_hp_gain":0.0,"max_hp_loss":0.0,"gold_gain":0.0,"event_name":"Upgrade Shrine","player_choice":"Upgraded","floor":37.0,"gold_loss":0.0,"damage_taken":0.0,"cards_upgraded":["Double Tap"]},{"damage_healed":0.0,"max_hp_gain":0.0,"max_hp_loss":0.0,"gold_gain":0.0,"event_name":"MindBloom","player_choice":"Fight","floor":45.0,"gold_loss":0.0,"damage_taken":0.0},{"damage_healed":0,"gold_gain":222,"player_choice":"Wore Mask","damage_taken":0,"max_hp_gain":0,"max_hp_loss":0,"event_name":"Tomb of Lord Red Mask","floor":48,"gold_loss":0}],"is_beta":false,"boss_relics":[{"not_picked":["Tiny House","Runic Dome"],"picked":"Busted Crown"},{"not_picked":["Philosopher\u0027s Stone","Empty Cage"],"picked":"Cursed Key"}],"items_purged_floors":[4,21],"is_endless":false,"potions_floor_spawned":[7,8,12,16,18,20,23,33,36,38,45],"killed_by":"Donu and Deca","ascension_level":20}}