{"host":"t75twhtg6c476ygg","time":1611593318,"event":{"mods":["AchievementEnabler","BaseMod","Colored Powertips","Minty Spire (QoL Compilation)","Quick Restart","Relic Stats","StSLib","SuperFastMode"],"gold_per_floor":[114,114,64,64,64,94,94,109,134,134,149,149,164,179,179,279,279,294,121,136,136,151,181,196,196,196,211,241,256,181,196,196,296,296,311,311,311,326,26,56,71,71,71,71,86,101,101,144,144,144],"floor_reached":51,"language":"ENG","playtime":1186,"items_purged":["Headbutt+1"],"score":869,"play_id":"6ce06d8e-d622-4ebb-a99d-e242f684c2ff","local_time":"20210125164838","daily_mods":["Chimera","Time Dilation","Lethality"],"is_ascension_mode":false,"campfire_choices":[{"data":"Pummel","floor":7.0,"key":"SMITH"},{"data":"Zap","floor":10.0,"key":"SMITH"},{"data":"Thunderclap","floor":12.0,"key":"SMITH"},{"data":"Flex","floor":15.0,"key":"SMITH"},{"data":"Limit Break","floor":25,"key":"SMITH"},{"data":"Survivor","floor":32,"key":"SMITH"},{"floor":42,"key":"REST"},{"floor":47,"key":"REST"},{"floor":49,"key":"REST"}],"circlet_count":0,"master_deck":["Bash+1","Survivor+1","Zap+1","Whirlwind+1","Pummel+1","Thunderclap+1","Flex+1","Limit Break+1","Heavy Blade+1","Whirlwind+1","Headbutt+1","Flex+1"],"relics":["Burning Blood","Darkstone Periapt","Du-Vu Doll","Omamori","Pandora\u0027s Box","Bag of Marbles","Whetstone","Gremlin Horn","Bronze Scales","Busted Crown","Unceasing Top","Brimstone","White Beast Statue","Centennial Puzzle","Self Forming Clay","CaptainsWheel"],"acts_visited":["Exordium","TheCity","TheBeyond"],"potions_floor_usage":[20,33,50,50,50],"damage_taken":[{"damage":0.0,"enemies":"Cultist","floor":1.0,"turns":2.0},{"damage":0.0,"enemies":"Gremlin Nob","floor":6.0,"turns":2.0},{"damage":0.0,"enemies":"2 Louse","floor":8.0,"turns":1.0},{"damage":1.0,"enemies":"Small Slimes","floor":11.0,"turns":2.0},{"damage":0.0,"enemies":"Exordium Thugs","floor":13.0,"turns":1.0},{"damage":0.0,"enemies":"Exordium Wildlife","floor":14.0,"turns":1.0},{"damage":0.0,"enemies":"Slime Boss","floor":16.0,"turns":1.0},{"damage":0.0,"enemies":"2 Thieves","floor":18.0,"turns":1.0},{"damage":0,"enemies":"Chosen","floor":20,"turns":1},{"damage":0,"enemies":"3 Cultists","floor":22,"turns":2},{"damage":7,"enemies":"Gremlin Leader","floor":23,"turns":2},{"damage":0,"enemies":"Snake Plant","floor":24,"turns":2},{"damage":0,"enemies":"Sentry and Sphere","floor":27,"turns":1},{"damage":18,"enemies":"Book of Stabbing","floor":28,"turns":2},{"damage":0,"enemies":"Cultist and Chosen","floor":29,"turns":1},{"damage":0,"enemies":"Snake Plant","floor":31,"turns":1},{"damage":15,"enemies":"Champ","floor":33,"turns":4},{"damage":0,"enemies":"3 Darklings","floor":35,"turns":2},{"damage":0,"enemies":"Orb Walker","floor":38,"turns":1},{"damage":0,"enemies":"Reptomancer","floor":40,"turns":1},{"damage":0,"enemies":"Jaw Worm Horde","floor":41,"turns":1},{"damage":0,"enemies":"Spire Growth","floor":45,"turns":2},{"damage":6,"enemies":"Sphere and 2 Shapes","floor":46,"turns":1},{"damage":0,"enemies":"2 Orb Walkers","floor":48,"turns":1},{"damage":15,"enemies":"Donu and Deca","floor":50,"turns":2}],"seed_played":"7295166269203286773","potions_obtained":[{"floor":1.0,"key":"FearPotion"},{"floor":6.0,"key":"DistilledChaos"},{"floor":8.0,"key":"Strength Potion"},{"floor":11.0,"key":"Explosive Potion"},{"floor":22,"key":"Dexterity Potion"},{"floor":40,"key":"Strength Potion"}],"is_trial":false,"path_per_floor":["M","?","?","?","?","E","R","M","T","R","M","R","M","M","R","B",null,"M","$","M","?","M","E","M","R","T","M","E","M","$","M","R","B",null,"M","?","?","M","$","E","M","R","T","?","M","M","R","?","R","B",null],"character_chosen":"IRONCLAD","items_purchased":["Headbutt","Bag of Marbles","Unceasing Top","Brimstone","White Beast Statue"],"campfire_rested":3,"item_purchase_floors":[19,19,39,39,39],"current_hp_per_floor":[80,86,86,69,69,75,75,81,81,81,86,86,86,86,86,86,86,86,86,86,86,86,85,86,86,86,86,74,80,80,86,86,77,86,86,86,86,86,86,86,86,86,86,86,86,86,86,86,86,77],"gold":144,"neow_bonus":"","is_daily":true,"chose_seed":false,"campfire_upgraded":6,"win_rate":0.0,"timestamp":1611593318,"path_taken":["M","?","?","?","?","E","R","M","T","R","M","R","M","M","R","BOSS","M","$","?","?","M","E","M","R","T","M","E","M","?","M","R","BOSS","M","?","?","M","$","E","M","R","T","?","M","M","R","?","R","BOSS"],"items_purchased_type":["Card","Relic","Relic","Relic","Relic"],"build_version":"2020-12-22","purchased_purges":1,"victory":true,"max_hp_per_floor":[80,86,86,86,86,86,86,86,86,86,86,86,86,86,86,86,86,86,86,86,86,86,86,86,86,86,86,86,86,86,86,86,86,86,86,86,86,86,86,86,86,86,86,86,86,86,86,86,86,86],"relic_stats":{"Darkstone Periapt":6,"Centennial Puzzle":[6],"Busted Crown":16,"Gremlin Horn":[10,10],"counters":[25,38],"Self Forming Clay":[6],"Bronze Scales":[9],"Pandora\u0027s Box":["Shockwave","Double Tap","Dark Embrace","Perfected Strike","Rupture","Havoc"],"Whetstone":["Headbutt","Whirlwind"],"obtain_stats":[{"Darkstone Periapt":2,"Gremlin Horn":26,"Self Forming Clay":43,"Omamori":9,"Whetstone":23,"Burning Blood":0,"White Beast Statue":39,"Du-Vu Doll":6,"Centennial Puzzle":40,"CaptainsWheel":48,"Busted Crown":34,"Brimstone":39,"Bronze Scales":28,"Pandora\u0027s Box":17,"Bag of Marbles":19,"Unceasing Top":39},{"Darkstone Periapt":1,"Gremlin Horn":12,"Self Forming Clay":21,"Omamori":3,"Whetstone":11,"Burning Blood":0,"White Beast Statue":19,"Du-Vu Doll":2,"Centennial Puzzle":20,"CaptainsWheel":24,"Busted Crown":17,"Brimstone":19,"Bronze Scales":14,"Pandora\u0027s Box":7,"Bag of Marbles":8,"Unceasing Top":19},{"Darkstone Periapt":2,"Gremlin Horn":18,"Self Forming Clay":32,"Omamori":5,"Whetstone":16,"Burning Blood":0,"White Beast Statue":30,"Du-Vu Doll":4,"Centennial Puzzle":31,"CaptainsWheel":36,"Busted Crown":27,"Brimstone":30,"Bronze Scales":21,"Pandora\u0027s Box":10,"Bag of Marbles":11,"Unceasing Top":30}],"Burning Blood":61,"Unceasing Top":[3]},"card_choices":[{"not_picked":["Bloodletting","Clothesline"],"picked":"Whirlwind","floor":1.0},{"not_picked":["Seeing Red","Disarm"],"picked":"Pummel","floor":6.0},{"not_picked":["Fire Breathing","Power Through","Cleave"],"picked":"SKIP","floor":8.0},{"not_picked":["Havoc","Clothesline"],"picked":"Thunderclap","floor":11.0},{"not_picked":["Body Slam","Headbutt","Ghostly Armor"],"picked":"SKIP","floor":13.0},{"not_picked":["Blood for Blood","Clothesline"],"picked":"Flex","floor":14.0},{"not_picked":["Demon Form","Reaper"],"picked":"Limit Break","floor":16.0},{"not_picked":["Burning Pact","Shrug It Off"],"picked":"Heavy Blade+1","floor":18.0},{"not_picked":["Disarm","Body Slam"],"picked":"Whirlwind","floor":20},{"not_picked":["Metallicize","Twin Strike"],"picked":"Headbutt+1","floor":22},{"not_picked":["Rampage","True Grit+1","Dropkick+1"],"picked":"SKIP","floor":23},{"not_picked":["Anger","Hemokinesis","Ghostly Armor"],"picked":"SKIP","floor":24},{"not_picked":["Barricade","Infernal Blade+1","Cleave"],"picked":"SKIP","floor":27},{"not_picked":["Armaments","Rage","Pommel Strike+1"],"picked":"SKIP","floor":28},{"not_picked":["Reckless Charge","Havoc","Warcry+1"],"picked":"SKIP","floor":29},{"not_picked":["Body Slam+1","Uppercut+1"],"picked":"Flex+1","floor":31},{"not_picked":["Headbutt+1"],"picked":"SKIP","floor":35},{"not_picked":["Reckless Charge+1"],"picked":"SKIP","floor":38},{"not_picked":["Heavy Blade"],"picked":"SKIP","floor":40},{"not_picked":["Sever Soul+1"],"picked":"SKIP","floor":41},{"not_picked":["Wild Strike+1"],"picked":"SKIP","floor":45},{"not_picked":["Perfected Strike+1"],"picked":"SKIP","floor":46}],"player_experience":266974,"relics_obtained":[{"floor":6.0,"key":"Du-Vu Doll"},{"floor":9.0,"key":"Omamori"},{"floor":23,"key":"Whetstone"},{"floor":26,"key":"Gremlin Horn"},{"floor":28,"key":"Bronze Scales"},{"floor":40,"key":"Centennial Puzzle"},{"floor":43,"key":"Self Forming Clay"},{"floor":48,"key":"CaptainsWheel"}],"event_choices":[{"damage_healed":0.0,"max_hp_gain":0.0,"max_hp_loss":0.0,"gold_gain":0.0,"event_name":"Big Fish","player_choice":"Box","floor":2.0,"gold_loss":0.0,"damage_taken":0.0,"relics_obtained":["Darkstone Periapt"],"cards_obtained":["Regret"]},{"cards_removed":["Regret"],"damage_healed":0.0,"max_hp_gain":0.0,"max_hp_loss":0.0,"gold_gain":0.0,"event_name":"The Cleric","player_choice":"Card Removal","floor":3.0,"gold_loss":50.0,"damage_taken":0.0},{"damage_healed":0.0,"max_hp_gain":0.0,"max_hp_loss":0.0,"gold_gain":0.0,"event_name":"Shining Light","player_choice":"Entered Light","floor":4.0,"gold_loss":0.0,"damage_taken":17.0,"cards_upgraded":["Eruption","Bash"]},{"damage_healed":0.0,"max_hp_gain":0.0,"max_hp_loss":0.0,"gold_gain":0.0,"event_name":"Upgrade Shrine","player_choice":"Upgraded","floor":5.0,"gold_loss":0.0,"damage_taken":0.0,"cards_upgraded":["Whirlwind"]},{"damage_healed":0,"gold_gain":0,"player_choice":"0 cards matched","damage_taken":0,"max_hp_gain":0,"max_hp_loss":0,"event_name":"Match and Keep!","floor":21,"gold_loss":0,"cards_obtained":[]},{"damage_healed":0,"gold_gain":0,"player_choice":"Ignored","damage_taken":0,"max_hp_gain":0,"max_hp_loss":0,"event_name":"Tomb of Lord Red Mask","floor":36,"gold_loss":0},{"cards_removed":["Eruption"],"damage_healed":0,"gold_gain":0,"player_choice":"Removed Attack","damage_taken":0,"max_hp_gain":0,"max_hp_loss":0,"event_name":"Falling","floor":37,"gold_loss":0},{"damage_healed":0,"gold_gain":0,"player_choice":"Memory 1","damage_taken":0,"max_hp_gain":0,"max_hp_loss":0,"event_name":"SensoryStone","floor":44,"gold_loss":0},{"damage_healed":0,"gold_gain":0,"player_choice":"Fight","damage_taken":0,"max_hp_gain":0,"max_hp_loss":0,"event_name":"Mysterious Sphere","floor":48,"gold_loss":0}],"is_beta":false,"boss_relics":[{"not_picked":["Fusion Hammer","Sozu"],"picked":"Pandora\u0027s Box"},{"not_picked":["Cursed Key","Velvet Choker"],"picked":"Busted Crown"}],"items_purged_floors":[30],"is_endless":false,"potions_floor_spawned":[1,6,8,11,22,27,29,31,40,41,45,46,48],"ascension_level":0}}