{"host":"uv5ws9rdk87e8i5k","time":1611589954,"event":{"mods":["AchievementEnabler","BaseMod","Colored Map","Minty Spire (QoL Compilation)","StSLib","SuperFastMode","The Necromancer"],"gold_per_floor":[117,217,232,242,258,285,285,312,367,367,380,391,391,391],"floor_reached":13,"language":"ENG","playtime":369,"items_purged":[],"score":131,"play_id":"9b36665c-113b-42b4-980b-285fd041fd95","local_time":"20210125095234","is_ascension_mode":true,"campfire_choices":[{"data":"Negative_Energy_Mist","floor":7.0,"key":"SMITH"},{"data":"Shade_Step","floor":10.0,"key":"SMITH"}],"circlet_count":0,"master_deck":["Strike_W","Strike_W","Strike_W","Strike_W","Defend_W","Defend_W","Defend_W","Defend_W","Negative_Energy_Arrows","Bone_Wall","Negative_Energy_Sphere","Negative_Energy_Sphere","Shade_Step+1","Negative_Energy_Mist+1","Spectral_Walk","Negative_Energy_Burst"],"relics":["Vampire_Amulet","Orichalcum","Singing Bowl","Omamori"],"acts_visited":["Exordium"],"potions_floor_usage":[12],"damage_taken":[{"damage":4.0,"enemies":"Small Slimes","floor":1.0,"turns":5.0},{"damage":8.0,"enemies":"Cultist","floor":3.0,"turns":5.0},{"damage":0.0,"enemies":"2 Louse","floor":4.0,"turns":2.0},{"damage":0.0,"enemies":"Gremlin Gang","floor":5.0,"turns":5.0},{"damage":9.0,"enemies":"3 Sentries","floor":6.0,"turns":4.0},{"damage":7.0,"enemies":"Gremlin Nob","floor":8.0,"turns":3.0},{"damage":24.0,"enemies":"Large Slime","floor":11.0,"turns":7.0},{"damage":0,"enemies":"Exordium Thugs","floor":12,"turns":4},{"damage":26,"enemies":"Lagavulin","floor":13,"turns":10}],"seed_played":"-6762608331058265122","potions_obtained":[{"floor":3.0,"key":"AttackPotion"},{"floor":4.0,"key":"FearPotion"},{"floor":5.0,"key":"LiquidBronze"},{"floor":6.0,"key":"Strength Potion"},{"floor":12,"key":"SneckoOil"}],"is_trial":false,"path_per_floor":["M","?","M","M","M","E","R","E","T","R","M","M","E"],"character_chosen":"NECROMANCER","items_purchased":[],"campfire_rested":0,"item_purchase_floors":[],"current_hp_per_floor":[68,68,62,66,74,71,71,68,68,68,48,52,26,26],"gold":391,"neow_bonus":"THREE_CARDS","is_daily":false,"chose_seed":false,"campfire_upgraded":2,"win_rate":0.0,"timestamp":1611589954,"path_taken":["M","?","M","M","?","E","R","E","T","R","?","M","E"],"items_purchased_type":[],"build_version":"2020-12-22","purchased_purges":0,"victory":false,"max_hp_per_floor":[75,75,75,75,75,75,75,77,77,77,77,77,77,77],"card_choices":[{"not_picked":["Bone_Shift","Blood_Curse"],"picked":"Negative_Energy_Sphere","floor":0.0},{"not_picked":["Death_March_Dance","Bone_Armory","Negative_Energy_Shield"],"picked":"SKIP","floor":1.0},{"not_picked":["Blood_for_Blood","Death_March_Dance"],"picked":"Negative_Energy_Sphere","floor":3.0},{"not_picked":["Bone_Armory","Bone_Spikes"],"picked":"Shade_Step","floor":4.0},{"not_picked":["Negative_Energy_Shield","Consume_Illness","Death_March_Dance"],"picked":"SKIP","floor":5.0},{"not_picked":["Life_Tap","Bone_Bullets"],"picked":"Negative_Energy_Mist","floor":6.0},{"not_picked":["Negative_Energy_Mist","Toxic_Smoke_Screen","Thousand_Bone_Knives"],"picked":"Singing Bowl","floor":8.0},{"not_picked":["Blood_for_Blood","Blood_Curse"],"picked":"Spectral_Walk","floor":11.0},{"not_picked":["Reap_The_Weak","Shackles_Of_Pain"],"picked":"Negative_Energy_Burst","floor":12}],"player_experience":272090,"relics_obtained":[{"floor":6.0,"key":"Orichalcum"},{"floor":8.0,"key":"Singing Bowl"},{"floor":9.0,"key":"Omamori"}],"event_choices":[{"damage_healed":0.0,"max_hp_gain":0.0,"max_hp_loss":0.0,"gold_gain":100.0,"event_name":"Golden Shrine","player_choice":"Pray","floor":2.0,"gold_loss":0.0,"damage_taken":0.0}],"is_beta":false,"boss_relics":[],"items_purged_floors":[],"is_endless":false,"potions_floor_spawned":[3,4,5,6,12],"killed_by":"Lagavulin","ascension_level":7}}