{"host":"ooe12lh8pgcirntb","time":1611554381,"event":{"mods":["AchievementEnabler","Act Like it!","BaseMod","Beaked The Cultist","ChefMod","Colored Map","Colored Powertips","Downfall","Minty Spire (QoL Compilation)","StSLib","The Animator","The Bug Knight","The Disciple","The Hierophant","The Problem Sleuth"],"gold_per_floor":[374,374,389,5,20,20,50,50,50,83,107,129,129,129,129,261,261,280,255,255,274,296,296,325,341,341,341,341],"floor_reached":27,"language":"ENG","playtime":5051,"items_purged":[],"score":217,"play_id":"d3a4db52-5936-4539-af9d-63948942d8c0","local_time":"20210125005941","is_ascension_mode":false,"campfire_choices":[{"data":"animator:Alexander","floor":6,"key":"SMITH"},{"floor":8,"key":"REST"},{"floor":15,"key":"REST"},{"floor":23,"key":"REST"}],"circlet_count":0,"master_deck":["animator:Strike_GoblinSlayer","animator:Defend_GoblinSlayer","animator:Strike","animator:Strike","animator:Strike","animator:Defend","animator:Defend","animator:LizardPriest","animator:DwarfShaman","animator:HiiragiShinya","animator:Alexander+1","animator:GuildGirl","animator:CrowleyEusford","animator:Witch","animator:SwordMaiden","animator:GoblinSlayer","animator:Priestess","animator:Konayuki","Iron Wave","animator:GoblinSlayer","animator:MisaKurobane","animator:Aqua"],"relics":["animator:LivingPicture","animator:ColorlessFragment","NlothsMask","Vajra","Omamori","Velvet Choker","HollowMod:PaleOreRelic"],"acts_visited":["Exordium","TheCity"],"potions_floor_usage":[7,22,27,27,27],"damage_taken":[{"damage":5,"enemies":"2 Louse","floor":1,"turns":2},{"damage":4,"enemies":"Cultist","floor":3,"turns":6},{"damage":0,"enemies":"Small Slimes","floor":5,"turns":3},{"damage":30,"enemies":"Lagavulin","floor":7,"turns":6},{"damage":9,"enemies":"Red Slaver","floor":10,"turns":4},{"damage":4,"enemies":"2 Fungi Beasts","floor":11,"turns":3},{"damage":7,"enemies":"3 Louse","floor":12,"turns":3},{"damage":27,"enemies":"Slime Boss","floor":16,"turns":8},{"damage":16,"enemies":"Chosen","floor":18,"turns":6},{"damage":23,"enemies":"2 Thieves","floor":21,"turns":4},{"damage":0,"enemies":"Snecko","floor":22,"turns":4},{"damage":20,"enemies":"3 Cultists","floor":24,"turns":5},{"damage":17,"enemies":"Snake Plant","floor":25,"turns":5},{"damage":17,"enemies":"Book of Stabbing","floor":27,"turns":3}],"seed_played":"3341037865574122139","potions_obtained":[{"floor":3,"key":"SpeedPotion"},{"floor":5,"key":"CultistPotion"},{"floor":12,"key":"FearPotion"},{"floor":16,"key":"LiquidBronze"},{"floor":18,"key":"Block Potion"},{"floor":22,"key":"Swift Potion"}],"is_trial":false,"path_per_floor":["M","?","M","$","M","R","E","R","T","M","M","M","?","$","R","B",null,"M","$","?","M","M","R","M","M","T","E"],"character_chosen":"THE_ANIMATOR","items_purchased":["Vajra","animator:ColorlessFragment","animator:GuildGirl","animator:Konayuki"],"campfire_rested":3,"item_purchase_floors":[4,4,4,19],"current_hp_per_floor":[43,43,39,39,40,40,10,30,30,21,18,11,11,11,31,4,68,53,53,53,30,30,50,30,13,13,0,0],"gold":341,"neow_bonus":"TWO_FIFTY_GOLD","is_daily":false,"chose_seed":false,"campfire_upgraded":1,"win_rate":0.0,"timestamp":1611554381,"path_taken":["M","?","?","$","M","R","E","R","T","M","M","M","?","$","R","BOSS","M","$","?","M","M","R","M","?","T","E"],"items_purchased_type":["Relic","Relic","Card","Card"],"build_version":"2020-12-22","purchased_purges":0,"victory":false,"max_hp_per_floor":[66,66,66,66,67,67,67,67,67,67,68,68,68,68,68,68,68,69,69,69,69,69,69,69,69,69,69,69],"card_choices":[{"not_picked":["animator:Priestess","animator:YunYun"],"picked":"animator:HiiragiShinya","floor":1},{"not_picked":["animator:ZankiKiguchi","animator:Azekura"],"picked":"animator:Alexander","floor":3},{"not_picked":["animator:Darkness","animator:Mitsuba"],"picked":"animator:CrowleyEusford","floor":5},{"not_picked":["animator:Millim","animator:SakuraMatou","animator:Caster"],"picked":"SKIP","floor":7},{"not_picked":["animator:LizardPriest","animator:DwarfShaman"],"picked":"animator:Witch","floor":10},{"not_picked":["animator:Witch","animator:SakuraMatou"],"picked":"animator:SwordMaiden","floor":11},{"not_picked":["animator:Assassin","animator:Verdia","animator:ElricAlphonse"],"picked":"SKIP","floor":12},{"not_picked":["animator:Shizu","animator:Gilgamesh"],"picked":"animator:GoblinSlayer","floor":16},{"not_picked":["animator:GuildGirl","animator:Witch"],"picked":"animator:Priestess","floor":18},{"not_picked":["animator:Emonzaemon","animator:Mitsurugi"],"picked":"animator:GoblinSlayer","floor":21},{"not_picked":["animator:Shigure+1","animator:MaesHughes","animator:TsurugaMeisai"],"picked":"SKIP","floor":22},{"not_picked":["animator:MamizouFutatsuiwa","animator:QuestionMark"],"picked":"animator:MisaKurobane","floor":24},{"not_picked":["animator:Priestess","animator:Alexander"],"picked":"animator:Aqua","floor":25}],"player_experience":719945,"relics_obtained":[{"floor":7,"key":"Omamori"},{"floor":26,"key":"HollowMod:PaleOreRelic"}],"event_choices":[{"damage_healed":0,"gold_gain":0,"player_choice":"Trade","damage_taken":0,"relics_obtained":["NlothsMask"],"max_hp_gain":0,"max_hp_loss":0,"event_name":"FaceTrader","floor":2,"gold_loss":0},{"damage_healed":0,"gold_gain":0,"player_choice":"Ignored","damage_taken":0,"max_hp_gain":0,"max_hp_loss":0,"event_name":"Shining Light","floor":13,"gold_loss":0},{"cards_removed":["animator:Defend"],"damage_healed":0,"gold_gain":0,"player_choice":"Took Card","damage_taken":0,"max_hp_gain":0,"max_hp_loss":0,"event_name":"NoteForYourself","floor":20,"gold_loss":0,"cards_obtained":["Iron Wave"]}],"is_beta":false,"boss_relics":[{"not_picked":["Busted Crown","Empty Cage"],"picked":"Velvet Choker"}],"items_purged_floors":[],"is_endless":false,"potions_floor_spawned":[3,5,12,16,18,22],"killed_by":"Book of Stabbing","ascension_level":0}}