{"host":"xmrw7jl1ir2912vf","time":1611593828,"event":{"mods":["BaseMod","Minty Spire (QoL Compilation)","Relic Stats"],"gold_per_floor":[114,114,20,95,112,112,112,112],"floor_reached":7,"language":"ENG","playtime":264,"items_purged":[],"score":74,"play_id":"7a5e4305-7f59-4917-aa6b-abf698b64890","local_time":"20210125115708","is_ascension_mode":true,"campfire_choices":[{"floor":6,"key":"REST"}],"circlet_count":0,"master_deck":["AscendersBane","Strike_R","Strike_R","Strike_R","Strike_R","Strike_R","Defend_R","Defend_R","Defend_R","Defend_R","Bash","Swift Strike","Burning Pact","Metallicize"],"relics":["Burning Blood","Potion Belt"],"acts_visited":["Exordium"],"potions_floor_usage":[],"damage_taken":[{"damage":6,"enemies":"Cultist","floor":1,"turns":4},{"damage":9,"enemies":"Jaw Worm","floor":5,"turns":5},{"damage":65,"enemies":"Lagavulin","floor":7,"turns":7}],"seed_played":"-4036764845152106557","potions_obtained":[],"is_trial":false,"path_per_floor":["M","?","$","?","M","R","E"],"character_chosen":"IRONCLAD","items_purchased":["Explosive Potion","Metallicize"],"campfire_rested":1,"item_purchase_floors":[3,3],"current_hp_per_floor":[68,42,42,31,28,50,0,0],"gold":112,"neow_bonus":"RANDOM_COLORLESS","is_daily":false,"chose_seed":false,"campfire_upgraded":0,"win_rate":0.0,"timestamp":1611593828,"path_taken":["M","?","$","?","M","R","E"],"items_purchased_type":["Potion","Card"],"build_version":"2020-12-22","purchased_purges":0,"victory":false,"max_hp_per_floor":[75,75,75,75,75,75,75,75],"relic_stats":{"counters":[3,16],"obtain_stats":[{"Potion Belt":2,"Burning Blood":0},{"Potion Belt":1,"Burning Blood":0},{"Potion Belt":4,"Burning Blood":0}],"Burning Blood":12},"card_choices":[{"not_picked":["Impatience","Good Instincts"],"picked":"Swift Strike","floor":0},{"not_picked":["True Grit","Armaments"],"picked":"Burning Pact","floor":1},{"not_picked":["Rage","Bloodletting","Warcry"],"picked":"SKIP","floor":5}],"player_experience":451714,"relics_obtained":[],"event_choices":[{"damage_healed":0,"gold_gain":0,"player_choice":"Success","damage_taken":26,"relics_obtained":["Potion Belt"],"max_hp_gain":0,"max_hp_loss":0,"event_name":"Scrap Ooze","floor":2,"gold_loss":0},{"damage_healed":0,"gold_gain":75,"player_choice":"Gather Gold","damage_taken":11,"max_hp_gain":0,"max_hp_loss":0,"event_name":"World of Goop","floor":4,"gold_loss":0}],"is_beta":false,"boss_relics":[],"items_purged_floors":[],"is_endless":false,"potions_floor_spawned":[],"killed_by":"Lagavulin","ascension_level":18}}