{"host":"khoyd8a1tvki7k1f","time":1611587702,"event":{"mods":["AchievementEnabler","BaseMod","Colored Powertips","Curses Come First","Downfall","Googly Eyes","Hermit","Highlight Path","Minty Spire (QoL Compilation)","Quick Restart","Relic Sorter","Robot Space Explorer","Shop Mod","StSLib","Synergy Search","The Bug Knight","The Cursed","The Disciple","The Hierophant","The Marked","The Necromancer","The Poker Player","The Runesmith","slay the spire mod where everything is the same but ironclad has a cowboy hat"],"gold_per_floor":[99,99,99,99,99,125,195,205,230,243,243,44,44,55,72,175,175,175,188,205,305,316,345,345,358,358,371,406,426,426,192,205,205,205,205],"floor_reached":33,"language":"ENG","playtime":2254,"items_purged":["Slimebound:Strike_Slimebound","Slimebound:Strike_Slimebound"],"score":312,"play_id":"ba07fd46-8536-45c5-ac06-d9a6ab51f065","local_time":"20210125091502","is_ascension_mode":true,"campfire_choices":[{"data":"Slimebound:Split","floor":1,"key":"SMITH"},{"data":"Slimebound:RollThrough","floor":11,"key":"SMITH"},{"data":"Slimebound:Chomp","floor":13,"key":"SMITH"},{"data":"Slimebound:Teamwork","floor":18,"key":"SMITH"},{"data":"Slimebound:GoopTackle","floor":26,"key":"SMITH"},{"floor":30,"key":"REST"}],"circlet_count":0,"master_deck":["Slimebound:Tackle","Slimebound:Defend_Slimebound","Slimebound:Defend_Slimebound","Slimebound:Defend_Slimebound","Slimebound:Defend_Slimebound","Slimebound:Split+1","Slimebound:CorrosiveSpit","Slimebound:GoopTackle+1","Slimebound:GoopTackle","Slimebound:SlimeSpikes","Slimebound:Repurpose","Slimebound:RollThrough+1","Slimebound:Equalize","Slimebound:LivingWall","Slimebound:Chomp+1","Slimebound:Teamwork+1","Slimebound:Recycling","Slimebound:SamplingLick+1","Slimebound:SplitMire","Slimebound:Gluttony","Slimebound:RollThrough+1","expansioncontent:StudyTheSpire"],"relics":["Slimebound:AbsorbEndCombat","downfall:HeartsMalice","Bird Faced Urn","Bottled Flame","Bottled Lightning","Membership Card","SacredBark","Pen Nib","HollowMod:LifeEnderRelic","Singing Bowl","Chemical X"],"acts_visited":["Exordium","TheCity"],"potions_floor_usage":[14,16,19,33,33,33],"damage_taken":[{"damage":0,"enemies":"Small Slimes","floor":2,"turns":1},{"damage":0,"enemies":"Cultist","floor":3,"turns":1},{"damage":0,"enemies":"2 Louse","floor":4,"turns":1},{"damage":24,"enemies":"3 Sentries","floor":6,"turns":6},{"damage":0,"enemies":"Exordium Wildlife","floor":8,"turns":3},{"damage":26,"enemies":"Lagavulin","floor":9,"turns":6},{"damage":13,"enemies":"Red Slaver","floor":10,"turns":4},{"damage":0,"enemies":"downfall:FleeingMerchant","floor":12,"turns":4},{"damage":5,"enemies":"3 Louse","floor":14,"turns":2},{"damage":9,"enemies":"2 Fungi Beasts","floor":15,"turns":5},{"damage":38,"enemies":"DF_ARCHETYPE_STREAMLINE","floor":16,"turns":11},{"damage":25,"enemies":"Spheric Guardian","floor":19,"turns":4},{"damage":8,"enemies":"Shell Parasite","floor":20,"turns":6},{"damage":30,"enemies":"Centurion and Healer","floor":22,"turns":6},{"damage":8,"enemies":"HollowMod:Nosk","floor":23,"turns":7},{"damage":20,"enemies":"Shelled Parasite and Fungi","floor":25,"turns":6},{"damage":11,"enemies":"3 Cultists","floor":27,"turns":4},{"damage":28,"enemies":"Book of Stabbing","floor":28,"turns":5},{"damage":18,"enemies":"Cultist and Chosen","floor":29,"turns":6},{"damage":10,"enemies":"downfall:FleeingMerchant","floor":31,"turns":4},{"damage":32,"enemies":"Shelled Parasite and Fungi","floor":32,"turns":6},{"damage":39,"enemies":"SI_MIRROR_ARCHETYPE","floor":33,"turns":6}],"seed_played":"-1322700271550816014","potions_obtained":[{"floor":8,"key":"SneckoOil"},{"floor":9,"key":"AttackPotion"},{"floor":14,"key":"SpeedPotion"},{"floor":15,"key":"hexamod:SoulburnPotion"},{"floor":23,"key":"Fire Potion"},{"floor":25,"key":"Slimebound:SpawnSlimePotion"},{"floor":27,"key":"sneckomod:MuddlingPotion"}],"is_trial":false,"path_per_floor":["R","M","M","M","?","E","T","M","E","M","R","$","R","M","M","B",null,"R","M","M","?","M","E","T","M","R","M","E","M","R","$","M","B"],"character_chosen":"SLIMEBOUND","items_purchased":["Membership Card","expansioncontent:StudyTheSpire","Chemical X"],"campfire_rested":1,"item_purchase_floors":[12,31,31],"current_hp_per_floor":[65,65,65,65,65,45,45,47,37,36,36,42,42,37,36,12,65,65,40,50,50,34,44,44,40,40,45,29,21,41,47,21,0,0,0],"gold":205,"neow_bonus":"THREE_ENEMY_KILL","is_daily":false,"chose_seed":false,"campfire_upgraded":5,"win_rate":0.0,"timestamp":1611587702,"path_taken":["R","M","M","M","?","E","T","?","E","M","R","$","R","M","M","BOSS","R","M","M","?","?","E","T","M","R","M","E","M","R","?","M","BOSS"],"items_purchased_type":["Relic","Card","Relic"],"build_version":"2020-12-22","purchased_purges":2,"victory":false,"max_hp_per_floor":[65,65,65,65,65,65,65,65,65,65,65,65,65,65,65,65,65,65,65,65,65,65,65,65,65,65,65,67,67,67,69,71,71,71,71],"card_choices":[{"not_picked":["Slimebound:SplitLeeching","Slimebound:FormOfPuddle"],"picked":"Slimebound:GoopTackle","floor":2},{"not_picked":["Slimebound:TongueLash","Slimebound:Schlurp"],"picked":"Slimebound:GoopTackle","floor":3},{"not_picked":["Slimebound:PressTheAttack","Slimebound:GoopTackle"],"picked":"Slimebound:SlimeSpikes","floor":4},{"not_picked":["Slimebound:ComboTackle","Slimebound:AcidTongue"],"picked":"Slimebound:RollThrough","floor":6},{"not_picked":["Slimebound:AcidTongue","Slimebound:Grow"],"picked":"Slimebound:Equalize","floor":8},{"not_picked":["Slimebound:HungryTackle","Slimebound:LeechEnergy"],"picked":"Slimebound:LivingWall","floor":9},{"not_picked":["Slimebound:ItLooksTasty","Slimebound:FinishingTackle","Slimebound:GoopTackle"],"picked":"SKIP","floor":10},{"not_picked":["Slimebound:RollThrough","Slimebound:SplitBruiser"],"picked":"Slimebound:Chomp","floor":12},{"not_picked":["Slimebound:ServeAndProtect","Slimebound:LeadByExample"],"picked":"Slimebound:Teamwork","floor":14},{"not_picked":["Slimebound:HauntingLick","Slimebound:FinishingTackle","Slimebound:ForwardTackle"],"picked":"SKIP","floor":15},{"not_picked":["Slimebound:FirmFortitude","Slimebound:TagTeam"],"picked":"Slimebound:Recycling","floor":16},{"not_picked":["Slimebound:ViciousTackle","Slimebound:HungryTackle+1"],"picked":"Slimebound:SamplingLick+1","floor":19},{"not_picked":["Slimebound:SplitAcid+1","Slimebound:LeechEnergy"],"picked":"Slimebound:SplitMire","floor":20},{"not_picked":["Slimebound:HungryTackle","Slimebound:GoopTackle","Slimebound:ProtectTheBoss"],"picked":"SKIP","floor":22},{"not_picked":["Slimebound:ServeAndProtect","Slimebound:FinishingTackle"],"picked":"Slimebound:Gluttony","floor":23},{"not_picked":["Slimebound:ItLooksTasty","Slimebound:ComboTackle","Slimebound:AcidTongue"],"picked":"SKIP","floor":25},{"not_picked":["Slimebound:FirmFortitude","Slimebound:ServeAndProtect","Slimebound:GoopTackle"],"picked":"SKIP","floor":27},{"not_picked":["Slimebound:SplitSpecialist","Slimebound:DisruptingSlam","Slimebound:LeadByExample+1"],"picked":"Singing Bowl","floor":28},{"not_picked":["Slimebound:TongueLash+1","Slimebound:LeechingTouch"],"picked":"Slimebound:RollThrough+1","floor":29},{"not_picked":["Slimebound:HauntingLick+1","Slimebound:FormOfPuddle","Slimebound:RainOfGoop"],"picked":"Singing Bowl","floor":31},{"not_picked":["Slimebound:HauntingLick","Slimebound:SplitBruiser","Slimebound:SlimeTap"],"picked":"Singing Bowl","floor":32}],"player_experience":337401,"relics_obtained":[{"floor":6,"key":"Bird Faced Urn"},{"floor":7,"key":"Bottled Flame"},{"floor":9,"key":"Bottled Lightning"},{"floor":23,"key":"Pen Nib"},{"floor":24,"key":"HollowMod:LifeEnderRelic"},{"floor":28,"key":"Singing Bowl"}],"event_choices":[],"is_beta":false,"boss_relics":[{"not_picked":["Velvet Choker","Sozu"],"picked":"SacredBark"}],"items_purged_floors":[12,31],"is_endless":false,"potions_floor_spawned":[8,9,14,15,23,25,27,29],"killed_by":"SI_MIRROR_ARCHETYPE","ascension_level":1}}