{"host":"1tl36azeqm6yhdgj","time":1611583863,"event":{"mods":["AchievementEnabler","BaseMod","Minty Spire (QoL Compilation)","StSLib","The IronCluck","everything is the same but u backflip on backflip"],"gold_per_floor":[216,216,232,307,318,318,39,39,39],"floor_reached":8,"language":"ENG","playtime":177,"items_purged":[],"score":92,"play_id":"1b742cfa-a1dc-4841-9615-982c6dc91946","local_time":"20210125091103","is_ascension_mode":true,"campfire_choices":[{"data":"Barricade","floor":6.0,"key":"SMITH"}],"circlet_count":0,"master_deck":["AscendersBane","Strike_R","Strike_R","Strike_R","Strike_R","Defend_R","Defend_R","Defend_R","Defend_R","Bash","Disarm","Thunderclap","Barricade+1","HandOfGreed","Feel No Pain"],"relics":["Burning Blood"],"acts_visited":["Exordium"],"potions_floor_usage":[8,8],"damage_taken":[{"damage":10.0,"enemies":"Small Slimes","floor":1.0,"turns":3.0},{"damage":4.0,"enemies":"2 Louse","floor":3.0,"turns":3.0},{"damage":12.0,"enemies":"Jaw Worm","floor":5.0,"turns":5.0},{"damage":50,"enemies":"Lagavulin","floor":8,"turns":6}],"seed_played":"-2910364575663342575","potions_obtained":[{"floor":3.0,"key":"FearPotion"},{"floor":5.0,"key":"SneckoOil"}],"is_trial":false,"path_per_floor":["M","?","M","?","M","R","$","E"],"character_chosen":"IRONCLAD","items_purchased":["HandOfGreed","Feel No Pain"],"campfire_rested":0,"item_purchase_floors":[7,7],"current_hp_per_floor":[64,57,59,48,42,42,42,0,0],"gold":39,"neow_bonus":"HUNDRED_GOLD","is_daily":false,"chose_seed":false,"campfire_upgraded":1,"win_rate":0.0,"timestamp":1611583863,"path_taken":["M","?","M","?","M","R","?","E"],"items_purchased_type":["Card","Card"],"build_version":"2020-12-22","purchased_purges":0,"victory":false,"max_hp_per_floor":[75,75,75,75,75,75,75,75,75],"card_choices":[{"not_picked":["Thunderclap","Twin Strike"],"picked":"Disarm","floor":1.0},{"not_picked":["Flex","Evolve"],"picked":"Thunderclap","floor":3.0},{"not_picked":["Clash","Carnage"],"picked":"Barricade","floor":5.0}],"player_experience":2040622,"relics_obtained":[],"event_choices":[{"cards_removed":["Strike_R"],"damage_healed":0.0,"max_hp_gain":0.0,"max_hp_loss":0.0,"gold_gain":0.0,"event_name":"Golden Wing","player_choice":"Card Removal","floor":2.0,"gold_loss":0.0,"damage_taken":7.0},{"damage_healed":0.0,"max_hp_gain":0.0,"max_hp_loss":0.0,"gold_gain":75.0,"event_name":"World of Goop","player_choice":"Gather Gold","floor":4.0,"gold_loss":0.0,"damage_taken":11.0}],"is_beta":false,"boss_relics":[],"items_purged_floors":[],"is_endless":false,"potions_floor_spawned":[3,5],"killed_by":"Lagavulin","ascension_level":20}}