{"host":"y7b1p9nkx4idorr2","time":1611566374,"event":{"mods":["AchievementEnabler","Act Like it!","BaseMod","Colored Map","Downfall","GifTheSpireLib","Googly Eyes","Highlight Path","Mimic Mod","Minty Spire (QoL Compilation)","Shop Mod","Spicy Shops","StSLib","Unceasing Turn Reminder"],"gold_per_floor":[0,10,23,36,21,121,121,121,138,123,223,223,223,237,251,347,347,247,347,347,420,435,335,360,386,386,13,26,52,52,81,97,193,193,193,208,223,223,241,241,241,275,291,291,316,333,333,381,394,394],"floor_reached":51,"language":"ENG","playtime":4591,"items_purged":["Pride","Slimebound:Strike_Slimebound"],"score":817,"play_id":"41d5cf32-2d65-4337-9185-81b42fde6e38","local_time":"20210125031934","is_ascension_mode":true,"campfire_choices":[{"data":"Slimebound:TagTeam","floor":1,"key":"SMITH"},{"data":"Slimebound:RollThrough","floor":8,"key":"SMITH"},{"floor":12,"key":"RECALL"},{"data":"Slimebound:PrepareCrush","floor":18,"key":"SMITH"},{"data":"Slimebound:SplitSpecialist","floor":23,"key":"SMITH"},{"data":"Slimebound:LeadByExample","floor":26,"key":"SMITH"},{"data":"Slimebound:MinionMaster","floor":35,"key":"SMITH"},{"data":"Slimebound:RainOfGoop","floor":40,"key":"SMITH"},{"data":"Slimebound:RainOfGoop","floor":47,"key":"SMITH"}],"circlet_count":0,"master_deck":["Slimebound:Defend_Slimebound","Slimebound:Defend_Slimebound","Slimebound:Defend_Slimebound","Slimebound:Defend_Slimebound","Slimebound:Split","Slimebound:CorrosiveSpit","Slimebound:TagTeam+1","Slimebound:MegaLick+1","Slimebound:FinishingTackle","Slimebound:Prepare","Slimebound:RollThrough+1","Slimebound:SpikyOuterGoop","Slimebound:TongueLash","Slimebound:RallyTheTroops","Slimebound:SlimeTap","Slimebound:GoopSpray","Slimebound:LeadByExample+1","Slimebound:PrepareCrush+1","Slimebound:HauntingLick","Slimebound:SplitSpecialist+1","Slimebound:LeechingTouch","Slimebound:RainOfGoop+1","Slimebound:SlimeSpikes","Slimebound:Gluttony","Slimebound:LeechEnergy","Slimebound:ComboTackle+1","Slimebound:Equalize","Slimebound:MinionMaster+1","Slimebound:SamplingLick+1","Slimebound:GoopSpray+1","Slimebound:DisruptingSlam+1","Slimebound:ForwardTackle+1","Slimebound:Darklings","Slimebound:RejuvenatingLick+1","Slimebound:RainOfGoop+1","Slimebound:ViciousTackle"],"relics":["Slimebound:AbsorbEndCombatUpgraded","Thread and Needle","downfall:HeartBlessingRed","Peace Pipe","White Beast Statue","Incense Burner","downfall:HeartBlessingBlue","Bronze Scales","Bag of Marbles","Kunai","ClockworkSouvenir","Unceasing Top","Coffee Dripper","The Courier","Akabeko","Bottled Tornado","TungstenRod"],"acts_visited":["Exordium","TheCity","TheBeyond"],"potions_floor_usage":[5,10,10,16,25,31,36,36,45,45,45,49,50],"damage_taken":[{"damage":11,"enemies":"2 Louse","floor":2,"turns":2},{"damage":1,"enemies":"Jaw Worm","floor":3,"turns":3},{"damage":6,"enemies":"Small Slimes","floor":4,"turns":2},{"damage":9,"enemies":"downfall:FleeingMerchant","floor":5,"turns":4},{"damage":40,"enemies":"downfall:Heads","floor":6,"turns":5},{"damage":3,"enemies":"Blue Slaver","floor":9,"turns":3},{"damage":3,"enemies":"downfall:FleeingMerchant","floor":10,"turns":4},{"damage":0,"enemies":"3 Louse","floor":14,"turns":2},{"damage":6,"enemies":"Large Slime","floor":15,"turns":3},{"damage":25,"enemies":"DF_ARCHETYPE_STREAMLINE","floor":16,"turns":11},{"damage":19,"enemies":"IC_STATUS_ARCHETYPE","floor":19,"turns":3},{"damage":4,"enemies":"3 Byrds","floor":22,"turns":4},{"damage":11,"enemies":"Book of Stabbing","floor":25,"turns":4},{"damage":16,"enemies":"downfall:FleeingMerchant","floor":27,"turns":4},{"damage":0,"enemies":"Spheric Guardian","floor":28,"turns":3},{"damage":25,"enemies":"Gremlin Leader","floor":29,"turns":4},{"damage":7,"enemies":"Slavers","floor":31,"turns":4},{"damage":0,"enemies":"Snake Plant","floor":32,"turns":2},{"damage":51,"enemies":"SI_MIRROR_ARCHETYPE","floor":33,"turns":11},{"damage":23,"enemies":"3 Darklings","floor":36,"turns":4},{"damage":3,"enemies":"3 Shapes","floor":37,"turns":4},{"damage":5,"enemies":"Maw","floor":39,"turns":9},{"damage":0,"enemies":"Reptomancer","floor":42,"turns":5},{"damage":14,"enemies":"Jaw Worm Horde","floor":43,"turns":4},{"damage":21,"enemies":"Nemesis","floor":45,"turns":5},{"damage":0,"enemies":"3 Darklings","floor":46,"turns":2},{"damage":18,"enemies":"2 Orb Walkers","floor":48,"turns":5},{"damage":17,"enemies":"Sphere and 2 Shapes","floor":49,"turns":4},{"damage":38,"enemies":"WA_ARCHETYPE_DIVINITY","floor":50,"turns":9}],"seed_played":"-4327697761085235062","potions_obtained":[{"floor":2,"key":"Slimebound:SlimedPotion"},{"floor":6,"key":"sneckomod:MuddlingPotion"},{"floor":9,"key":"Energy Potion"},{"floor":14,"key":"PowerPotion"},{"floor":22,"key":"SkillPotion"},{"floor":25,"key":"Swift Potion"},{"floor":27,"key":"EssenceOfSteel"},{"floor":28,"key":"Dexterity Potion"},{"floor":29,"key":"EntropicBrew"},{"floor":31,"key":"Explosive Potion"},{"floor":33,"key":"SkillPotion"},{"floor":36,"key":"SteroidPotion"},{"floor":37,"key":"sneckomod:MuddlingPotion"},{"floor":39,"key":"champ:CounterPotion"},{"floor":42,"key":"EntropicBrew"},{"floor":45,"key":"ColorlessPotion"},{"floor":49,"key":"Swift Potion"}],"is_trial":false,"path_per_floor":["R","M","M","M","$","?","T","R","M","$","?","R","?","M","M","B",null,"R","?","?","T","M","R","T","E","R","$","M","E","?","E","M","B",null,"R","M","M","?","M","R","T","E","M","?","E","M","R","?","M","B",null],"character_chosen":"SLIMEBOUND","items_purchased":["Kunai","Slimebound:SlimeSpikes","Slimebound:Gluttony","ClockworkSouvenir"],"campfire_rested":0,"item_purchase_floors":[27,27,27,27],"current_hp_per_floor":[65,54,55,53,48,16,16,16,19,22,22,22,22,26,24,7,65,65,49,49,49,57,67,67,65,65,55,58,45,45,53,63,35,75,75,60,69,69,70,70,70,75,64,64,62,75,75,69,58,35],"gold":394,"neow_bonus":"THREE_RARE_CARDS","is_daily":false,"chose_seed":false,"campfire_upgraded":8,"win_rate":0.0,"timestamp":1611566374,"path_taken":["R","M","M","M","$","?","T","R","M","$","?","R","?","M","M","BOSS","R","?","?","?","M","R","T","E","R","$","M","E","?","E","M","BOSS","R","M","M","?","M","R","T","E","M","?","E","?","R","?","M","BOSS"],"items_purchased_type":["Relic","Card","Card","Relic"],"build_version":"2020-12-22","purchased_purges":2,"victory":true,"max_hp_per_floor":[65,65,65,65,65,65,65,65,65,65,65,65,65,65,65,65,65,65,65,65,65,65,75,75,75,75,75,75,75,75,75,75,75,75,75,75,75,75,75,75,75,75,75,75,75,75,75,75,75,75],"card_choices":[{"not_picked":["Slimebound:MassRepurpose","Slimebound:FirmFortitude"],"picked":"Slimebound:TagTeam","floor":0},{"not_picked":["Slimebound:Recollect","Slimebound:Equalize"],"picked":"Slimebound:MegaLick","floor":2},{"not_picked":["Slimebound:Schlurp","Slimebound:PressTheAttack"],"picked":"Slimebound:FinishingTackle","floor":3},{"not_picked":["Slimebound:GoopTackle","Slimebound:FormOfPuddle"],"picked":"Slimebound:Prepare","floor":4},{"not_picked":["Slimebound:ItLooksTasty","Slimebound:LeechingTouch"],"picked":"Slimebound:RollThrough","floor":5},{"not_picked":["Slimebound:ViciousTackle","Slimebound:LivingWall"],"picked":"Slimebound:SpikyOuterGoop","floor":6},{"not_picked":["Slimebound:Prepare","Slimebound:SplitAcid"],"picked":"Slimebound:RallyTheTroops","floor":9},{"not_picked":["Slimebound:LeadByExample","Slimebound:TongueLash"],"picked":"Slimebound:SlimeTap","floor":10},{"not_picked":["Slimebound:BestDefense","Slimebound:LeadByExample"],"picked":"Slimebound:GoopSpray","floor":14},{"not_picked":["Slimebound:RollThrough","Slimebound:GoopTackle"],"picked":"Slimebound:LeadByExample","floor":15},{"not_picked":["Slimebound:FirmFortitude","Slimebound:DouseInSlime"],"picked":"Slimebound:PrepareCrush","floor":16},{"not_picked":["Slimebound:DivideAndConquer+1","Slimebound:GoopTackle"],"picked":"Slimebound:HauntingLick","floor":19},{"not_picked":["Slimebound:FormOfPuddle","Slimebound:HauntingLick"],"picked":"Slimebound:SplitSpecialist","floor":22},{"not_picked":["Slimebound:PressTheAttack","Slimebound:ItLooksTasty"],"picked":"Slimebound:LeechingTouch","floor":25},{"not_picked":["Slimebound:Grow","Slimebound:LeechEnergy+1"],"picked":"Slimebound:RainOfGoop","floor":27},{"not_picked":["Slimebound:Dissolve","Slimebound:BestDefense"],"picked":"Slimebound:LeechEnergy","floor":28},{"not_picked":["Slimebound:SplitLeeching","Slimebound:SpikyOuterGoop"],"picked":"Slimebound:ComboTackle+1","floor":29},{"not_picked":["Slimebound:Overexert","Slimebound:SamplingLick+1"],"picked":"Slimebound:Equalize","floor":31},{"not_picked":["Slimebound:SamplingLick+1","Slimebound:LeechEnergy"],"picked":"Slimebound:AcidTongue","floor":32},{"not_picked":["Slimebound:FirmFortitude","Slimebound:MassRepurpose"],"picked":"Slimebound:MinionMaster","floor":33},{"not_picked":["Slimebound:Prepare+1","Slimebound:ItLooksTasty"],"picked":"Slimebound:SamplingLick+1","floor":36},{"not_picked":["Slimebound:ProtectTheBoss+1","Slimebound:SamplingLick"],"picked":"Slimebound:GoopSpray+1","floor":37},{"not_picked":["Slimebound:RallyTheTroops","Slimebound:SplitAcid+1"],"picked":"Slimebound:DisruptingSlam+1","floor":39},{"not_picked":["Slimebound:ServeAndProtect","Slimebound:MegaLick+1"],"picked":"Slimebound:ForwardTackle+1","floor":42},{"not_picked":["Slimebound:LeechEnergy+1","Slimebound:SlimeSpikes","Slimebound:SlimeTap"],"picked":"SKIP","floor":43},{"not_picked":["Slimebound:PressTheAttack","Slimebound:DisruptingSlam+1"],"picked":"Slimebound:RejuvenatingLick+1","floor":45},{"not_picked":["Slimebound:PressTheAttack+1","Slimebound:SplitMire+1"],"picked":"Slimebound:RainOfGoop","floor":46},{"not_picked":["Slimebound:RollThrough+1","Slimebound:GoopTackle"],"picked":"Slimebound:ViciousTackle","floor":48},{"not_picked":["Slimebound:SplitLeeching","Slimebound:LeechEnergy","Slimebound:GoopTackle"],"picked":"SKIP","floor":49}],"player_experience":2185455,"relics_obtained":[{"floor":7,"key":"Thread and Needle"},{"floor":19,"key":"Peace Pipe"},{"floor":19,"key":"White Beast Statue"},{"floor":24,"key":"Bronze Scales"},{"floor":25,"key":"Bag of Marbles"},{"floor":29,"key":"Juzu Bracelet"},{"floor":31,"key":"Unceasing Top"},{"floor":41,"key":"The Courier"},{"floor":42,"key":"Akabeko"},{"floor":45,"key":"Bottled Tornado"},{"floor":48,"key":"TungstenRod"}],"event_choices":[{"damage_healed":0,"gold_gain":0,"player_choice":"Stole Relic","damage_taken":0,"relics_obtained":["Incense Burner"],"max_hp_gain":0,"max_hp_loss":0,"event_name":"Addict","floor":20,"gold_loss":0,"cards_obtained":["Pride"]},{"cards_removed":["Slimebound:AcidTongue"],"damage_healed":0,"gold_gain":0,"player_choice":"Removed Power","damage_taken":0,"max_hp_gain":0,"max_hp_loss":0,"event_name":"Falling","floor":38,"gold_loss":0},{"damage_healed":0,"gold_gain":0,"player_choice":"Fight","damage_taken":0,"max_hp_gain":0,"max_hp_loss":0,"event_name":"Mysterious Sphere","floor":48,"gold_loss":0}],"is_beta":false,"boss_relics":[{"not_picked":["Snecko Eye","Astrolabe"],"picked":"Slimebound:AbsorbEndCombatUpgraded"},{"not_picked":["SlaversCollar","Black Star"],"picked":"Coffee Dripper"}],"items_purged_floors":[27,27],"is_endless":false,"potions_floor_spawned":[2,6,9,14,22,25,27,28,29,31,32,33,36,37,39,42,43,45,46,48,49],"ascension_level":1}}