{"host":"mai03x2ekbjy4059","time":1611546467,"event":{"mods":["2.2 Compatiblity","BaseMod","Colored Map","DeckTracker","Keyboard Shortcuts","Minty Spire (QoL Compilation)","Permanent Neow","Quick Restart","SuperFastMode","everything is the same but u backflip on backflip"],"gold_per_floor":[11,11,11,25,44,77,77,112,112,145,220,220,220,220,220,317,317,337,366,366,366,419,438,465,390,390,390,390,275,305,322,322,424,424,438,488,522,540,560,594,594,594,667,683,695,727,727,727,727,727,727,727,63,88,88],"floor_reached":56,"language":"KOR","playtime":1980,"items_purged":["Survivor","Defend_G"],"score":1463,"play_id":"abcefa21-d745-415c-bd65-631a4027af1d","local_time":"20210125124747","is_ascension_mode":true,"campfire_choices":[{"data":"Footwork","floor":7.0,"key":"SMITH"},{"data":"Envenom","floor":13.0,"key":"SMITH"},{"data":"Neutralize","floor":15.0,"key":"SMITH"},{"data":"Venomology","floor":28.0,"key":"SMITH"},{"data":"Cloak And Dagger","floor":32.0,"key":"SMITH"},{"data":"After Image","floor":41.0,"key":"SMITH"},{"data":"Footwork","floor":47.0,"key":"SMITH"},{"floor":49.0,"key":"RECALL"},{"data":"Burst","floor":52.0,"key":"SMITH"}],"circlet_count":0,"master_deck":["Neutralize+1","Escape Plan","Footwork+1","Envenom+1","Deflect","Venomology+1","Burst+1","Escape Plan","Cloak And Dagger+1","Footwork+1","Infinite Blades","After Image+1","Backstab+1","Blade Dance+1","Backflip+1","Cloak And Dagger+1","Accuracy","Caltrops"],"relics":["Ring of the Snake","Whetstone","Pear","Gremlin Horn","Mercury Hourglass","Incense Burner","WristBlade","Red Mask","Ancient Tea Set","Question Card","PreservedInsect","Vajra","Empty Cage","Calipers","Boot","Potion Belt","Medical Kit","Bag of Marbles","Oddly Smooth Stone","Centennial Puzzle"],"acts_visited":["Exordium","TheCity","TheBeyond","TheEnding"],"potions_floor_usage":[55,55,55,55,55,55,55],"damage_taken":[{"damage":0.0,"enemies":"Cultist","floor":1.0,"turns":3.0},{"damage":1.0,"enemies":"Jaw Worm","floor":4.0,"turns":6.0},{"damage":0.0,"enemies":"Small Slimes","floor":5.0,"turns":4.0},{"damage":33.0,"enemies":"3 Sentries","floor":6.0,"turns":17.0},{"damage":7.0,"enemies":"Lagavulin","floor":8.0,"turns":9.0},{"damage":21.0,"enemies":"3 Sentries","floor":10.0,"turns":11.0},{"damage":26.0,"enemies":"Slime Boss","floor":16.0,"turns":10.0},{"damage":1.0,"enemies":"Chosen","floor":18.0,"turns":5.0},{"damage":0.0,"enemies":"Masked Bandits","floor":19.0,"turns":5.0},{"damage":0.0,"enemies":"Shell Parasite","floor":23.0,"turns":7.0},{"damage":0.0,"enemies":"Gremlin Leader","floor":24.0,"turns":9.0},{"damage":0.0,"enemies":"Book of Stabbing","floor":30.0,"turns":5.0},{"damage":0.0,"enemies":"Centurion and Healer","floor":31.0,"turns":5.0},{"damage":0.0,"enemies":"Collector","floor":33.0,"turns":7.0},{"damage":0.0,"enemies":"Orb Walker","floor":35.0,"turns":4.0},{"damage":0.0,"enemies":"Mind Bloom Boss Battle","floor":36.0,"turns":6.0},{"damage":0.0,"enemies":"3 Shapes","floor":37.0,"turns":3.0},{"damage":0.0,"enemies":"3 Darklings","floor":38.0,"turns":4.0},{"damage":0.0,"enemies":"Jaw Worm Horde","floor":39.0,"turns":4.0},{"damage":0.0,"enemies":"Reptomancer","floor":40.0,"turns":4.0},{"damage":0.0,"enemies":"Maw","floor":44.0,"turns":5.0},{"damage":0.0,"enemies":"Writhing Mass","floor":45.0,"turns":5.0},{"damage":4.0,"enemies":"Nemesis","floor":46.0,"turns":6.0},{"damage":3.0,"enemies":"Time Eater","floor":50.0,"turns":11.0},{"damage":0.0,"enemies":"Shield and Spear","floor":54.0,"turns":3.0},{"damage":29,"enemies":"The Heart","floor":55,"turns":10}],"seed_played":"2045222253996230226","potions_obtained":[{"floor":4.0,"key":"Weak Potion"},{"floor":5.0,"key":"Regen Potion"},{"floor":10.0,"key":"SkillPotion"},{"floor":16.0,"key":"SteroidPotion"},{"floor":18.0,"key":"LiquidMemories"},{"floor":23.0,"key":"SpeedPotion"},{"floor":35.0,"key":"FearPotion"},{"floor":37.0,"key":"Swift Potion"},{"floor":40.0,"key":"PowerPotion"},{"floor":46.0,"key":"Poison Potion"}],"is_trial":false,"path_per_floor":["M","?","?","M","M","E","R","E","T","E","?","?","R","?","R","B",null,"M","?","?","?","T","M","E","?","T","?","R","$","E","M","R","B",null,"M","?","M","M","M","E","R","?","T","M","M","E","R","?","R","B",null,"R","$","E","B",null],"character_chosen":"THE_SILENT","items_purchased":["Footwork","Accuracy","Medical Kit","Bag of Marbles","Oddly Smooth Stone","Dexterity Potion"],"campfire_rested":0,"item_purchase_floors":[29,53,53,53,53,53],"current_hp_per_floor":[70,70,63,62,62,44,44,47,47,26,15,8,8,34,34,8,80,79,79,79,79,79,79,79,79,79,79,79,79,79,79,79,79,80,80,80,80,80,80,80,80,80,80,80,80,76,76,76,76,73,76,76,76,76,47],"gold":88,"neow_bonus":"REMOVE_TWO","is_daily":false,"chose_seed":false,"campfire_upgraded":8,"win_rate":0.0,"timestamp":1611546467,"path_taken":["M","?","?","M","M","E","R","E","T","E","?","?","R","?","R","BOSS","M","?","?","?","?","?","E","?","T","?","R","$","E","M","R","BOSS","M","?","M","M","M","E","R","?","T","?","M","E","R","?","R","BOSS","R","$","E","BOSS"],"items_purchased_type":["Card","Card","Relic","Relic","Relic","Potion"],"build_version":"2020-12-22","purchased_purges":2,"victory":true,"max_hp_per_floor":[70,70,70,70,70,70,70,80,80,80,80,80,80,80,80,80,80,80,80,80,80,80,80,80,80,80,80,80,80,80,80,80,80,80,80,80,80,80,80,80,80,80,80,80,80,80,80,76,76,76,76,76,76,76,76],"card_choices":[{"not_picked":["PiercingWail","Prepared","Poisoned Stab"],"picked":"SKIP","floor":1.0},{"not_picked":["Dagger Spray","Reflex"],"picked":"Escape Plan","floor":4.0},{"not_picked":["Quick Slash","Prepared","Calculated Gamble"],"picked":"SKIP","floor":5.0},{"not_picked":["Backflip","Deadly Poison"],"picked":"Footwork","floor":6.0},{"not_picked":["Leg Sweep","Prepared","Dagger Throw"],"picked":"SKIP","floor":8.0},{"not_picked":["Backflip","Prepared"],"picked":"Envenom","floor":10.0},{"not_picked":["Underhanded Strike","Deadly Poison","Flying Knee+1"],"picked":"SKIP","floor":18.0},{"not_picked":["Setup+1","Bane+1"],"picked":"Deflect","floor":19.0},{"not_picked":["Storm of Steel","Crippling Poison","Sucker Punch"],"picked":"SKIP","floor":23.0},{"not_picked":["Deflect","Bouncing Flask+1"],"picked":"Escape Plan","floor":24.0},{"not_picked":["Predator","Dagger Throw+1","Underhanded Strike","PiercingWail+1"],"picked":"SKIP","floor":30.0},{"not_picked":["Bane","Finisher","Quick Slash"],"picked":"Infinite Blades","floor":31.0},{"not_picked":["Burst","Adrenaline","Die Die Die"],"picked":"After Image","floor":33.0},{"not_picked":["PiercingWail+1","Deadly Poison+1","Masterful Stab+1"],"picked":"Backstab+1","floor":35.0},{"not_picked":["Well Laid Plans+1","Underhanded Strike+1","Sucker Punch+1","Calculated Gamble+1"],"picked":"SKIP","floor":37.0},{"not_picked":["Setup+1","Deflect","Bane+1","Dagger Throw+1"],"picked":"SKIP","floor":38.0},{"not_picked":["Dodge and Roll+1","Finisher","Burst"],"picked":"Blade Dance+1","floor":39.0},{"not_picked":["PiercingWail+1","Infinite Blades","Flechettes","Well Laid Plans+1"],"picked":"SKIP","floor":40.0},{"not_picked":["Tactician+1","Deflect","Noxious Fumes+1"],"picked":"Backflip+1","floor":44.0},{"not_picked":["Sucker Punch","Backflip","PiercingWail"],"picked":"Cloak And Dagger+1","floor":45.0},{"not_picked":["All Out Attack","Reflex+1","Caltrops","Heel Hook"],"picked":"SKIP","floor":46.0},{"not_picked":["Dagger Throw+1","Crippling Poison+1","Dagger Spray+1"],"picked":"Caltrops","floor":54.0}],"player_experience":1137741,"relics_obtained":[{"floor":6.0,"key":"Whetstone"},{"floor":8.0,"key":"Pear"},{"floor":9.0,"key":"Gremlin Horn"},{"floor":10.0,"key":"Mercury Hourglass"},{"floor":19.0,"key":"Red Mask"},{"floor":22.0,"key":"Ancient Tea Set"},{"floor":24.0,"key":"Question Card"},{"floor":26.0,"key":"PreservedInsect"},{"floor":30.0,"key":"Vajra"},{"floor":36.0,"key":"Calipers"},{"floor":40.0,"key":"Boot"},{"floor":46.0,"key":"Potion Belt"},{"floor":54.0,"key":"Centennial Puzzle"}],"event_choices":[{"cards_removed":["Defend_G"],"damage_healed":0.0,"max_hp_gain":0.0,"max_hp_loss":0.0,"gold_gain":0.0,"event_name":"Living Wall","player_choice":"Forget","floor":2.0,"gold_loss":0.0,"damage_taken":0.0},{"cards_removed":["Strike_G"],"damage_healed":0.0,"max_hp_gain":0.0,"max_hp_loss":0.0,"gold_gain":0.0,"event_name":"Golden Wing","player_choice":"Card Removal","floor":3.0,"gold_loss":0.0,"damage_taken":7.0},{"damage_healed":0.0,"max_hp_gain":0.0,"max_hp_loss":0.0,"gold_gain":75.0,"event_name":"World of Goop","player_choice":"Gather Gold","floor":11.0,"gold_loss":0.0,"damage_taken":11.0},{"damage_healed":0.0,"max_hp_gain":0.0,"max_hp_loss":0.0,"gold_gain":0.0,"event_name":"Scrap Ooze","player_choice":"Success","floor":12.0,"gold_loss":0.0,"damage_taken":7.0,"relics_obtained":["Incense Burner"]},{"damage_healed":26.0,"max_hp_gain":0.0,"max_hp_loss":0.0,"gold_gain":0.0,"event_name":"Big Fish","player_choice":"Banana","floor":14.0,"gold_loss":0.0,"damage_taken":0.0},{"damage_healed":0.0,"max_hp_gain":0.0,"max_hp_loss":0.0,"gold_gain":0.0,"event_name":"Masked Bandits","player_choice":"Fought Bandits","floor":19.0,"gold_loss":0.0,"damage_taken":0.0},{"damage_healed":0.0,"max_hp_gain":0.0,"max_hp_loss":0.0,"gold_gain":0.0,"event_name":"Vampires","player_choice":"Ignored","floor":20.0,"gold_loss":0.0,"damage_taken":0.0},{"damage_healed":0.0,"max_hp_gain":0.0,"max_hp_loss":0.0,"gold_gain":0.0,"cards_transformed":["Strike_G","Defend_G"],"event_name":"Drug Dealer","player_choice":"Became Test Subject","floor":21.0,"gold_loss":0.0,"damage_taken":0.0,"cards_obtained":["Venomology","Burst"]},{"cards_removed":["Defend_G"],"damage_healed":0.0,"max_hp_gain":0.0,"max_hp_loss":0.0,"gold_gain":0.0,"event_name":"Beggar","player_choice":"Gave Gold","floor":25.0,"gold_loss":75.0,"damage_taken":0.0},{"damage_healed":0.0,"max_hp_gain":0.0,"max_hp_loss":0.0,"gold_gain":0.0,"event_name":"The Library","player_choice":"Read","floor":27.0,"gold_loss":0.0,"damage_taken":0.0,"cards_obtained":["Cloak And Dagger"]},{"damage_healed":0.0,"max_hp_gain":0.0,"max_hp_loss":0.0,"gold_gain":0.0,"event_name":"MindBloom","player_choice":"Fight","floor":36.0,"gold_loss":0.0,"damage_taken":0.0},{"damage_healed":0.0,"max_hp_gain":0.0,"max_hp_loss":0.0,"gold_gain":0.0,"event_name":"Wheel of Change","player_choice":"Full Heal","floor":42.0,"gold_loss":0.0,"damage_taken":0.0},{"damage_healed":0.0,"max_hp_gain":0.0,"max_hp_loss":4.0,"gold_gain":0.0,"event_name":"Winding Halls","player_choice":"Max HP","floor":48.0,"gold_loss":0.0,"damage_taken":0.0}],"is_beta":false,"boss_relics":[{"not_picked":["Snecko Eye","Tiny House"],"picked":"WristBlade"},{"not_picked":["Ring of the Serpent","Velvet Choker"],"picked":"Empty Cage"}],"items_purged_floors":[29,53],"is_endless":false,"potions_floor_spawned":[4,5,10,16,18,23,35,37,40,44,46],"ascension_level":1}}