{"host":"pc7bizyp7423q6r6","time":1611597321,"event":{"mods":["AchievementEnabler","Act Like it!","Aspiration","BaseMod","Better Match","Better Note","Better Third Choice","BetterRewards","Block Reminder","Conspire","Disable Question Mark Monsters","Emptier Cage","GifTheSpireLib","Hubris","Infinite Spire","Minty Spire (QoL Compilation)","Rare Cards Sparkle","Relic Stats","Replay The Spire","Robot Space Explorer","Spicy Shops","StSLib","Stuff the Spire","The Blue Laboratory","The Cursed","Wandering Minibosses","everything is the same but u backflip on backflip"],"gold_per_floor":[112,112,62,83,125,174,186,223,223,223,223,223,235,71,110,138,138,138,235,235,251,251,262,280,23,36,36,157,157,176,176,221,221,238,238,383,402,402,486,486,503,532,532,368,382,490,490,490,490,490,490,598,598,612,623,573,600,600,600,597,624],"floor_reached":62,"language":"ENG","playtime":2017,"items_purged":["Strike_R","Strike_R","Strike_R"],"score":3086,"play_id":"03d3df8e-b828-45f8-9551-b9bf641207a9","local_time":"20210125115521","is_ascension_mode":true,"campfire_choices":[{"floor":9,"key":"DIG"},{"data":"Crippling Poison","floor":12,"key":"SMITH"},{"data":"ReplayTheSpireMod:Stacked","floor":17,"key":"SMITH"},{"floor":18,"key":"DIG"},{"data":"conspire:Banana","floor":27,"key":"SMITH"},{"data":"Bandage Up","floor":29,"key":"SMITH"},{"floor":35,"key":"DIG"},{"data":"Dark Shackles","floor":38,"key":"SMITH"},{"data":"conspire:SpireCoStock","floor":38,"key":"SMITH"},{"data":"Defend_R+2","floor":47,"key":"SMITH"},{"data":"Defend_R+3","floor":47,"key":"SMITH"},{"data":"Defend_R+4","floor":49,"key":"SMITH"},{"data":"Defend_R+5","floor":49,"key":"SMITH"},{"data":"Defend_R+6","floor":53,"key":"SMITH"},{"data":"Defend_R+7","floor":53,"key":"SMITH"},{"data":"Defend_R+8","floor":58,"key":"SMITH"},{"data":"Defend_R+9","floor":58,"key":"SMITH"},{"data":"Defend_R+10","floor":59,"key":"SMITH"},{"data":"Defend_R+11","floor":59,"key":"SMITH"}],"circlet_count":0,"master_deck":["AscendersBane","Strike_R+1","Strike_R+1","Defend_R","Defend_R","Defend_R","Defend_R+12","Bash+1","Pummel+1","Fire Breathing+1","conspire:SpireCoStock+1","TheCursedMod:SurpriseAttack+1","Crippling Poison+1","ReplayTheSpireMod:Stacked+1","RobotSpaceExplorer:SlimeMissile+1","Bandage Up+1","StuffTheSpire:LaunchingStrike+1","StuffTheSpire:Injection+1","infinitespire:Execution+1","conspire:Banana+1","StuffTheSpire:PlasmaPunch+1","Bullet Time","StuffTheSpire:CuriosityCurse","Dark Shackles+1","Replay:Dark Deal+1","CurseOfTheBell","Enlightenment+1","Bullet Time+1","Spreading Infection","Fiend Fire+1","Parasite","StuffTheSpire:PlasmaPunch+1","Barricade+1"],"relics":["Burning Blood","Medical Kit","Happy Flower","hubris:Zylophone","Molten Egg 2","PrismaticShard","Vajra","StuffTheSpire:DarkSteelAnvil","Lee\u0027s Waffle","Singing Bowl","Ginger","Shovel","Replay:Kaleidoscope","Frozen Egg 2","infinitespire:BottledMercury","StuffTheSpire:TintedRock","Replay:Bottled Flurry","aspiration:DSix","Replay:Bottled Steam","Chemical X","Odd Mushroom","Pen Nib","StuffTheSpire:RunicHypercube","Pocketwatch","wanderingMiniBosses:OtherGremlinHorn","conspire:TopHat","infinitespire:Lucky Rock","Anchor","Replay:Arrowhead","conspire:DecoderRing","Calling Bell","Replay:Mystery Machine","Mirror","Calipers","ReplayTheSpireMod:CursedCoin","Simple Rune","Oddly Smooth Stone","Red Skull","Mercury Hourglass","conspire:GiftBox"],"acts_visited":["Exordium","TheCity","TheBeyond"],"potions_floor_usage":[8,19,19,39,60,61],"damage_taken":[{"damage":14.0,"enemies":"conspire:RoseBush","floor":1.0,"turns":5.0},{"damage":7,"enemies":"Jaw Worm","floor":4,"turns":2},{"damage":14,"enemies":"infinitespire:Voidling","floor":5,"turns":6},{"damage":17,"enemies":"Replay:BlueRogue","floor":6,"turns":5},{"damage":0,"enemies":"Red Slaver","floor":7,"turns":1},{"damage":10,"enemies":"Lagavulin","floor":8,"turns":4},{"damage":0,"enemies":"Exordium Wildlife","floor":13,"turns":2},{"damage":0,"enemies":"2 Fungi Beasts","floor":15,"turns":2},{"damage":1,"enemies":"The Mushroom Lair","floor":16,"turns":3},{"damage":0,"enemies":"Fading Forest","floor":19,"turns":13},{"damage":7,"enemies":"3 Byrds","floor":21,"turns":3},{"damage":46,"enemies":"Spheric Guardian","floor":23,"turns":7},{"damage":16,"enemies":"3 Cultists","floor":24,"turns":5},{"damage":0,"enemies":"Cultist and Chosen","floor":26,"turns":4},{"damage":0,"enemies":"Gremlin Leader","floor":28,"turns":5},{"damage":0,"enemies":"Snake Plant","floor":30,"turns":2},{"damage":0,"enemies":"Snecko","floor":34,"turns":2},{"damage":2,"enemies":"Replay:Snechameleon","floor":36,"turns":2},{"damage":0,"enemies":"Centurion and Healer","floor":37,"turns":3},{"damage":0,"enemies":"Champ","floor":39,"turns":3},{"damage":0,"enemies":"Orb Walker","floor":41,"turns":2},{"damage":4,"enemies":"3 Shapes","floor":42,"turns":2},{"damage":0,"enemies":"Writhing Mass","floor":45,"turns":3},{"damage":0,"enemies":"R_Hoarder","floor":46,"turns":3},{"damage":48,"enemies":"Nightmare","floor":52,"turns":4},{"damage":0,"enemies":"Jaw Worm Horde","floor":54,"turns":3},{"damage":0,"enemies":"Spire Growth","floor":55,"turns":1},{"damage":0,"enemies":"3 Darklings","floor":57,"turns":3},{"damage":7,"enemies":"Time Eater","floor":60,"turns":4},{"damage":14,"enemies":"Donu and Deca","floor":61,"turns":6}],"seed_played":"886389342193001515","potions_obtained":[{"floor":1.0,"key":"blueLaboratory:BottleOfVodka"},{"floor":8,"key":"EntropicBrew"},{"floor":13,"key":"blueLaboratory:NullPotion"},{"floor":28,"key":"blueLaboratory:ImpenetrablePotion"},{"floor":39,"key":"Swift Potion"}],"is_trial":false,"path_per_floor":["M","?","?","M","M","E","M","E","R","T","T","R","M","$","M","?","R","R","B",null,"M","?","M","M","$","M","R","E","R","M","?","T","?","M","R","E","M","R","B",null,"M","M","?","$","M","E","R","?","R","T","T","NM","R","M","M","?","M","R","R","B","B",null],"character_chosen":"IRONCLAD","items_purchased":["Medical Kit","Happy Flower","Molten Egg 2","PrismaticShard","Vajra","Pummel+1","Lee\u0027s Waffle","Singing Bowl","Ginger","Shovel","Frozen Egg 2","Fire Breathing+1","Chemical X","Pocketwatch","StuffTheSpire:PlasmaPunch+1","ReplayTheSpireMod:CursedCoin","Simple Rune","Fiend Fire+1"],"campfire_rested":0,"item_purchase_floors":[0,0,0,0,0,0,0,0,0,0,0,0,14,25,25,44,44,44],"current_hp_per_floor":[76,51,51,52,49,38,44,42,42,42,42,42,48,48,54,65,65,65,83,88,89,89,52,46,46,59,59,72,72,90,90,90,90,108,108,113,116,116,119,119,124,124,124,124,127,129,129,129,129,129,129,99,99,117,125,125,143,143,143,149,144],"gold":624,"neow_bonus":"","is_daily":false,"chose_seed":false,"campfire_upgraded":16,"win_rate":0.0,"timestamp":1611597321,"path_taken":["M","?","?","?","M","E","M","E","R","T","T","R","?","?","M","?","R","R","BOSS","M","?","?","M","$","M","R","E","R","M","?","T","?","M","R","E","M","R","BOSS","M","M","?","$","?","E","R","?","R","T","T","NM","R","?","?","?","M","R","R","BOSS","BOSS"],"items_purchased_type":["Relic","Relic","Relic","Relic","Relic","Card","Relic","Relic","Relic","Relic","Relic","Card","Relic","Relic","Card","Relic","Relic","Card"],"build_version":"2020-12-22","purchased_purges":3,"victory":true,"max_hp_per_floor":[84,84,84,86,86,86,86,88,88,88,88,88,88,88,88,90,90,90,90,90,90,90,92,92,92,95,95,98,98,103,103,103,103,108,108,113,116,116,119,119,124,124,124,124,127,129,129,129,129,129,129,134,134,139,141,141,146,146,146,149,152],"relic_stats":{"Lee\u0027s Waffle":123,"Happy Flower":[60],"Singing Bowl":30,"counters":[142,512],"Pen Nib":[16],"Ginger":[23],"Medical Kit":[48],"Burning Blood":194,"Mercury Hourglass":[58],"Shovel":3,"Chemical X":[49],"obtain_stats":[{"infinitespire:BottledMercury":6,"StuffTheSpire:Barrel":2,"StuffTheSpire:Rhapsscallions":48,"Ginger":0,"wanderingMiniBosses:OtherGremlinHorn":18,"Ring of Searing":39,"StuffTheSpire:SapphireSignet":9,"Blood Vial":26,"Replay:Ringing Soul":43,"Sundial":0,"MealTicket":11,"Fusion Hammer":34,"Replay:Bottled Flurry":9,"Replay:Wax Seal":8,"aspiration:DSix":10,"StuffTheSpire:NeowsTribute":0,"Replay:Bottled Steam":11,"TheCursedMod:BlackMagic101":0,"conspire:TreasureMap":13,"Eternal Feather":36,"Pen Nib":18,"aspiration:FrozenJewel":19,"infinitespire:EvilPickle":33,"infinitespire:Lychee Nut":23,"Mark of Pain":17,"StrikeDummy":36,"infinitespire:Cupcake":34,"hubris:Metronome":6,"Singing Bowl":0,"wanderingMiniBosses:AbyssPearl":48,"Replay:Multitool":0,"Ancient Tea Set":43,"Burning Blood":0,"Replay:Rubber Ducky":41,"Ring of Fangs":0,"Matryoshka":12,"hubris:Backtick":17,"Shovel":0,"Ring of Peace":39,"hubris:FunFungus":9,"hubris:CuriousFeather":0,"Chemical X":27,"infinitespire:Eraser":23,"hubris:GlazedTorus":0,"Ring of the Snake":5,"StuffTheSpire:TintedRock":12,"Lee\u0027s Waffle":0,"NeowsBlessing":0,"hubris:64BitClover":9,"Golden Idol":3,"StuffTheSpire:Expresso":21,"Thread and Needle":0,"infinitespire:Lucky Rock":47,"Frozen Egg 2":0,"MawBank":9,"Replay:Arrowhead":35,"Orrery":54,"Garlic":25,"conspire:DeflatedDodgeball":24,"ReplayTheSpireMod:Onyx Gauntlets":0,"Toy Ornithopter":25,"infinitespire:Midas Blood":6,"Ice Cream":29,"Calipers":0,"Gremlin Horn":10,"CeramicFish":38,"Vajra":43,"Sozu":17,"DollysMirror":22,"Strawberry":0,"conspire:DecoderRing":36,"Philosopher\u0027s Stone":34,"Prayer Wheel":42,"Toxic Egg 2":26,"hubris:Teleporter":14,"Happy Flower":0,"aspiration:Nostalgia":0,"ReplayTheSpireMod:CursedCoin":0,"Replay:Grab Bag":34,"Oddly Smooth Stone":22,"hubris:HollowSoul":34,"infinitespire:Beetle Shell":21,"Replay:Kaleidoscope":0,"aspiration:HiddenCompartment":29,"hubris:Zylophone":0,"Bottled Flame":0,"conspire:GiftBox":52,"ReplayTheSpireMod:Shallot":36,"Brimstone":19,"Bronze Scales":0,"Molten Egg 2":14,"StuffTheSpire:DarkSteelAnvil":0,"Simple Rune":44,"Black Star":34,"aspiration:HatOfInfinitePower":0,"Mirror":40,"Meat on the Bone":0,"Pocketwatch":25,"Darkstone Periapt":7,"Juzu Bracelet":12,"hubris:SlimyHat":0,"Replay:Mystery Machine":40,"Empty Cage":34,"PrismaticShard":0,"conspire:TopHat":20,"ClockworkSouvenir":36,"aspiration:StickyExplosives_weak":41,"Replay:Bandana":26,"Dream Catcher":46,"Nunchaku":45,"StuffTheSpire:HeavyRock":10,"Gambling Chip":44,"Pantograph":40,"Tiny Chest":15,"Red Mask":0,"StuffTheSpire:Nightcore":0,"infinitespire:Chaos":0,"Red Skull":50,"Gremlin Food":37,"BargainBundle":0,"StuffTheSpire:RunicHypercube":20,"infinitespire:CursedDice":0,"Guide Book":36,"Quantum Egg":7,"infinitespire:EmptyRelic":0,"Replay:WaspNest":43,"Orichalcum":30,"Odd Mushroom":16,"Medical Kit":0,"Mercury Hourglass":51,"Calling Bell":40,"infinitespire:DarkRift":0,"Anchor":2,"wanderingMiniBosses:CarrionFlame":28,"infinitespire:Satchel":46,"Snack Pack":47,"Membership Card":0,"hubris:OldNail":6,"TungstenRod":40,"FossilizedHelix":0},{"infinitespire:BottledMercury":116,"StuffTheSpire:Barrel":63,"StuffTheSpire:Rhapsscallions":60,"Ginger":37,"wanderingMiniBosses:OtherGremlinHorn":71,"Ring of Searing":103,"StuffTheSpire:SapphireSignet":67,"Blood Vial":74,"Replay:Ringing Soul":57,"Sundial":62,"MealTicket":92,"Fusion Hammer":101,"Replay:Bottled Flurry":16,"Replay:Wax Seal":4,"aspiration:DSix":118,"StuffTheSpire:NeowsTribute":37,"Replay:Bottled Steam":118,"TheCursedMod:BlackMagic101":62,"conspire:TreasureMap":43,"Eternal Feather":79,"Pen Nib":121,"aspiration:FrozenJewel":95,"infinitespire:EvilPickle":78,"infinitespire:Lychee Nut":74,"Mark of Pain":20,"StrikeDummy":29,"infinitespire:Cupcake":78,"hubris:Metronome":66,"Singing Bowl":112,"wanderingMiniBosses:AbyssPearl":35,"Replay:Multitool":37,"Ancient Tea Set":32,"Burning Blood":0,"Replay:Rubber Ducky":81,"Ring of Fangs":62,"Matryoshka":69,"hubris:Backtick":70,"Shovel":112,"Ring of Peace":103,"hubris:FunFungus":41,"hubris:CuriousFeather":62,"Chemical X":98,"infinitespire:Eraser":22,"hubris:GlazedTorus":88,"Ring of the Snake":90,"StuffTheSpire:TintedRock":17,"Lee\u0027s Waffle":88,"NeowsBlessing":0,"hubris:64BitClover":10,"Golden Idol":89,"StuffTheSpire:Expresso":21,"Thread and Needle":88,"infinitespire:Lucky Rock":108,"Frozen Egg 2":112,"MawBank":4,"Replay:Arrowhead":129,"Orrery":110,"Garlic":46,"conspire:DeflatedDodgeball":46,"ReplayTheSpireMod:Onyx Gauntlets":62,"Toy Ornithopter":23,"infinitespire:Midas Blood":3,"Ice Cream":49,"Calipers":37,"Gremlin Horn":17,"CeramicFish":79,"Vajra":82,"Sozu":44,"DollysMirror":46,"Strawberry":88,"conspire:DecoderRing":130,"Philosopher\u0027s Stone":78,"Prayer Wheel":105,"Toxic Egg 2":74,"hubris:Teleporter":93,"Happy Flower":62,"aspiration:Nostalgia":12,"ReplayTheSpireMod:CursedCoin":88,"Replay:Grab Bag":78,"Oddly Smooth Stone":46,"hubris:HollowSoul":52,"infinitespire:Beetle Shell":72,"Replay:Kaleidoscope":112,"aspiration:HiddenCompartment":26,"hubris:Zylophone":62,"Bottled Flame":62,"conspire:GiftBox":137,"ReplayTheSpireMod:Shallot":29,"Brimstone":21,"Bronze Scales":37,"Molten Egg 2":69,"StuffTheSpire:DarkSteelAnvil":88,"Simple Rune":134,"Black Star":78,"aspiration:HatOfInfinitePower":62,"Mirror":132,"Meat on the Bone":62,"Pocketwatch":125,"Darkstone Periapt":16,"Juzu Bracelet":11,"hubris:SlimyHat":62,"Replay:Mystery Machine":132,"Empty Cage":28,"PrismaticShard":112,"conspire:TopHat":46,"ClockworkSouvenir":29,"aspiration:StickyExplosives_weak":81,"Replay:Bandana":23,"Dream Catcher":84,"Nunchaku":106,"StuffTheSpire:HeavyRock":41,"Gambling Chip":57,"Pantograph":104,"Tiny Chest":43,"Red Mask":62,"StuffTheSpire:Nightcore":37,"infinitespire:Chaos":62,"Red Skull":136,"Gremlin Food":102,"BargainBundle":62,"StuffTheSpire:RunicHypercube":122,"infinitespire:CursedDice":37,"Guide Book":29,"Quantum Egg":41,"infinitespire:EmptyRelic":62,"Replay:WaspNest":82,"Orichalcum":76,"Odd Mushroom":121,"Medical Kit":88,"Mercury Hourglass":136,"Calling Bell":132,"infinitespire:DarkRift":12,"Anchor":89,"wanderingMiniBosses:CarrionFlame":48,"infinitespire:Satchel":84,"Snack Pack":34,"Membership Card":37,"hubris:OldNail":9,"TungstenRod":31,"FossilizedHelix":88},{"infinitespire:BottledMercury":420,"StuffTheSpire:Barrel":243,"StuffTheSpire:Rhapsscallions":230,"Ginger":157,"wanderingMiniBosses:OtherGremlinHorn":279,"Ring of Searing":371,"StuffTheSpire:SapphireSignet":255,"Blood Vial":288,"Replay:Ringing Soul":221,"Sundial":240,"MealTicket":342,"Fusion Hammer":368,"Replay:Bottled Flurry":64,"Replay:Wax Seal":13,"aspiration:DSix":425,"StuffTheSpire:NeowsTribute":157,"Replay:Bottled Steam":425,"TheCursedMod:BlackMagic101":240,"conspire:TreasureMap":177,"Eternal Feather":304,"Pen Nib":432,"aspiration:FrozenJewel":353,"infinitespire:EvilPickle":301,"infinitespire:Lychee Nut":288,"Mark of Pain":87,"StrikeDummy":115,"infinitespire:Cupcake":301,"hubris:Metronome":251,"Singing Bowl":402,"wanderingMiniBosses:AbyssPearl":144,"Replay:Multitool":157,"Ancient Tea Set":129,"Burning Blood":0,"Replay:Rubber Ducky":308,"Ring of Fangs":240,"Matryoshka":260,"hubris:Backtick":273,"Shovel":402,"Ring of Peace":371,"hubris:FunFungus":168,"hubris:CuriousFeather":240,"Chemical X":361,"infinitespire:Eraser":95,"hubris:GlazedTorus":329,"Ring of the Snake":335,"StuffTheSpire:TintedRock":68,"Lee\u0027s Waffle":329,"NeowsBlessing":0,"hubris:64BitClover":30,"Golden Idol":332,"StuffTheSpire:Expresso":91,"Thread and Needle":329,"infinitespire:Lucky Rock":386,"Frozen Egg 2":402,"MawBank":13,"Replay:Arrowhead":473,"Orrery":394,"Garlic":190,"conspire:DeflatedDodgeball":190,"ReplayTheSpireMod:Onyx Gauntlets":240,"Toy Ornithopter":99,"infinitespire:Midas Blood":3,"Ice Cream":200,"Calipers":157,"Gremlin Horn":68,"CeramicFish":304,"Vajra":311,"Sozu":184,"DollysMirror":190,"Strawberry":329,"conspire:DecoderRing":475,"Philosopher\u0027s Stone":301,"Prayer Wheel":378,"Toxic Egg 2":288,"hubris:Teleporter":347,"Happy Flower":240,"aspiration:Nostalgia":51,"ReplayTheSpireMod:CursedCoin":329,"Replay:Grab Bag":301,"Oddly Smooth Stone":190,"hubris:HollowSoul":209,"infinitespire:Beetle Shell":283,"Replay:Kaleidoscope":402,"aspiration:HiddenCompartment":106,"hubris:Zylophone":240,"Bottled Flame":240,"conspire:GiftBox":495,"ReplayTheSpireMod:Shallot":115,"Brimstone":91,"Bronze Scales":157,"Molten Egg 2":260,"StuffTheSpire:DarkSteelAnvil":329,"Simple Rune":485,"Black Star":301,"aspiration:HatOfInfinitePower":240,"Mirror":481,"Meat on the Bone":240,"Pocketwatch":460,"Darkstone Periapt":64,"Juzu Bracelet":37,"hubris:SlimyHat":240,"Replay:Mystery Machine":481,"Empty Cage":113,"PrismaticShard":402,"conspire:TopHat":190,"ClockworkSouvenir":115,"aspiration:StickyExplosives_weak":308,"Replay:Bandana":99,"Dream Catcher":316,"Nunchaku":381,"StuffTheSpire:HeavyRock":168,"Gambling Chip":221,"Pantograph":375,"Tiny Chest":177,"Red Mask":240,"StuffTheSpire:Nightcore":157,"infinitespire:Chaos":240,"Red Skull":491,"Gremlin Food":369,"BargainBundle":240,"StuffTheSpire:RunicHypercube":445,"infinitespire:CursedDice":157,"Guide Book":115,"Quantum Egg":168,"infinitespire:EmptyRelic":240,"Replay:WaspNest":311,"Orichalcum":294,"Odd Mushroom":432,"Medical Kit":329,"Mercury Hourglass":491,"Calling Bell":481,"infinitespire:DarkRift":51,"Anchor":332,"wanderingMiniBosses:CarrionFlame":197,"infinitespire:Satchel":316,"Snack Pack":138,"Membership Card":157,"hubris:OldNail":26,"TungstenRod":125,"FossilizedHelix":329}],"Pocketwatch":[3]},"card_choices":[{"not_picked":["Reckless Charge+1","TheCursedMod:TacticalStrike+1","conspire:PoisonWeapons"],"picked":"Singing Bowl","floor":1.0},{"not_picked":["hubris:SlightOfHand","TheCursedMod:SpitefulStrike+1","Steam"],"picked":"Singing Bowl","floor":4},{"not_picked":["Steam","RobotSpaceExplorer:ScrapMissile+1"],"picked":"TheCursedMod:SurpriseAttack+1","floor":5},{"not_picked":["Multi-Cast","Crippling Poison","Bouncing Flask"],"picked":"SKIP","floor":6},{"not_picked":["Multi-Cast","Bouncing Flask"],"picked":"Crippling Poison","floor":6},{"not_picked":["RobotSpaceExplorer:FrostMissile+1","TheCursedMod:CircleOfCorruption"],"picked":"ReplayTheSpireMod:Stacked","floor":7},{"not_picked":["RobotSpaceExplorer:ScrapToss+1","RobotSpaceExplorer:LuckyStrike+1","RobotSpaceExplorer:Probe+1"],"picked":"Singing Bowl","floor":8},{"not_picked":["TheCursedMod:SmokeScreen","Streamline+1"],"picked":"RobotSpaceExplorer:SlimeMissile+1","floor":13},{"not_picked":["Shrug It Off","TheCursedMod:VoidForm+1"],"picked":"Bandage Up","floor":15},{"not_picked":["Flying Knee+1","Headbutt+1","Warcry"],"picked":"Singing Bowl","floor":16},{"not_picked":["TheCursedMod:DemonSword+1","StuffTheSpire:FinalStruggle+1"],"picked":"StuffTheSpire:LaunchingStrike+1","floor":19},{"not_picked":["TheCursedMod:Torture","hubris:SlightOfHand"],"picked":"StuffTheSpire:Injection+1","floor":21},{"not_picked":["Prepared","Heavy Blade+1","conspire:PoisonWeapons"],"picked":"Singing Bowl","floor":23},{"not_picked":["RobotSpaceExplorer:Counterblock","Study+1"],"picked":"conspire:Banana","floor":24},{"not_picked":["TheCursedMod:CircleOfCorruption","RobotSpaceExplorer:SurgingShield","hubris:Insight"],"picked":"Singing Bowl","floor":26},{"not_picked":["TheCursedMod:FuryStrike+1","Sword Boomerang+1"],"picked":"Bullet Time","floor":28},{"not_picked":["RobotSpaceExplorer:ScrapMissile+1","Defy Death+1","Storm+1"],"picked":"Singing Bowl","floor":30},{"not_picked":["TheCursedMod:TacticalStrike+1","Wild Strike+1","CutThroughFate+1"],"picked":"Singing Bowl","floor":34},{"not_picked":["conspire:SharedLibrary+1","ReplayReversal","Hello World+1"],"picked":"Singing Bowl","floor":36},{"not_picked":["Prepared","Swift Strike+1"],"picked":"Dark Shackles","floor":37},{"not_picked":["Immolate+1","TheCursedMod:AntiAging"],"picked":"Replay:Dark Deal","floor":39},{"not_picked":["Steam","Pommel Strike+1","PiercingWail"],"picked":"Singing Bowl","floor":41},{"not_picked":["StuffTheSpire:BrimstoneBlast+1","ReplayTheSpireMod:Exploit Weakness"],"picked":"Enlightenment+1","floor":42},{"not_picked":["Consecrate+1","Masterful Stab+1"],"picked":"StuffTheSpire:PlasmaPunch+1","floor":45},{"not_picked":["TheCursedMod:CircleOfCorruption+1","Wild Strike+1","Calculated Gamble"],"picked":"Singing Bowl","floor":46},{"not_picked":["Exhume","conspire:Purge"],"picked":"Barricade+1","floor":52},{"not_picked":["Genetic Algorithm","Replay:ManipulateFuture","Run Through+1"],"picked":"Singing Bowl","floor":52},{"not_picked":["StuffTheSpire:Injection+1","Blade Dance","TheCursedMod:FleshFromBone"],"picked":"Singing Bowl","floor":54},{"not_picked":["Replay:Dark Deal","TheCursedMod:FleshFromBone","Headbutt+1"],"picked":"Singing Bowl","floor":55},{"not_picked":["Ghostly Armor+1","Steam+1","Blade Dance"],"picked":"Singing Bowl","floor":57}],"player_experience":1709242,"relics_obtained":[{"floor":6,"key":"infinitespire:BottledMercury"},{"floor":8,"key":"StuffTheSpire:TintedRock"},{"floor":9,"key":"Replay:Bottled Flurry"},{"floor":10,"key":"aspiration:DSix"},{"floor":11,"key":"Replay:Bottled Steam"},{"floor":16,"key":"Odd Mushroom"},{"floor":18,"key":"Pen Nib"},{"floor":26,"key":"wanderingMiniBosses:OtherGremlinHorn"},{"floor":28,"key":"conspire:TopHat"},{"floor":32,"key":"infinitespire:Lucky Rock"},{"floor":35,"key":"Replay:Arrowhead"},{"floor":36,"key":"conspire:DecoderRing"},{"floor":40,"key":"Replay:Mystery Machine"},{"floor":40,"key":"Mirror"},{"floor":40,"key":"Calipers"},{"floor":46,"key":"Oddly Smooth Stone"},{"floor":50,"key":"Red Skull"},{"floor":51,"key":"Mercury Hourglass"},{"floor":52,"key":"conspire:GiftBox"}],"event_choices":[{"damage_healed":76,"gold_gain":0,"player_choice":"Upgrade","damage_taken":25,"max_hp_gain":0,"max_hp_loss":84,"event_name":"betterThird:BetterShining","floor":2,"gold_loss":0,"cards_upgraded":["Defend_R","Bash"]},{"damage_healed":0,"gold_gain":0,"player_choice":"Invest 1","damage_taken":0,"max_hp_gain":0,"max_hp_loss":0,"event_name":"conspire:Investor","floor":3,"gold_loss":0},{"damage_healed":0,"gold_gain":0,"player_choice":"Fought Mushrooms","damage_taken":0,"max_hp_gain":0,"max_hp_loss":0,"event_name":"Mushrooms","floor":16,"gold_loss":0},{"cards_removed":["TheCursedMod:SurpriseAttack"],"damage_healed":0,"gold_gain":0,"player_choice":"Take \u0026 Give","damage_taken":0,"max_hp_gain":0,"max_hp_loss":0,"event_name":"betterNote:BetterNote","floor":22,"gold_loss":0,"cards_obtained":["infinitespire:Execution"]},{"damage_healed":0,"gold_gain":0,"player_choice":"Copied","damage_taken":0,"max_hp_gain":0,"max_hp_loss":0,"event_name":"Duplicator","floor":43,"gold_loss":0,"cards_obtained":["Bullet Time"]},{"damage_healed":0,"gold_gain":0,"player_choice":"Upgraded","damage_taken":0,"max_hp_gain":0,"max_hp_loss":0,"event_name":"Upgrade Shrine","floor":48,"gold_loss":0,"cards_upgraded":["Replay:Dark Deal"]},{"damage_healed":0,"gold_gain":0,"player_choice":"Upgraded Two","damage_taken":0,"max_hp_gain":0,"max_hp_loss":0,"event_name":"Designer","floor":56,"gold_loss":50,"cards_upgraded":["Bullet Time","Strike_R"]}],"is_beta":false,"boss_relics":[{"not_picked":["Fusion Hammer","Runic Pyramid"],"picked":"StuffTheSpire:RunicHypercube"},{"not_picked":["Snecko Heart","hubris:BlackHole"],"picked":"Calling Bell"}],"items_purged_floors":[0,0,0],"is_endless":false,"potions_floor_spawned":[1,8,13,16,21,28,34,37,39,42,45,52,55],"ascension_level":20}}