{"host":"8c7ixdz8x9d2d2wv","time":1611618999,"event":{"mods":["AYAYA","BaseMod","Better Altar","Better Sensory Stone","Better Third Choice","Better-Laid Plans","BetterRewards","Colored Map","Colored Powertips","Curses Come First","Dark Map","Defuse TimeMaze Blight","Emptier Cage","Good Game Mod","Highlight Path","Minty Spire (QoL Compilation)","Quick Restart","Rare Cards Sparkle","Relic Sorter","Remove Card Discount Mod","Reorder Act Four","Shop Mod","StSLib","Transform Curses","Uncapped","everything is the same but u backflip on backflip"],"gold_per_floor":[115,115,115,138,1,1,35,35,88,38,57,10,27,45,45,150,150,162,182,182,198,216,241,253,280,360,371,267,267,120,140,140,238,238,248,248,299,299,299,325,325,342,342,377,405,405,209,222,222,222,222,20,20,54,54,54],"floor_reached":55,"language":"ENG","playtime":2300,"items_purged":["Strike_G","Survivor","Defend_G","Reinforced Body","Regret","Defend_G","Defend_G","Strike_G","Defend_G","Strike_G","Defend_G","Dodge and Roll"],"score":1120,"play_id":"5dd1cde9-cc07-478f-b186-b36eb9ebb064","local_time":"20210126005639","is_ascension_mode":false,"campfire_choices":[{"floor":6,"key":"REST"},{"data":"Sadistic Nature","floor":8,"key":"SMITH"},{"data":"Cloak And Dagger","floor":15,"key":"SMITH"},{"data":"Neutralize","floor":32,"key":"SMITH"},{"data":"Madness","floor":46,"key":"SMITH"},{"floor":49,"key":"RECALL"},{"data":"Sadistic Nature","floor":53,"key":"SMITH"}],"circlet_count":0,"master_deck":["Neutralize+1","Sadistic Nature+1","Deflect+1","Noxious Fumes","Sadistic Nature+1","Cloak And Dagger+1","Dodge and Roll+1","Well Laid Plans+1","Deflect+1","Bouncing Flask+1","Madness+1","Madness","Cloak And Dagger+1","Dodge and Roll+1","Sadistic Nature+1"],"relics":["Ring of the Snake","Letter Opener","Mercury Hourglass","Bronze Scales","Snake Skull","WristBlade","Eternal Feather","Tiny Chest","REME:ComplimentaryCards","MerchantsRug","Ornamental Fan","Incense Burner","Shuriken","Vajra","Pear"],"acts_visited":["Exordium","TheCity","TheBeyond","TheEnding"],"potions_floor_usage":[16,16,16,23,33,33,33,37,44,50,55],"damage_taken":[{"damage":2,"enemies":"Jaw Worm","floor":1,"turns":3},{"damage":3,"enemies":"2 Louse","floor":4,"turns":2},{"damage":4,"enemies":"3 Sentries","floor":7,"turns":6},{"damage":0,"enemies":"Small Slimes","floor":11,"turns":3},{"damage":0,"enemies":"Red Slaver","floor":13,"turns":3},{"damage":0,"enemies":"3 Louse","floor":14,"turns":2},{"damage":0,"enemies":"Slime Boss","floor":16,"turns":4},{"damage":0,"enemies":"Chosen","floor":18,"turns":3},{"damage":2,"enemies":"Shell Parasite","floor":19,"turns":4},{"damage":0,"enemies":"Cultist and Chosen","floor":21,"turns":4},{"damage":0,"enemies":"Shelled Parasite and Fungi","floor":22,"turns":4},{"damage":5,"enemies":"Slavers","floor":23,"turns":4},{"damage":0,"enemies":"Chosen and Byrds","floor":24,"turns":4},{"damage":22,"enemies":"Gremlin Leader","floor":25,"turns":7},{"damage":0,"enemies":"Centurion and Healer","floor":27,"turns":5},{"damage":0,"enemies":"Shelled Parasite and Fungi","floor":31,"turns":3},{"damage":5,"enemies":"Automaton","floor":33,"turns":8},{"damage":0,"enemies":"3 Darklings","floor":35,"turns":4},{"damage":12,"enemies":"2 Orb Walkers","floor":37,"turns":3},{"damage":0,"enemies":"Giant Head","floor":40,"turns":6},{"damage":0,"enemies":"Orb Walker","floor":42,"turns":4},{"damage":19,"enemies":"Nemesis","floor":44,"turns":5},{"damage":1,"enemies":"Reptomancer","floor":45,"turns":4},{"damage":19,"enemies":"Jaw Worm Horde","floor":48,"turns":3},{"damage":0,"enemies":"Donu and Deca","floor":50,"turns":6},{"damage":36,"enemies":"Shield and Spear","floor":54,"turns":4},{"damage":67,"enemies":"The Heart","floor":55,"turns":3}],"seed_played":"7328191750374119281","potions_obtained":[{"floor":7,"key":"PowerPotion"},{"floor":13,"key":"FearPotion"},{"floor":14,"key":"Weak Potion"},{"floor":16,"key":"Strength Potion"},{"floor":21,"key":"SteroidPotion"},{"floor":22,"key":"DistilledChaos"},{"floor":23,"key":"Strength Potion"},{"floor":35,"key":"GamblersBrew"},{"floor":42,"key":"Weak Potion"},{"floor":44,"key":"Dexterity Potion"},{"floor":45,"key":"Energy Potion"},{"floor":54,"key":"SneckoOil"}],"is_trial":false,"path_per_floor":["M","?","?","M","$","R","E","R","T","?","M","$","M","M","R","B",null,"M","M","?","M","M","E","M","E","T","M","$","T","$","M","R","B",null,"M","$","?","?","?","E","T","M","T","E","E","R","$","M","R","B",null,"$","R","E","B"],"character_chosen":"THE_SILENT","items_purchased":["Mercury Hourglass","MerchantsRug","Sadistic Nature","Deflect","Tiny Chest","Noxious Fumes","Dodge and Roll","DollysMirror","Snake Skull","War Paint","Bronze Scales","Shuriken","Sadistic Nature","Vajra","Dexterity Potion"],"campfire_rested":1,"item_purchase_floors":[0,0,0,0,5,5,5,12,28,28,30,47,47,52,52],"current_hp_per_floor":[34,34,17,14,14,35,31,31,38,38,38,38,38,38,38,38,77,77,75,75,75,75,70,70,48,48,48,48,48,48,48,54,49,77,77,77,65,65,55,55,55,55,55,36,35,44,44,25,34,34,77,77,77,51,0,0],"gold":54,"neow_bonus":"","is_daily":false,"chose_seed":false,"campfire_upgraded":5,"win_rate":0.0,"timestamp":1611618999,"path_taken":["M","?","?","M","$","R","E","R","T","?","M","$","M","M","R","BOSS","M","M","?","M","?","E","M","E","T","M","$","?","$","M","R","BOSS","M","$","?","?","?","E","?","M","T","E","E","R","$","M","R","BOSS","$","R","E","BOSS"],"items_purchased_type":["Relic","Relic","Card","Card","Relic","Card","Card","Relic","Relic","Relic","Relic","Relic","Card","Relic","Potion"],"build_version":"2020-12-22","purchased_purges":12,"victory":false,"max_hp_per_floor":[70,70,70,70,70,70,70,70,77,77,77,77,77,77,77,77,77,77,77,77,77,77,77,77,77,77,77,77,77,77,77,77,77,77,77,77,77,77,77,77,77,77,77,77,77,77,77,77,77,77,77,77,77,87,87,87],"card_choices":[{"not_picked":["Backflip","Dagger Spray","Finisher"],"picked":"SKIP","floor":1},{"not_picked":["Prepared","Deadly Poison","Poisoned Stab"],"picked":"SKIP","floor":4},{"not_picked":["All Out Attack","Tools of the Trade","Dagger Spray"],"picked":"SKIP","floor":7},{"not_picked":["Underhanded Strike","Slice","Poisoned Stab"],"picked":"SKIP","floor":11},{"not_picked":["Acrobatics","Quick Slash"],"picked":"Cloak And Dagger","floor":13},{"not_picked":["Flying Knee","Quick Slash"],"picked":"Dodge and Roll","floor":14},{"not_picked":["Dagger Throw","Sucker Punch","Underhanded Strike"],"picked":"SKIP","floor":18},{"not_picked":["Underhanded Strike+1","A Thousand Cuts","Bane+1"],"picked":"SKIP","floor":19},{"not_picked":["Eviscerate","Prepared","PiercingWail+1"],"picked":"SKIP","floor":21},{"not_picked":["Dagger Throw+1","Quick Slash+1"],"picked":"Well Laid Plans+1","floor":22},{"not_picked":["Deadly Poison","Leg Sweep","Choke"],"picked":"SKIP","floor":23},{"not_picked":["Eviscerate","Acrobatics"],"picked":"Deflect+1","floor":24},{"not_picked":["Dagger Throw","Storm of Steel","Bane"],"picked":"SKIP","floor":25},{"not_picked":["Calculated Gamble","Poisoned Stab","Outmaneuver"],"picked":"SKIP","floor":27},{"not_picked":["Acrobatics","Dagger Throw","Deflect+1"],"picked":"SKIP","floor":31},{"not_picked":["Masterful Stab","PiercingWail"],"picked":"Bouncing Flask+1","floor":35},{"not_picked":["Dodge and Roll","Backstab"],"picked":"Cloak And Dagger+1","floor":40},{"not_picked":["Blade Dance+1","Sucker Punch+1","A Thousand Cuts"],"picked":"SKIP","floor":42},{"not_picked":["Infinite Blades","Dodge and Roll","Skewer+1","A Thousand Cuts"],"picked":"SKIP","floor":44},{"not_picked":["Masterful Stab+1","Backflip+1","Well Laid Plans"],"picked":"Dodge and Roll+1","floor":45},{"not_picked":["Poisoned Stab","Outmaneuver+1","Deadly Poison+1"],"picked":"SKIP","floor":48},{"not_picked":["Outmaneuver+1","Bane+1","Accuracy"],"picked":"SKIP","floor":54}],"player_experience":689179,"relics_obtained":[{"floor":7,"key":"Bag of Marbles"},{"floor":9,"key":"Strawberry"},{"floor":23,"key":"Du-Vu Doll"},{"floor":25,"key":"Pocketwatch"},{"floor":29,"key":"Eternal Feather"},{"floor":37,"key":"WingedGreaves"},{"floor":40,"key":"Letter Opener"},{"floor":41,"key":"Tingsha"},{"floor":43,"key":"Question Card"},{"floor":44,"key":"Ornamental Fan"},{"floor":45,"key":"Incense Burner"},{"floor":54,"key":"Pear"}],"event_choices":[{"damage_healed":0,"gold_gain":0,"player_choice":"Box","damage_taken":0,"relics_obtained":["Happy Flower"],"max_hp_gain":0,"max_hp_loss":0,"event_name":"Big Fish","floor":2,"gold_loss":0,"cards_obtained":["Regret"]},{"damage_healed":0,"gold_gain":0,"player_choice":"Take Damage","damage_taken":17,"relics_obtained":["Golden Idol"],"max_hp_gain":0,"max_hp_loss":0,"event_name":"Golden Idol","floor":3,"gold_loss":0},{"damage_healed":0,"gold_gain":0,"player_choice":"Ignored","damage_taken":0,"max_hp_gain":0,"max_hp_loss":0,"event_name":"NoteForYourself","floor":20,"gold_loss":0},{"damage_healed":0,"gold_gain":0,"player_choice":"Fight","damage_taken":0,"max_hp_gain":0,"max_hp_loss":0,"event_name":"Mysterious Sphere","floor":37,"gold_loss":0},{"damage_healed":0,"gold_gain":0,"player_choice":"Ignored","damage_taken":0,"max_hp_gain":0,"max_hp_loss":0,"event_name":"Tomb of Lord Red Mask","floor":38,"gold_loss":0},{"damage_healed":0,"gold_gain":0,"player_choice":"Embrace Madness","damage_taken":10,"max_hp_gain":0,"max_hp_loss":0,"event_name":"Winding Halls","floor":39,"gold_loss":0,"cards_obtained":["Madness","Madness"]}],"is_beta":false,"boss_relics":[{"not_picked":["Astrolabe","Calling Bell"],"picked":"Empty Cage"},{"not_picked":["Busted Crown","Runic Dome"],"picked":"WristBlade"}],"items_purged_floors":[0,0,0,5,5,12,12,12,12,12,28,47],"is_endless":false,"potions_floor_spawned":[7,13,14,16,21,22,23,24,25,35,42,44,45,54],"killed_by":"The Heart","ascension_level":0}}