{"host":"3a1ypf1irl30q4k8","time":1611577095,"event":{"mods":["AchievementEnabler","BaseMod","Bestiary","Colored Map","Minty Spire (QoL Compilation)","Relic Stats"],"gold_per_floor":[119,133,144,158,168,168,193,193,193,212,212,247,247,265,265,370,370,387,387,404,423,437,437,536,562,589,589,619,619,635,647,647,647,647],"floor_reached":33,"language":"ENG","playtime":6715,"items_purged":[],"score":391,"play_id":"0e9d5ae3-d478-4289-8487-93689f75a30f","local_time":"20210125121815","is_ascension_mode":true,"campfire_choices":[{"data":"Storm","floor":6,"key":"SMITH"},{"data":"Glacier","floor":8,"key":"SMITH"},{"data":"Static Discharge","floor":15,"key":"SMITH"},{"data":"Heatsinks","floor":23,"key":"SMITH"},{"data":"Sunder","floor":27,"key":"SMITH"},{"floor":32,"key":"REST"}],"circlet_count":0,"master_deck":["Strike_B","Strike_B","Defend_B","Defend_B","Defend_B","Defend_B","Zap","Dualcast","Ball Lightning","Self Repair","Glacier+1","Storm+1","Static Discharge+1","Coolheaded","Loop","Reinforced Body","Sunder+1","Multi-Cast","Auto Shields","Storm","Self Repair+1","Heatsinks+1","Recycle","Barrage","Cold Snap+1","Capacitor+1"],"relics":["Snecko Eye","Shuriken","InkBottle","Potion Belt","Inserter","Pear","StrikeDummy","Frozen Egg 2"],"acts_visited":["Exordium","TheCity"],"potions_floor_usage":[10,14,21,25,31,33],"damage_taken":[{"damage":1,"enemies":"Cultist","floor":1,"turns":4},{"damage":8,"enemies":"Small Slimes","floor":2,"turns":4},{"damage":7,"enemies":"Jaw Worm","floor":3,"turns":2},{"damage":0,"enemies":"Exordium Wildlife","floor":4,"turns":3},{"damage":3,"enemies":"Red Slaver","floor":5,"turns":4},{"damage":19,"enemies":"Lagavulin","floor":7,"turns":6},{"damage":0,"enemies":"3 Louse","floor":10,"turns":2},{"damage":0,"enemies":"Gremlin Nob","floor":12,"turns":3},{"damage":9,"enemies":"Lots of Slimes","floor":14,"turns":5},{"damage":23,"enemies":"The Guardian","floor":16,"turns":9},{"damage":10,"enemies":"3 Byrds","floor":18,"turns":6},{"damage":14,"enemies":"Chosen","floor":20,"turns":4},{"damage":4,"enemies":"Snecko","floor":21,"turns":5},{"damage":16,"enemies":"Snake Plant","floor":22,"turns":5},{"damage":57,"enemies":"Gremlin Leader","floor":25,"turns":7},{"damage":33,"enemies":"Slavers","floor":28,"turns":5},{"damage":8,"enemies":"3 Cultists","floor":30,"turns":4},{"damage":17,"enemies":"Snecko","floor":31,"turns":4},{"damage":92,"enemies":"Champ","floor":33,"turns":9}],"seed_played":"3208073974842958813","potions_obtained":[{"floor":2,"key":"FairyPotion"},{"floor":7,"key":"BlessingOfTheForge"},{"floor":12,"key":"EssenceOfSteel"},{"floor":20,"key":"Weak Potion"},{"floor":21,"key":"PotionOfCapacity"},{"floor":22,"key":"Strength Potion"},{"floor":25,"key":"SteroidPotion"},{"floor":30,"key":"GamblersBrew"}],"is_trial":false,"path_per_floor":["M","M","M","M","M","R","E","R","T","M","?","E","?","M","R","B",null,"M","?","M","M","M","R","?","E","T","R","E","T","M","M","R","B"],"character_chosen":"DEFECT","items_purchased":[],"campfire_rested":1,"item_purchase_floors":[],"current_hp_per_floor":[74,66,59,66,70,70,58,58,58,58,51,58,58,56,56,40,75,72,66,59,62,56,56,56,49,49,49,33,33,35,35,60,0,0],"gold":647,"neow_bonus":"BOSS_RELIC","is_daily":false,"chose_seed":false,"campfire_upgraded":5,"win_rate":0.0,"timestamp":1611577095,"path_taken":["M","M","M","M","M","R","E","R","T","?","?","E","?","?","R","BOSS","M","?","?","M","M","R","?","E","T","R","E","?","?","M","R","BOSS"],"items_purchased_type":[],"build_version":"2020-12-22","purchased_purges":0,"victory":false,"max_hp_per_floor":[75,75,75,75,75,75,75,75,75,75,75,75,75,75,75,75,75,75,75,75,75,75,75,75,85,85,85,85,85,85,85,85,85,85],"relic_stats":{"Inserter":[24],"counters":[19,91],"Shuriken":[1],"Snecko Eye":[180,152,159,165],"obtain_stats":[{"Potion Belt":12,"Inserter":17,"Pear":25,"Shuriken":7,"Snecko Eye":0,"Frozen Egg 2":29,"Cracked Core":0,"StrikeDummy":28,"InkBottle":9},{"Potion Belt":8,"Inserter":10,"Pear":15,"Shuriken":6,"Snecko Eye":0,"Frozen Egg 2":16,"Cracked Core":0,"StrikeDummy":16,"InkBottle":6},{"Potion Belt":28,"Inserter":42,"Pear":69,"Shuriken":23,"Snecko Eye":0,"Frozen Egg 2":74,"Cracked Core":0,"StrikeDummy":74,"InkBottle":23}],"InkBottle":[24]},"card_choices":[{"not_picked":["Gash","Redo"],"picked":"Ball Lightning","floor":1},{"not_picked":["Redo","Barrage"],"picked":"Self Repair","floor":2},{"not_picked":["Stack","Hologram"],"picked":"Glacier","floor":3},{"not_picked":["Rebound","Thunder Strike"],"picked":"Storm","floor":4},{"not_picked":["Skim","Barrage"],"picked":"Static Discharge","floor":5},{"not_picked":["Turbo","Barrage"],"picked":"Coolheaded","floor":7},{"not_picked":["Ball Lightning","Steam Power"],"picked":"Loop","floor":10},{"not_picked":["Streamline","Lockon"],"picked":"Reinforced Body","floor":12},{"not_picked":["Hologram","Streamline"],"picked":"Sunder","floor":14},{"not_picked":["Fission","Hyperbeam"],"picked":"Multi-Cast","floor":16},{"not_picked":["FTL","Stack"],"picked":"Auto Shields","floor":18},{"not_picked":["Rebound+1","Compile Driver"],"picked":"Storm","floor":20},{"not_picked":["Rip and Tear","Lockon"],"picked":"Self Repair+1","floor":21},{"not_picked":["Hologram+1","Stack+1"],"picked":"Heatsinks","floor":22},{"not_picked":["Rebound+1","Seek"],"picked":"Recycle","floor":25},{"not_picked":["Redo","Cold Snap"],"picked":"Barrage","floor":28},{"not_picked":["Go for the Eyes","Stack"],"picked":"Cold Snap+1","floor":30},{"not_picked":["Go for the Eyes","Turbo"],"picked":"Capacitor+1","floor":31}],"player_experience":1196834,"relics_obtained":[{"floor":7,"key":"Shuriken"},{"floor":9,"key":"InkBottle"},{"floor":12,"key":"Potion Belt"},{"floor":25,"key":"Pear"},{"floor":28,"key":"StrikeDummy"},{"floor":29,"key":"Frozen Egg 2"}],"event_choices":[{"cards_removed":["Strike_B"],"damage_healed":0,"gold_gain":0,"player_choice":"Card Removal","damage_taken":7,"max_hp_gain":0,"max_hp_loss":0,"event_name":"Golden Wing","floor":11,"gold_loss":0},{"cards_removed":["Strike_B"],"damage_healed":0,"gold_gain":0,"player_choice":"Offered Basic","damage_taken":0,"max_hp_gain":0,"max_hp_loss":0,"event_name":"Bonfire Elementals","floor":13,"gold_loss":0},{"damage_healed":0,"gold_gain":0,"player_choice":"","damage_taken":6,"max_hp_gain":0,"max_hp_loss":0,"event_name":"Knowing Skull","floor":19,"potions_obtained":[],"gold_loss":0,"cards_obtained":[]},{"damage_healed":0,"gold_gain":99,"player_choice":"Stole From Cult","damage_taken":0,"max_hp_gain":0,"max_hp_loss":0,"event_name":"Nest","floor":24,"gold_loss":0}],"is_beta":false,"boss_relics":[{"not_picked":["Fusion Hammer","Philosopher\u0027s Stone"],"picked":"Inserter"}],"items_purged_floors":[],"is_endless":false,"potions_floor_spawned":[2,7,12,20,21,22,25,30],"killed_by":"Champ","ascension_level":4}}