{"host":"s9n53dspxjwkh5no","time":1611537363,"event":{"mods":["AchievementEnabler","Aspiration","Bard","BaseMod","Beaked The Cultist","Better Altar","Better Match","Better Note","Better Sensory Stone","Better Skull","Better Third Choice","BetterRewards","Colored Map","Colored Powertips","Conspire","Dio Mod","Disable Question Mark Monsters","Downfall","Energized Spire","Halation","Hermit","Hubris","Jorbs\u0027s Wanderer Trilogy","Koishi","Marisa????????","Marked Mod","Melee Mod","Minty Spire (QoL Compilation)","Quarter Circle Forward PUNCH!","Quick Restart","RRrroohrrRGHHhhh!!","Random Character Button","Rare Cards Sparkle","Reimu??????","Relic Stats","Remilia??????","Replay The Spire","Shade Mod","Small Relic Pack","Spicy Shops","Spire Arcade","StSLib","The Animator","The Bug Knight","The Construct","The Disciple","The Hierophant","The Mystic","The Problem Sleuth","The Runesmith","The Senshi","The Servant 0.9.4","The Valiant","The Wild Card","TheBandit","TheVacant","Wandering Minibosses"],"gold_per_floor":[117,117,117,117,117,144,162,177,202,218,233,80,80,80],"floor_reached":13,"language":"ENG","playtime":405,"items_purged":[],"score":110,"play_id":"766fd064-4c80-4bae-b87c-3e6ee107db0c","local_time":"20210124181603","is_ascension_mode":false,"campfire_choices":[],"circlet_count":0,"master_deck":["Strike_P","Strike_P","Strike_P","Strike_P","Defend_P","Defend_P","Defend_P","Defend_P","Eruption","Vigilance","PathToVictory+1","MarkedMod:OneThousandNeedles","JustLucky","Replay:Hum","DeceiveReality","MarkedMod:PinPointDefense"],"relics":["PureWater","NeowsBlessing","aspiration:BabyByrd","Ring of Fangs","halation:EternalFortune","rorgmod:The Boot","Lantern","relicPack:SpireResearchBook"],"acts_visited":["Exordium"],"potions_floor_usage":[10,13],"damage_taken":[{"damage":0,"enemies":"Small Slimes","floor":1,"turns":1},{"damage":0,"enemies":"3 Sentries","floor":6,"turns":2},{"damage":0,"enemies":"2 Louse","floor":7,"turns":1},{"damage":7,"enemies":"Jaw Worm","floor":8,"turns":4},{"damage":33,"enemies":"Red Slaver","floor":10,"turns":7},{"damage":10,"enemies":"Looter","floor":11,"turns":3},{"damage":32,"enemies":"Gremlin Nob","floor":13,"turns":3}],"seed_played":"-7125867761644183048","potions_obtained":[{"floor":7,"key":"Elixir"},{"floor":8,"key":"GrandPatriotsElixir:ReiMu"},{"floor":10,"key":"Strength Potion"}],"is_trial":false,"path_per_floor":["M","?","?","?","?","E","M","M","T","M","M","$","E"],"character_chosen":"WATCHER","items_purchased":["relicPack:SpireResearchBook"],"campfire_rested":0,"item_purchase_floors":[12],"current_hp_per_floor":[72,72,72,72,75,75,78,71,71,38,28,28,0,0],"gold":80,"neow_bonus":"THREE_ENEMY_KILL","is_daily":false,"chose_seed":false,"campfire_upgraded":0,"win_rate":0.0,"timestamp":1611537363,"path_taken":["M","?","?","?","?","E","M","?","T","M","M","?","E"],"items_purchased_type":["Relic"],"build_version":"2020-12-22","purchased_purges":0,"victory":false,"max_hp_per_floor":[72,72,72,72,75,75,78,78,78,78,78,78,78,78],"relic_stats":{"counters":[7,21],"obtain_stats":[{"Lantern":9,"Ring of Fangs":4,"rorgmod:The Boot":6,"NeowsBlessing":0,"aspiration:BabyByrd":3,"halation:EternalFortune":5,"PureWater":0,"relicPack:SpireResearchBook":12},{"Lantern":4,"Ring of Fangs":1,"rorgmod:The Boot":2,"NeowsBlessing":0,"aspiration:BabyByrd":1,"halation:EternalFortune":1,"PureWater":0,"relicPack:SpireResearchBook":6},{"Lantern":8,"Ring of Fangs":1,"rorgmod:The Boot":3,"NeowsBlessing":0,"aspiration:BabyByrd":1,"halation:EternalFortune":1,"PureWater":0,"relicPack:SpireResearchBook":18}]},"card_choices":[{"not_picked":["BowlingBash","ForeignInfluence"],"picked":"PathToVictory","floor":1},{"not_picked":["BowlingBash","WheelKick"],"picked":"MarkedMod:OneThousandNeedles","floor":6},{"not_picked":["Replay:BluntJabs","rorgmod:Follow-Up"],"picked":"JustLucky","floor":7},{"not_picked":["ClearTheMind","JustLucky"],"picked":"Replay:Hum","floor":8},{"not_picked":["Replay:AtTheReady","Evaluate"],"picked":"DeceiveReality","floor":10},{"not_picked":["Wireheading","MarkedMod:FirstStrike"],"picked":"MarkedMod:PinPointDefense","floor":11}],"player_experience":380721,"relics_obtained":[{"floor":4,"key":"Ring of Fangs"},{"floor":6,"key":"rorgmod:The Boot"},{"floor":7,"key":"halation:EternalFortune"},{"floor":9,"key":"Lantern"}],"event_choices":[{"damage_healed":0,"gold_gain":0,"player_choice":"Grow","damage_taken":0,"max_hp_gain":0,"max_hp_loss":0,"event_name":"Living Wall","floor":2,"gold_loss":0,"cards_upgraded":["PathToVictory"]}],"is_beta":false,"boss_relics":[],"items_purged_floors":[],"is_endless":false,"potions_floor_spawned":[7,8,10],"killed_by":"Gremlin Nob","ascension_level":0}}