{"host":"9n6i2vl93jt4o42q","time":1611589927,"event":{"mods":["BaseMod","Minty Spire (QoL Compilation)","Relic Stats"],"gold_per_floor":[118,130,55,55,55,89,112,112,112,143,83,101,101,60,60,60,60],"floor_reached":16,"language":"ENG","playtime":2406,"items_purged":["Pain"],"score":266,"play_id":"61ef89ea-f05b-41fc-adda-6e8ee092b0e4","local_time":"20210125165207","is_ascension_mode":true,"campfire_choices":[{"data":"Dagger Spray","floor":8.0,"key":"SMITH"},{"floor":13,"key":"REST"},{"data":"Prepared","floor":15,"key":"SMITH"}],"circlet_count":0,"master_deck":["AscendersBane","Strike_G","Strike_G","Strike_G","Strike_G","Defend_G","Defend_G","Defend_G","Defend_G","Defend_G","Survivor","Neutralize","Poisoned Stab","Sucker Punch","Dagger Spray+1","PiercingWail","Acrobatics","Eviscerate","Prepared+1"],"relics":["Ring of the Snake","NeowsBlessing","Golden Idol","WarpedTongs","The Courier","Potion Belt","Calipers"],"acts_visited":["Exordium"],"potions_floor_usage":[10,10],"damage_taken":[{"damage":0.0,"enemies":"Small Slimes","floor":1.0,"turns":1.0},{"damage":0.0,"enemies":"Jaw Worm","floor":2.0,"turns":1.0},{"damage":0.0,"enemies":"Gremlin Nob","floor":6.0,"turns":1.0},{"damage":1.0,"enemies":"Cultist","floor":7.0,"turns":4.0},{"damage":40,"enemies":"Lagavulin","floor":10,"turns":7},{"damage":3,"enemies":"Looter","floor":12,"turns":3},{"damage":33,"enemies":"Hexaghost","floor":16,"turns":11}],"seed_played":"3374059469447006028","potions_obtained":[{"floor":1.0,"key":"SkillPotion"},{"floor":2.0,"key":"FearPotion"}],"is_trial":false,"path_per_floor":["M","M","?","?","?","E","M","R","T","E","$","M","R","$","R","B"],"character_chosen":"THE_SILENT","items_purchased":["Prepared"],"campfire_rested":1,"item_purchase_floors":[14],"current_hp_per_floor":[59,59,59,59,59,59,58,58,58,18,18,15,33,33,33,0,0],"gold":60,"neow_bonus":"THREE_ENEMY_KILL","is_daily":false,"chose_seed":false,"campfire_upgraded":2,"win_rate":0.0,"timestamp":1611589927,"path_taken":["M","M","?","?","?","E","M","R","T","E","$","M","R","$","R","BOSS"],"items_purchased_type":["Card"],"build_version":"2020-12-22","purchased_purges":1,"victory":false,"max_hp_per_floor":[66,66,66,60,60,60,60,60,60,60,60,60,60,60,60,60,60],"relic_stats":{"counters":[7,28],"Golden Idol":22,"obtain_stats":[{"Potion Belt":9,"Calipers":10,"NeowsBlessing":0,"Golden Idol":4,"The Courier":6,"Ring of the Snake":0,"WarpedTongs":5},{"Potion Belt":4,"Calipers":5,"NeowsBlessing":0,"Golden Idol":2,"The Courier":3,"Ring of the Snake":0,"WarpedTongs":2},{"Potion Belt":7,"Calipers":14,"NeowsBlessing":0,"Golden Idol":2,"The Courier":3,"Ring of the Snake":0,"WarpedTongs":2}],"Ring of the Snake":[14],"WarpedTongs":[26]},"card_choices":[{"not_picked":["Escape Plan","Leg Sweep"],"picked":"Poisoned Stab","floor":1.0},{"not_picked":["Backflip","Poisoned Stab"],"picked":"Sucker Punch","floor":2.0},{"not_picked":["PiercingWail","Flying Knee"],"picked":"Dagger Spray","floor":6.0},{"not_picked":["Well Laid Plans","Expertise"],"picked":"PiercingWail","floor":7.0},{"not_picked":["Bane","Quick Slash"],"picked":"Acrobatics","floor":10},{"not_picked":["Poisoned Stab","Dagger Throw"],"picked":"Eviscerate","floor":12}],"player_experience":2271602,"relics_obtained":[{"floor":6.0,"key":"The Courier"},{"floor":9.0,"key":"Potion Belt"},{"floor":10,"key":"Calipers"}],"event_choices":[{"cards_removed":["Strike_G"],"damage_healed":0.0,"max_hp_gain":0.0,"max_hp_loss":0.0,"gold_gain":0.0,"event_name":"The Cleric","player_choice":"Card Removal","floor":3.0,"gold_loss":75.0,"damage_taken":0.0},{"damage_healed":0.0,"max_hp_gain":0.0,"max_hp_loss":6.0,"gold_gain":0.0,"event_name":"Golden Idol","player_choice":"Lose Max HP","floor":4.0,"gold_loss":0.0,"damage_taken":0.0,"relics_obtained":["Golden Idol"]},{"damage_healed":0.0,"max_hp_gain":0.0,"max_hp_loss":0.0,"gold_gain":0.0,"event_name":"Accursed Blacksmith","player_choice":"Rummage","floor":5.0,"gold_loss":0.0,"damage_taken":0.0,"relics_obtained":["WarpedTongs"],"cards_obtained":["Pain"]}],"is_beta":false,"boss_relics":[],"items_purged_floors":[11],"is_endless":false,"potions_floor_spawned":[1,2],"killed_by":"Hexaghost","ascension_level":20}}