{"host":"w5vfr18i2ft1pzo2","time":1611599581,"event":{"mods":["AchievementEnabler","Act Like it!","Aspiration","BaseMod","Better Debug","Better Third Choice","BetterRewards","Colored Map","Colored Powertips","Conspire","Curses Come First","DNKmod","Defuse TimeMaze Blight","Dota2Spire","Elementarium","Energized Spire","Evolution","Force Act Four","Fox Events","Friendly Minions","Gensokyo","GifTheSpireLib","Gold Saver","Halation","Hallownest","Hubris","Hyrulean Relics","Infinite Spire","Jedi Mod","Marisa????????","Minty Spire (QoL Compilation)","MostiFishMod","Poor People Problems","Prisma Mod","Reimu??????","Relic Filter Mod","Reliquary","Remilia??????","Replay The Spire","RumiaBox-????????","SacredBarkPlus","Shop Mod","Small Relic Pack","Spicy Shops","Spikes Relics","Spire Arcade","StS++","StSLib","Stuff the Spire","SuperFastMode","Synergy Search","The Animator","The Blue Laboratory","The Servant 0.9.4","Trackpad","Treasure Hunter","Uncapped","Wandering Minibosses","Yakumo Yukari mod","noobMod","??????REMEMod"],"gold_per_floor":[19470,19485,19485,19495,18538,18538,18378,18378,18378,18398,18398,18429,18429,18646,18646,18723,18723,18740,18740,18740,18760,18760,18789,18789,18823,18893,18893,18893,18928,18928,18939,18939,19019,19069,19083,19083,19083,19102,19102,19102,19134,19134,19134,19164,19164,19174,19174,19174,19174,19204,19244,19244,19244,999,1050,1105,1181,1225,407,482,562,769,169,269,269,269,269,385,505,506,506],"floor_reached":70,"language":"ENG","playtime":3086,"items_purged":["StuffTheSpire:DoubleShiv","Writhe","Spreading Infection","jedi:BattleThirst"],"score":3045,"play_id":"0094125d-a4db-4185-86e1-ec5d8a456f86","local_time":"20210126023301","is_ascension_mode":true,"campfire_choices":[{"floor":6.0,"key":"RECALL"},{"data":"StuffTheSpire:Rapture","floor":13.0,"key":"SMITH"},{"data":"StuffTheSpire:Brawn","floor":28.0,"key":"SMITH"},{"data":"infinitespire:Collect","floor":32,"key":"SMITH"},{"data":"Replay:Fractal Strike","floor":36,"key":"SMITH"},{"data":"StuffTheSpire:Brawn","floor":40,"key":"SMITH"},{"data":"Gensokyo:TurboGranny","floor":42,"key":"SMITH"},{"data":"Replay:Hum","floor":49,"key":"PURGE"},{"data":"StuffTheSpire:FreeRealEstate","floor":53,"key":"SMITH"},{"data":"infinitespire:Oblivion","floor":67,"key":"SMITH"}],"circlet_count":0,"master_deck":["AscendersBane","FollowUp+1","BowlingBash","CrushJoints+1","FlyingSleeves+1","ThirdEye+1","Eruption+1","Vigilance","Deny+1","EmptyMind+1","PathToVictory+1","Acrobatics+1","Burst+1","Wireheading+1","Gensokyo:TurboGranny+1","StSpp:Purify+1","Replay:ManipulateFuture+1","InnerPeace+1","TalkToTheHand+1","CutThroughFate+1","TH:BikiniMail","JustLucky","animator:HigakiRinne+1","MostiFishMod:Adaptation+1","Ragnarok+1","WheelKick","MostiFishMod:ButterFly+1","TH:BikiniMail","Nirvana+1","MostiFishMod:Minus","TH:BikiniMail","MostiFishMod:ScryFuture+1","CutThroughFate+1","Hallownest:attackPureNailEdge+1","animator:HigakiRinne+1","TH:DeckOfManyThings+1","MostiFishMod:LegendTransform+1","ReachHeaven","TH:BikiniMail+1","Replay:Fractal Strike+1","TH:CopperCoins","LikeWater+1","Master of Strategy+1","MostiFishMod:Adaptation+1","TH:BikiniMail+1","MostiFishMod:StarLaLaLa+1","Weave+1","CutThroughFate+1","Wallop","animator:HigakiRinne+1","TH:TreasureMap+1","Fasting2+1","TH:DeckOfManyThings+1","TH:BikiniMail","CutThroughFate+1","Replay:Hum","MostiFishMod:KamiSmash+1","WheelKick","animator:HigakiRinne+1","WreathOfFlame","animator:HigakiRinne+1","Sadistic Nature+1","CutThroughFate+1","MostiFishMod:LegendTransform+1","TH:CursedSword","MostiFishMod:KamiSmash+1","Tantrum","MostiFishMod:Speedup+1","WreathOfFlame","MostiFishMod:Adaptation+1","MostiFishMod:Adaptation+1","MostiFishMod:ElfcollectionBox+1","infinitespire:Oblivion+1","TH:CursedSword","MostiFishMod:Disappear+1","StSpp:LatentStrike"],"relics":["animator:TheWolleyCore","animator:AncientMedallion"],"acts_visited":["Gensokyo:Gensokyo","Hallownest:CityofTears","Gensokyo:Gensokyoest","TheEnding","EYB:TheUnnamedReign"],"potions_floor_usage":[],"damage_taken":[{"damage":2.0,"enemies":"Gensokyo:Gryphon","floor":1.0,"turns":3.0},{"damage":0.0,"enemies":"Gensokyo:3_Fairies","floor":2.0,"turns":2.0},{"damage":0.0,"enemies":"Gensokyo:Python","floor":4.0,"turns":2.0},{"damage":0.0,"enemies":"Gensokyo:3_Kodama","floor":10.0,"turns":2.0},{"damage":1.0,"enemies":"Gensokyo:Cirno","floor":12.0,"turns":5.0},{"damage":0.0,"enemies":"Gensokyo:2_Rabbits","floor":14.0,"turns":1.0},{"damage":0.0,"enemies":"Gensokyo:Reimu","floor":16.0,"turns":6.0},{"damage":0.0,"enemies":"Hallownest:3_Youths","floor":18.0,"turns":1.0},{"damage":0.0,"enemies":"Hallownest:Guard_and_Sentry","floor":21.0,"turns":2.0},{"damage":0.0,"enemies":"Hallownest:eliteWatcherKnight","floor":23.0,"turns":6.0},{"damage":0.0,"enemies":"Nightmare","floor":25.0,"turns":6.0},{"damage":10,"enemies":"Hallownest:eliteWatcherKnight","floor":29,"turns":6},{"damage":0,"enemies":"Hallownest:2_Flukemon","floor":31,"turns":1},{"damage":0,"enemies":"Hallownest:BossGrimm","floor":33,"turns":3},{"damage":0,"enemies":"Gensokyo:3_Bats","floor":35,"turns":1},{"damage":0,"enemies":"Gensokyo:AncientGuardian","floor":38,"turns":1},{"damage":95,"enemies":"Gensokyo:Kasen","floor":41,"turns":4},{"damage":0,"enemies":"Gensokyo:Doremy","floor":44,"turns":2},{"damage":0,"enemies":"Gensokyo:AtlasGolem","floor":46,"turns":1},{"damage":0,"enemies":"Gensokyo:Yuyuko","floor":50,"turns":1},{"damage":0,"enemies":"Gensokyo:Shinki","floor":51,"turns":5},{"damage":27,"enemies":"animator:UNNAMED_HAT","floor":55,"turns":8},{"damage":0,"enemies":"animator:TRIPLE_SHAPES_WEAK","floor":56,"turns":4},{"damage":15,"enemies":"animator:LARGE_CRYSTAL","floor":60,"turns":4},{"damage":0,"enemies":"animator:TRIPLE_LAGAVULIN","floor":61,"turns":3},{"damage":0,"enemies":"animator:ULTIMATE_WISP","floor":64,"turns":2},{"damage":27,"enemies":"animator:ULTIMATE_CRYSTAL","floor":68,"turns":5},{"damage":27,"enemies":"animator:ULTIMATE_CUBE","floor":69,"turns":4},{"damage":136,"enemies":"animator:TheUnnamed","floor":70,"turns":9}],"seed_played":"-6350425996004678107","potions_obtained":[{"floor":5.0,"key":"StSpp:SecondWindPotion"},{"floor":5.0,"key":"MagicPotion:ReiMu"},{"floor":5.0,"key":"blueLaboratory:SavagePotion"},{"floor":5.0,"key":"blueLaboratory:EpiphanyPotion"},{"floor":5.0,"key":"blueLaboratory:HorrorPotion"},{"floor":34,"key":"Languid Potion"},{"floor":41,"key":"Elixir"},{"floor":55,"key":"animator:FalseLifePotion"},{"floor":56,"key":"animator:FalseLifePotion"}],"is_trial":false,"path_per_floor":["M","M","?","M","COS","R","?","$","T","M","$","E","R","M","R_BF","B",null,"M","?","?","M","?","E","?","NM","T","AVR","R","E","$","M","R_BF","B",null,"M","R","?","M","?","R","E","R","T","E","$","M","?","$","R_BF","B","B",null,"R","??","M","M","T","?","$","M","M","?","$","E","T","?","R","E","E","B"],"character_chosen":"WATCHER","items_purchased":["aspiration:Nostalgia","Rawhide","MealTicket","Happy Flower","Dota2Spire:Satanic","StuffTheSpire:Saxophone","StSpp:Purify","Replay:ManipulateFuture","InnerPeace","TalkToTheHand","CutThroughFate","reliquary:Bookmark","StSpp:SailorCap","GodSword5","MagicDraw3","Pear","Ying","MostiFishMod:Adaptation","Ragnarok","WheelKick+1","MostiFishMod:ButterFly","hubris:EvacipatedBox","hubris:FruitBowl","hubris:Macrotransations","hubris:KleinBottle","jedi:arcanewood","BlackRope","ChaoDraw","aspiration:Lifesprig","aspiration:FrozenJewel","halation:KoshaPiece","Lantern","SuspiciousGoo","Letter Opener","StrikeDummy","Frozen Eye","Replay:Hum","MostiFishMod:KamiSmash","WheelKick","StuffTheSpire:FreeRealEstate","Replay:Lucky Slots","Civilization","aspiration:StickyExplosives","jedi:angrymask","Bottled Flame","Dota2Spire:HandOfMidas","Sadistic Nature","animator:AncientMedallion","animator:AncientMedallion","animator:AncientMedallion","MostiFishMod:Adaptation","MostiFishMod:ElfcollectionBox","animator:AncientMedallion"],"campfire_rested":0,"item_purchase_floors":[8,8,8,8,8,8,8,8,8,8,8,11,11,11,11,11,11,11,11,11,11,30,30,30,30,30,30,30,30,30,30,30,45,45,45,45,45,45,45,45,48,48,48,48,48,48,48,59,59,59,63,63,63],"current_hp_per_floor":[164,164,164,164,164,164,164,164,164,164,183,183,183,183,183,183,183,183,173,173,178,178,178,178,183,183,183,183,173,2,7,7,12,180,180,180,185,185,185,185,101,101,101,101,119,124,124,124,124,124,165,205,205,93,74,93,93,63,63,84,93,93,93,93,93,70,70,70,66,0,0],"gold":506,"neow_bonus":"TEN_PERCENT_HP_BONUS","is_daily":false,"chose_seed":false,"campfire_upgraded":8,"win_rate":0.0,"timestamp":1611599581,"path_taken":["M","M","?","?","COS","R","?","$","T","M","$","E","R","M","R_BF","BOSS","M","?","?","M","?","E","?","NM","T","AVR","R","E","?","M","R_BF","BOSS","M","?","?","?","?","R","E","?","T","E","$","?","?","?","R_BF","BOSS","BOSS","R","??","M","M","T","?","$","M","M","?","$","E","T","?","R","E","E","BOSS"],"items_purchased_type":["Relic","Relic","Relic","Relic","Relic","Relic","Card","Card","Card","Card","Card","Relic","Relic","Relic","Relic","Relic","Relic","Card","Card","Card","Card","Relic","Relic","Relic","Relic","Relic","Relic","Relic","Relic","Relic","Relic","Relic","Relic","Relic","Relic","Relic","Card","Card","Card","Card","Relic","Relic","Relic","Relic","Relic","Relic","Card","Relic","Relic","Relic","Card","Card","Relic"],"build_version":"2020-12-22","purchased_purges":4,"victory":false,"max_hp_per_floor":[173,173,173,173,173,173,173,173,173,173,183,183,183,183,183,183,183,183,183,183,183,183,183,183,183,183,183,183,183,183,183,183,183,190,190,190,194,194,194,194,194,194,194,194,194,198,198,198,198,203,207,207,207,93,93,93,93,93,93,93,93,93,93,93,93,93,93,93,93,93,93],"card_choices":[{"not_picked":["StSpp:LatentStrike","REME_MusicOfDeath"],"picked":"EmptyMind","floor":1.0},{"not_picked":["Worship","Crescendo","StSpp:Renounce","Prostrate"],"picked":"PathToVictory","floor":2.0},{"not_picked":["StSpp:Chanting","CrushJoints","CutThroughFate","Evaluate"],"picked":"Wireheading","floor":4.0},{"not_picked":["TH:EnergyPotion","TH:Mimic","TH:CopperCoins"],"picked":"TH:BikiniMail","floor":9.0},{"not_picked":["Protect","Prostrate","Replay:ManipulateFuture","SandsOfTime"],"picked":"JustLucky","floor":10.0},{"not_picked":["TH:ElvenBoots","TH:CursedSword","TH:CopperCoins"],"picked":"TH:BikiniMail","floor":12.0},{"not_picked":["PathToVictory","Evaluate","ClearTheMind","FlurryOfBlows"],"picked":"Nirvana","floor":12.0},{"not_picked":["Indignation","FlurryOfBlows","CrushJoints","Replay:ManipulateFuture"],"picked":"MostiFishMod:Minus","floor":14.0},{"not_picked":["TH:PixieDust","TH:CursedSword","TH:ArmorSpikes"],"picked":"TH:BikiniMail","floor":16.0},{"not_picked":["MostiFishMod:StarWish","Judgement","Alpha","ConjureBlade"],"picked":"MostiFishMod:ScryFuture","floor":16.0},{"not_picked":["EmptyMind","MostiFishMod:Clarity","Replay:BluntJabs","Protect"],"picked":"CutThroughFate","floor":18.0},{"not_picked":["Halt","StSpp:Chanting","ThirdEye","ClearTheMind"],"picked":"Tantrum","floor":21.0},{"not_picked":["TH:ArmorSpikes","TH:CopperCoins","TH:ElvenBoots"],"picked":"TH:DeckOfManyThings","floor":23.0},{"not_picked":["StSpp:LatentStrike","MostiFishMod:Minus","LikeWater","Halt"],"picked":"MostiFishMod:LegendTransform","floor":23.0},{"not_picked":["FlyingSleeves","Vengeance+1","EmptyBody","SignatureMove"],"picked":"ReachHeaven","floor":25.0},{"not_picked":["TH:CopperCoins","TH:EnergyPotion","TH:PixieDust","TH:Mimic"],"picked":"SKIP","floor":25.0},{"not_picked":["TH:CursedSword","TH:ArmorSpikes","TH:CopperCoins"],"picked":"TH:BikiniMail","floor":26.0},{"not_picked":["TH:PixieDust","TH:DeckOfManyThings","TH:EnergyPotion"],"picked":"TH:CopperCoins","floor":29},{"not_picked":["Prostrate","ForeignInfluence","Replay:AtTheReady+1","Crescendo"],"picked":"LikeWater","floor":29},{"not_picked":["infinitespire:UltimateForm","infinitespire:Execution"],"picked":"infinitespire:Collect","floor":30},{"not_picked":["LikeWater","CutThroughFate","EmptyFist","WheelKick"],"picked":"MostiFishMod:Adaptation","floor":31},{"not_picked":["TH:ElvenBoots","TH:CursedSword","TH:ArmorSpikes"],"picked":"TH:BikiniMail","floor":33},{"not_picked":["Scrawl","REME_EmptyShield","Judgement","StSpp:Patience"],"picked":"MostiFishMod:StarLaLaLa","floor":33},{"not_picked":["MostiFishMod:LegendTransform","Protect","EmptyBody","JustLucky"],"picked":"Weave","floor":34},{"not_picked":["Crescendo","EmptyBody+1","Replay:AtTheReady+1","FlurryOfBlows"],"picked":"CutThroughFate","floor":35},{"not_picked":["ThirdEye+1","BowlingBash","JustLucky","ForeignInfluence"],"picked":"Wallop","floor":38},{"not_picked":["TH:PixieDust","TH:EnergyPotion","TH:CursedSword"],"picked":"TH:TreasureMap","floor":41},{"not_picked":["SashWhip+1","StSpp:Chanting","Nirvana","StSpp:TimeDodge"],"picked":"Fasting2+1","floor":41},{"not_picked":["TH:ElvenBoots","TH:Mimic","TH:PixieDust"],"picked":"TH:DeckOfManyThings","floor":43},{"not_picked":["TH:DeckOfManyThings","TH:Mimic","TH:CopperCoins"],"picked":"TH:BikiniMail","floor":44},{"not_picked":["Crescendo","SignatureMove","Replay:AtTheReady","CrushJoints"],"picked":"CutThroughFate","floor":44},{"not_picked":["Prostrate","MostiFishMod:Nomercy","FlyingSleeves+1","PathToVictory"],"picked":"WreathOfFlame","floor":46},{"not_picked":["StuffTheSpire:Brawn","StuffTheSpire:Vigor"],"picked":"StuffTheSpire:Perfection","floor":47},{"not_picked":["EmptyFist","Replay:BluntJabs"],"picked":"CutThroughFate","floor":55},{"not_picked":["REME_MusicOfDeath","CarveReality"],"picked":"MostiFishMod:LegendTransform","floor":56},{"not_picked":["TH:EnergyPotion"],"picked":"TH:CursedSword","floor":57},{"not_picked":["Replay:BluntJabs","FollowUp"],"picked":"MostiFishMod:KamiSmash","floor":58},{"not_picked":["Consecrate","FlyingSleeves"],"picked":"Tantrum","floor":58},{"not_picked":["FlyingSleeves","Prostrate"],"picked":"MostiFishMod:Speedup+1","floor":60},{"not_picked":["CutThroughFate","EmptyBody+1"],"picked":"WreathOfFlame","floor":61},{"not_picked":["TH:ElvenBoots","TH:Mimic"],"picked":"SKIP","floor":64},{"not_picked":["EmptyFist","StSpp:Renounce","Pray"],"picked":"SKIP","floor":64},{"not_picked":["TH:EnergyPotion","TH:ElvenBoots"],"picked":"SKIP","floor":65},{"not_picked":["infinitespire:Fortify","infinitespire:Starlight"],"picked":"infinitespire:Oblivion","floor":66},{"not_picked":["TH:PixieDust"],"picked":"TH:CursedSword","floor":68},{"not_picked":["Replay:AtTheReady","Collect"],"picked":"MostiFishMod:Disappear","floor":68},{"not_picked":["TH:PixieDust","TH:Mimic"],"picked":"SKIP","floor":69},{"not_picked":["CrushJoints+1","StSpp:TimeDodge","StSpp:LatentStrike"],"picked":"SKIP","floor":69},{"not_picked":["CrushJoints+1","StSpp:TimeDodge"],"picked":"StSpp:LatentStrike","floor":69},{"not_picked":["TH:PixieDust","TH:Mimic"],"picked":"SKIP","floor":69}],"player_experience":499822,"relics_obtained":[{"floor":1.0,"key":"SynthV:TestCard"},{"floor":12.0,"key":"aspiration:HummingbirdHeart"},{"floor":22.0,"key":"ReplayTheSpireMod:Ring of Challenge"},{"floor":23.0,"key":"hubris:BundleOfHerbs"},{"floor":25.0,"key":"jedi:shrinkray"},{"floor":26.0,"key":"jedi:bottledfury"},{"floor":29,"key":"hubris:Reverence"},{"floor":41,"key":"Dota2Spire:CrimsonGuard"},{"floor":43,"key":"Pantograph"},{"floor":44,"key":"Dota2Spire:DrumOfEndurance"},{"floor":54,"key":"animator:TheWolleyCore"},{"floor":54,"key":"animator:AncientMedallion"},{"floor":55,"key":"wanderingMiniBosses:Inkheart"},{"floor":57,"key":"animator:AncientMedallion"},{"floor":58,"key":"animator:AncientMedallion"},{"floor":64,"key":"animator:AncientMedallion"},{"floor":65,"key":"animator:AncientMedallion"},{"floor":68,"key":"animator:AncientMedallion"},{"floor":69,"key":"animator:AncientMedallion"}],"event_choices":[{"damage_healed":0.0,"max_hp_gain":0.0,"max_hp_loss":0.0,"gold_gain":0.0,"event_name":"conspire:Investor","player_choice":"Leave","floor":19.0,"gold_loss":0.0,"damage_taken":0.0}],"is_beta":false,"boss_relics":[{"not_picked":["reliquary:KinkedSpring","halation:PinkAlligatorPlush"],"picked":"trackpad:StolenKidneys"},{"not_picked":["aspiration:RandomNobGenerator","HereWithMe","Snecko Heart"],"picked":"Tiny House"}],"items_purged_floors":[8,11,27,45],"is_endless":false,"potions_floor_spawned":[10,16,18,21,29,41,44,46,56,68],"killed_by":"animator:TheUnnamed","ascension_level":20}}