{"host":"dztixnx9b0gu6w9i","time":1611555540,"event":{"mods":["BaseMod","Bestiary","Minty Spire (QoL Compilation)","Relic Stats","Slay the Relics Exporter","SpireBot","ojb\u0027s Better Paths Mod","ojb\u0027s Info Mod"],"gold_per_floor":[123,135,33,65,94,138,150,133,145,183,214,242,279,308,320,406,418,445,382,394,424,436,486,498,510,596,627,661,704,1116,1155,1167,1262,1274,1300,1321,623,623,639,674,674,733,733,770,770,770,770,790,790,790,790,790,790,37,79,79],"floor_reached":57,"language":"ENG","playtime":10736,"items_purged":["Zap","Strike_B+1"],"score":3086,"play_id":"f4ac3355-a697-430d-bd95-27813508aaae","local_time":"20210125011900","is_ascension_mode":true,"campfire_choices":[{"data":"Buffer","floor":7,"key":"SMITH"},{"data":"Genetic Algorithm","floor":15,"key":"SMITH"},{"data":"Barrage","floor":24,"key":"SMITH"},{"data":"Ghostly","floor":32,"key":"SMITH"},{"floor":41,"key":"RECALL"},{"data":"1","floor":49,"key":"LIFT"},{"data":"2","floor":53,"key":"LIFT"}],"circlet_count":0,"master_deck":["AscendersBane","Strike_B+1","Strike_B+1","Strike_B+1","Defend_B+1","Defend_B+1","Defend_B+1","Dualcast","Cold Snap","FTL","Buffer+1","Glacier","Self Repair","Hologram","Genetic Algorithm+1","Echo Form","BootSequence+1","Barrage+1","Steam","Sunder+1","Beam Cell","Ghostly+1","Ghostly","Ghostly","All For One","Echo Form","Ghostly+1","FTL","Finesse","Beam Cell+1","Turbo","Compile Driver+1","Recycle","Dark Shackles","Go for the Eyes+1"],"relics":["Cracked Core","MawBank","Vajra","Kunai","TungstenRod","Bottled Tornado","Dream Catcher","Bag of Marbles","Runic Pyramid","CeramicFish","Matryoshka","Pocketwatch","Old Coin","Pear","Nuclear Battery","Anchor","DollysMirror","Juzu Bracelet","Molten Egg 2","Girya","Smiling Mask","Pantograph","Frozen Eye","Strawberry","Boot","CaptainsWheel"],"acts_visited":["Exordium","TheCity","TheBeyond","TheEnding"],"potions_floor_usage":[6,10,13,23,56,56],"damage_taken":[{"damage":1,"enemies":"Cultist","floor":1,"turns":3},{"damage":6,"enemies":"2 Louse","floor":4,"turns":3},{"damage":4,"enemies":"Small Slimes","floor":5,"turns":3},{"damage":8,"enemies":"3 Sentries","floor":6,"turns":5},{"damage":1,"enemies":"Exordium Thugs","floor":8,"turns":4},{"damage":29,"enemies":"Gremlin Nob","floor":10,"turns":5},{"damage":5,"enemies":"3 Louse","floor":11,"turns":4},{"damage":0,"enemies":"2 Fungi Beasts","floor":12,"turns":4},{"damage":0,"enemies":"Lagavulin","floor":13,"turns":5},{"damage":0,"enemies":"Blue Slaver","floor":14,"turns":3},{"damage":1,"enemies":"The Guardian","floor":16,"turns":14},{"damage":8,"enemies":"Spheric Guardian","floor":18,"turns":8},{"damage":0,"enemies":"Chosen","floor":21,"turns":7},{"damage":21,"enemies":"Book of Stabbing","floor":23,"turns":7},{"damage":0,"enemies":"Snecko","floor":27,"turns":8},{"damage":0,"enemies":"Sentry and Sphere","floor":28,"turns":6},{"damage":30,"enemies":"Slavers","floor":29,"turns":6},{"damage":0,"enemies":"Colosseum Slavers","floor":30,"turns":5},{"damage":0,"enemies":"Colosseum Nobs","floor":30,"turns":7},{"damage":21,"enemies":"Collector","floor":33,"turns":13},{"damage":0,"enemies":"3 Shapes","floor":35,"turns":4},{"damage":0,"enemies":"3 Darklings","floor":39,"turns":8},{"damage":0,"enemies":"Giant Head","floor":40,"turns":8},{"damage":0,"enemies":"2 Orb Walkers","floor":42,"turns":6},{"damage":0,"enemies":"Nemesis","floor":44,"turns":7},{"damage":0,"enemies":"Jaw Worm Horde","floor":48,"turns":6},{"damage":0,"enemies":"Awakened One","floor":50,"turns":15},{"damage":5,"enemies":"Donu and Deca","floor":51,"turns":11},{"damage":0,"enemies":"Shield and Spear","floor":55,"turns":9},{"damage":1,"enemies":"The Heart","floor":56,"turns":10}],"seed_played":"9188363069771896167","potions_obtained":[{"floor":1,"key":"Fire Potion"},{"floor":6,"key":"Regen Potion"},{"floor":11,"key":"FearPotion"},{"floor":14,"key":"SmokeBomb"},{"floor":18,"key":"Strength Potion"},{"floor":30,"key":"SkillPotion"},{"floor":42,"key":"Explosive Potion"},{"floor":44,"key":"Fire Potion"},{"floor":48,"key":"SteroidPotion"}],"is_trial":false,"path_per_floor":["M","?","?","M","M","E","R","M","T","E","M","M","E","M","R","B",null,"M","?","?","M","?","E","R","$","T","M","M","E","?","?","R","B",null,"M","?","$","?","M","E","R","?","T","E","?","?","?","M","R","B","B",null,"R","$","E","B",null],"character_chosen":"DEFECT","items_purchased":["Anchor","DollysMirror","FTL","Finesse","Juzu Bracelet","Frozen Eye","Recycle","Strawberry","PowerPotion","Dark Shackles","Boot"],"campfire_rested":0,"item_purchase_floors":[37,37,37,37,37,54,54,54,54,54,54],"current_hp_per_floor":[63,52,52,46,42,34,34,33,33,18,13,20,27,34,34,40,63,69,69,50,64,64,57,57,57,57,71,76,60,86,43,43,36,41,43,43,43,43,43,43,43,43,43,43,43,43,43,43,43,43,43,43,43,50,50,50],"gold":79,"neow_bonus":"RANDOM_COMMON_RELIC","is_daily":false,"chose_seed":false,"campfire_upgraded":4,"win_rate":0.0,"timestamp":1611555540,"path_taken":["M","?","?","M","M","E","R","M","T","E","M","?","E","M","R","BOSS","M","?","?","?","?","E","R","$","T","M","M","E","?","?","R","BOSS","M","?","?","?","M","E","R","?","T","E","?","?","?","M","R","BOSS","BOSS","R","$","E","BOSS"],"items_purchased_type":["Relic","Relic","Card","Card","Relic","Relic","Card","Relic","Potion","Card","Relic"],"build_version":"2020-12-22","purchased_purges":2,"victory":true,"max_hp_per_floor":[71,71,71,71,71,71,71,71,71,71,71,71,71,71,71,71,71,71,71,76,76,76,76,76,76,76,76,76,76,86,43,43,43,43,43,43,43,43,43,43,43,43,43,43,43,43,43,43,43,43,43,43,43,50,50,50],"relic_stats":{"Dream Catcher":0,"counters":[30,204],"CeramicFish":153,"Pantograph":0,"Juzu Bracelet":2,"Kunai":[90],"MawBank":444,"Smiling Mask":50,"Boot":[4],"obtain_stats":[{"CeramicFish":23,"Vajra":2,"Juzu Bracelet":37,"Bottled Tornado":9,"Smiling Mask":43,"Boot":54,"Old Coin":30,"Frozen Eye":54,"Dream Catcher":10,"Matryoshka":26,"DollysMirror":37,"Pantograph":44,"Strawberry":54,"Kunai":3,"Cracked Core":0,"Runic Pyramid":17,"Girya":42,"Pear":30,"MawBank":0,"Nuclear Battery":34,"Anchor":37,"CaptainsWheel":55,"Molten Egg 2":40,"Bag of Marbles":13,"TungstenRod":6,"Pocketwatch":29},{"CeramicFish":14,"Vajra":1,"Juzu Bracelet":21,"Bottled Tornado":5,"Smiling Mask":24,"Boot":28,"Old Coin":19,"Frozen Eye":28,"Dream Catcher":6,"Matryoshka":14,"DollysMirror":21,"Pantograph":25,"Strawberry":28,"Kunai":1,"Cracked Core":0,"Runic Pyramid":11,"Girya":24,"Pear":19,"MawBank":0,"Nuclear Battery":20,"Anchor":21,"CaptainsWheel":29,"Molten Egg 2":23,"Bag of Marbles":9,"TungstenRod":4,"Pocketwatch":17},{"CeramicFish":75,"Vajra":3,"Juzu Bracelet":124,"Bottled Tornado":18,"Smiling Mask":146,"Boot":185,"Old Coin":107,"Frozen Eye":185,"Dream Catcher":23,"Matryoshka":75,"DollysMirror":124,"Pantograph":153,"Strawberry":185,"Kunai":3,"Cracked Core":0,"Runic Pyramid":53,"Girya":146,"Pear":107,"MawBank":0,"Nuclear Battery":120,"Anchor":124,"CaptainsWheel":194,"Molten Egg 2":140,"Bag of Marbles":36,"TungstenRod":14,"Pocketwatch":95}],"TungstenRod":86,"Pocketwatch":[33]},"card_choices":[{"not_picked":["Capacitor","Gash"],"picked":"Cold Snap","floor":1},{"not_picked":["Stack","Steam Power"],"picked":"FTL","floor":4},{"not_picked":["Coolheaded","Loop"],"picked":"Ball Lightning","floor":5},{"not_picked":["Sweeping Beam","Hologram"],"picked":"Buffer","floor":6},{"not_picked":["Leap","Coolheaded","Buffer"],"picked":"SKIP","floor":8},{"not_picked":["Sweeping Beam","Coolheaded"],"picked":"Glacier","floor":10},{"not_picked":["Sweeping Beam","Steam"],"picked":"Self Repair","floor":11},{"not_picked":["Leap","Beam Cell"],"picked":"Machine Learning","floor":12},{"not_picked":["Chaos","Auto Shields"],"picked":"Hologram","floor":13},{"not_picked":["Leap","Compile Driver"],"picked":"Genetic Algorithm","floor":14},{"not_picked":["Reboot","Hyperbeam"],"picked":"Echo Form","floor":16},{"not_picked":["Coolheaded","Stack+1"],"picked":"BootSequence+1","floor":18},{"not_picked":["Chaos","Compile Driver"],"picked":"Barrage","floor":21},{"not_picked":["Coolheaded","Barrage"],"picked":"Steam","floor":23},{"not_picked":["Conserve Battery","Sweeping Beam+1"],"picked":"Sunder+1","floor":27},{"not_picked":["Skim","Scrape"],"picked":"Beam Cell","floor":28},{"not_picked":["Reboot","Gash","Redo"],"picked":"SKIP","floor":29},{"not_picked":["Fission","Multi-Cast"],"picked":"All For One","floor":33},{"not_picked":["Conserve Battery+1","BootSequence+1","Ball Lightning"],"picked":"SKIP","floor":35},{"not_picked":["Conserve Battery+1","BootSequence+1","Ball Lightning"],"picked":"SKIP","floor":35},{"not_picked":["Go for the Eyes","Cold Snap+1","Loop"],"picked":"SKIP","floor":39},{"not_picked":["Go for the Eyes","Cold Snap+1","Loop"],"picked":"SKIP","floor":39},{"not_picked":["Go for the Eyes","Cold Snap+1","Loop"],"picked":"SKIP","floor":39},{"not_picked":["Go for the Eyes","Cold Snap+1","Loop"],"picked":"SKIP","floor":39},{"not_picked":["Streamline+1","Undo+1"],"picked":"Beam Cell+1","floor":40},{"not_picked":["Blizzard+1","Coolheaded"],"picked":"Turbo","floor":42},{"not_picked":["Consume","Biased Cognition"],"picked":"Compile Driver+1","floor":44},{"not_picked":["Undo","Genetic Algorithm","Tempest"],"picked":"SKIP","floor":48},{"not_picked":["Undo","Genetic Algorithm","Tempest"],"picked":"SKIP","floor":48},{"not_picked":["White Noise","Double Energy"],"picked":"Go for the Eyes+1","floor":55}],"player_experience":8285723,"relics_obtained":[{"floor":6,"key":"TungstenRod"},{"floor":9,"key":"Bottled Tornado"},{"floor":10,"key":"Dream Catcher"},{"floor":13,"key":"Bag of Marbles"},{"floor":23,"key":"CeramicFish"},{"floor":26,"key":"Matryoshka"},{"floor":29,"key":"Pocketwatch"},{"floor":30,"key":"Old Coin"},{"floor":30,"key":"Pear"},{"floor":40,"key":"Molten Egg 2"},{"floor":42,"key":"Girya"},{"floor":43,"key":"Smiling Mask"},{"floor":44,"key":"Pantograph"},{"floor":55,"key":"CaptainsWheel"}],"event_choices":[{"damage_healed":0,"gold_gain":0,"player_choice":"Success","damage_taken":11,"relics_obtained":["Vajra"],"max_hp_gain":0,"max_hp_loss":0,"event_name":"Scrap Ooze","floor":2,"gold_loss":0},{"damage_healed":0,"gold_gain":0,"player_choice":"Paid Gold","damage_taken":0,"relics_obtained":["Kunai"],"max_hp_gain":0,"max_hp_loss":0,"event_name":"WeMeetAgain","floor":3,"gold_loss":114},{"cards_removed":["Defend_B"],"damage_healed":0,"gold_gain":0,"player_choice":"Gave Gold","damage_taken":0,"max_hp_gain":0,"max_hp_loss":0,"event_name":"Beggar","floor":19,"gold_loss":75},{"damage_healed":0,"gold_gain":0,"player_choice":"Shed Blood","damage_taken":25,"max_hp_gain":5,"max_hp_loss":0,"event_name":"Forgotten Altar","floor":20,"gold_loss":0},{"damage_healed":0,"gold_gain":0,"player_choice":"Simplicity","damage_taken":0,"max_hp_gain":0,"max_hp_loss":0,"event_name":"Back to Basics","floor":22,"gold_loss":0,"cards_upgraded":["Strike_B","Strike_B","Strike_B","Strike_B","Defend_B","Defend_B","Defend_B"]},{"damage_healed":0,"gold_gain":0,"player_choice":"Fight","damage_taken":0,"max_hp_gain":0,"max_hp_loss":0,"event_name":"Colosseum","floor":30,"gold_loss":0},{"damage_healed":0,"gold_gain":0,"player_choice":"Fought Nobs","damage_taken":0,"max_hp_gain":0,"max_hp_loss":0,"event_name":"Colosseum","floor":30,"gold_loss":0},{"damage_healed":0,"gold_gain":0,"player_choice":"Became a Ghost","damage_taken":0,"max_hp_gain":0,"max_hp_loss":43,"event_name":"Ghosts","floor":31,"gold_loss":0,"cards_obtained":["Ghostly","Ghostly","Ghostly"]},{"damage_healed":0,"gold_gain":0,"player_choice":"Copied","damage_taken":0,"max_hp_gain":0,"max_hp_loss":0,"event_name":"Duplicator","floor":36,"gold_loss":0,"cards_obtained":["Echo Form"]},{"damage_healed":0,"gold_gain":0,"player_choice":"Ignored","damage_taken":0,"max_hp_gain":0,"max_hp_loss":0,"event_name":"SecretPortal","floor":38,"gold_loss":0},{"damage_healed":0,"gold_gain":0,"player_choice":"Fight","damage_taken":0,"max_hp_gain":0,"max_hp_loss":0,"event_name":"Mysterious Sphere","floor":42,"gold_loss":0},{"cards_removed":["Ball Lightning"],"damage_healed":0,"gold_gain":0,"player_choice":"Purged","damage_taken":0,"max_hp_gain":0,"max_hp_loss":0,"event_name":"Purifier","floor":45,"gold_loss":0},{"damage_healed":0,"gold_gain":0,"player_choice":"Ignored","damage_taken":0,"max_hp_gain":0,"max_hp_loss":0,"event_name":"Tomb of Lord Red Mask","floor":46,"gold_loss":0},{"cards_removed":["Machine Learning"],"damage_healed":0,"gold_gain":0,"player_choice":"Card Removal","damage_taken":0,"max_hp_gain":0,"max_hp_loss":0,"event_name":"Wheel of Change","floor":47,"gold_loss":0}],"is_beta":false,"boss_relics":[{"not_picked":["SlaversCollar","Calling Bell"],"picked":"Runic Pyramid"},{"not_picked":["Astrolabe","FrozenCore"],"picked":"Nuclear Battery"}],"items_purged_floors":[37,54],"is_endless":false,"potions_floor_spawned":[1,6,11,14,18,21,30,30,42,44,48],"ascension_level":20}}