{"host":"9kxnbj80f46l6gnh","time":1611551825,"event":{"mods":["AchievementEnabler","Aspiration","Bard","BaseMod","Beaked The Cultist","Better Altar","Better Match","Better Note","Better Sensory Stone","Better Skull","Better Third Choice","BetterRewards","CCEM","Clawfect","Colored Map","Conspire","Downfall","GifTheSpireLib","Halation","Hermit","Highlight Path","Hubris","Hunter ??","Infinite Spire","Jedi Mod","Jorbs\u0027s Wanderer Trilogy","Mad Scientist","Marisa????????","Mimic Mod","Minty Spire (QoL Compilation)","Permanent Neow","Replay The Spire","Shade Mod","Shop Mod","Spicy Shops","StSLib","Stuff the Spire","The Administrix","The Blackbeard","The Bug Knight","The Construct","The Cursed","The Disciple","The Gatherer","The Hierophant","The Jungle","The Mystic","The Necromancer","The Problem Sleuth","The Runesmith","The Servant 0.9.4","The Spell Scribe","The Witch","Unceasing Turn Reminder","everything is the same but u backflip on backflip"],"gold_per_floor":[114,134,148,166,166,196,196,206,246,246,262,280,280,294,294,372,372,388,388,388],"floor_reached":19,"language":"ENG","playtime":1006,"items_purged":[],"score":173,"play_id":"d3e482d1-dc3b-48ba-8e67-4691d651a2aa","local_time":"20210124221705","is_ascension_mode":false,"campfire_choices":[{"data":"Dramatic Entrance","floor":7,"key":"SMITH"},{"floor":10,"key":"REST"},{"data":"MadScienceMod:CaptureMomentum","floor":13,"key":"SMITH"},{"floor":15,"key":"REST"}],"circlet_count":0,"master_deck":["MadScienceMod:Strike_MadScience","MadScienceMod:Strike_MadScience","MadScienceMod:Strike_MadScience","MadScienceMod:Strike_MadScience","MadScienceMod:Defend_MadScience","MadScienceMod:Defend_MadScience","MadScienceMod:Defend_MadScience","MadScienceMod:Defend_MadScience","MadScienceMod:PoweredStrike","MadScienceMod:HideBehindJunk","Dramatic Entrance+1","MadScienceMod:AntimatterBomb","MadScienceMod:OilDrum","MadScienceMod:AntimatterBomb","MadScienceMod:ShrinkRay","MadScienceMod:CaptureMomentum+1","MadScienceMod:BandageBot","MadScienceMod:AutoStrike","MadScienceMod:FlameCannon","MadScienceMod:GoldenGun","MadScienceMod:AcidSpray+1"],"relics":["MadScienceMod:FuelTank","hubris:Towel","Vajra","Anchor","PreservedInsect","Black Star"],"acts_visited":["Exordium","TheCity"],"potions_floor_usage":[16,16,16],"damage_taken":[{"damage":0,"enemies":"Small Slimes","floor":1,"turns":3},{"damage":0,"enemies":"2 Louse","floor":2,"turns":1},{"damage":6,"enemies":"Cultist","floor":3,"turns":4},{"damage":14,"enemies":"2 Fungi Beasts","floor":4,"turns":4},{"damage":37,"enemies":"Lagavulin","floor":6,"turns":10},{"damage":3,"enemies":"Large Slime","floor":8,"turns":6},{"damage":4,"enemies":"3 Louse","floor":9,"turns":11},{"damage":0,"enemies":"3 Louse","floor":11,"turns":1},{"damage":0,"enemies":"Exordium Wildlife","floor":12,"turns":3},{"damage":16,"enemies":"2 Fungi Beasts","floor":14,"turns":4},{"damage":37,"enemies":"The Guardian","floor":16,"turns":12},{"damage":42,"enemies":"Shell Parasite","floor":18,"turns":13},{"damage":0,"enemies":"Chosen","floor":19,"turns":1}],"seed_played":"-6808706684548422126","potions_obtained":[{"floor":2,"key":"FearPotion"},{"floor":3,"key":"PowerPotion"},{"floor":6,"key":"AttackPotion"},{"floor":12,"key":"Fire Potion"},{"floor":16,"key":"Milkshake"}],"is_trial":false,"path_per_floor":["M","M","M","M","?","E","R","M","MIM","R","M","M","R","M","R","B",null,"M","M"],"character_chosen":"MAD_SCIENTIST","items_purchased":[],"campfire_rested":2,"item_purchase_floors":[],"current_hp_per_floor":[75,75,69,55,55,18,18,15,14,36,36,36,36,23,45,23,75,64,64,64],"gold":388,"neow_bonus":"RANDOM_COLORLESS","is_daily":false,"chose_seed":false,"campfire_upgraded":2,"win_rate":0.0,"timestamp":1611551825,"path_taken":["M","M","M","M","?","E","R","M","MIM","R","M","M","R","M","R","BOSS","M","?"],"items_purchased_type":[],"build_version":"2020-12-22","purchased_purges":0,"victory":false,"max_hp_per_floor":[75,75,75,75,75,75,75,75,75,75,75,75,75,75,75,75,75,75,75,75],"card_choices":[{"not_picked":["jedi:forcepull","Purity"],"picked":"Dramatic Entrance","floor":0},{"not_picked":["MadScienceMod:OilDrum","MadScienceMod:NowOrNever"],"picked":"MadScienceMod:AntimatterBomb","floor":1},{"not_picked":["MadScienceMod:NowOrNever","MadScienceMod:Tune"],"picked":"MadScienceMod:OilDrum","floor":2},{"not_picked":["MadScienceMod:OmniHammer","MadScienceMod:OilDrum"],"picked":"MadScienceMod:AntimatterBomb","floor":3},{"not_picked":["MadScienceMod:Bayonet","MadScienceMod:OilDrum"],"picked":"MadScienceMod:ShrinkRay","floor":4},{"not_picked":["MadScienceMod:SoftenUp","MadScienceMod:Virus"],"picked":"MadScienceMod:CaptureMomentum","floor":6},{"not_picked":["MadScienceMod:AntimatterBomb","MadScienceMod:EnergyBarrier"],"picked":"MadScienceMod:BandageBot","floor":8},{"not_picked":["MadScienceMod:Bombardment","MadScienceMod:LightOnFire"],"picked":"MadScienceMod:AutoStrike","floor":9},{"not_picked":["MadScienceMod:FlexibleSpear","MadScienceMod:OilDrum","MadScienceMod:Weaponize"],"picked":"SKIP","floor":11},{"not_picked":["MadScienceMod:AntimatterBomb","MadScienceMod:Generator"],"picked":"MadScienceMod:FlameCannon","floor":12},{"not_picked":["MadScienceMod:OilDrum","MadScienceMod:EnergyBarrier","MadScienceMod:Automate"],"picked":"SKIP","floor":14},{"not_picked":["MadScienceMod:Reconstitute","MadScienceMod:ArtilleryShot"],"picked":"MadScienceMod:GoldenGun","floor":16},{"not_picked":["MadScienceMod:MechanicalClaw","MadScienceMod:AntimatterBomb+1"],"picked":"MadScienceMod:AcidSpray+1","floor":18}],"player_experience":141459,"relics_obtained":[{"floor":6,"key":"Vajra"},{"floor":9,"key":"Anchor"},{"floor":9,"key":"PreservedInsect"}],"event_choices":[],"is_beta":false,"boss_relics":[{"not_picked":["CCEMRelics:TransientCore","Ring of Chaos"],"picked":"Black Star"}],"items_purged_floors":[],"is_endless":false,"potions_floor_spawned":[2,3,6,12,16],"killed_by":"Chosen","ascension_level":0}}