{"host":"cimxalwyqyblhb3d","time":1611588842,"event":{"mods":["AchievementEnabler","BaseMod","Colored Powertips","Evolution","Minty Spire (QoL Compilation)","Quick Restart","Relic Stats","StSLib"],"gold_per_floor":[109,36,36,36,36,36,70,70,119,138,172,187,198,208,208,308,308,324,10,10,10,28,28,28,48,72,72,72,88,88,88],"floor_reached":30,"language":"FRA","playtime":817,"items_purged":[],"score":341,"play_id":"ee01385f-d8bd-47a1-8038-b85fbcabf01c","local_time":"20210125163402","is_ascension_mode":true,"campfire_choices":[{"data":"Accuracy","floor":6,"key":"SMITH"},{"data":"Noxious Fumes","floor":15,"key":"SMITH"},{"data":"Storm of Steel","floor":23,"key":"SMITH"},{"floor":28,"key":"REST"}],"circlet_count":0,"master_deck":["Dagger Spray","Dagger Spray","Cloak And Dagger","Cloak And Dagger","Cloak And Dagger","Cloak And Dagger","Cloak And Dagger","Survivor","Neutralize","Slice","Accuracy+1","Deflect","Noxious Fumes+1","Bouncing Flask","Storm of Steel+1","Wraith Form v2+1","Enlightenment","Calculated Gamble+1","Decay"],"relics":["Ring of the Snake","EVO:Axolotl","NeowsBlessing","The Specimen","Mummified Hand","Art of War","Frozen Egg 2","Empty Cage","ClockworkSouvenir","Sundial","Nilry\u0027s Codex","Snake Skull"],"acts_visited":["Exordium","TheCity"],"potions_floor_usage":[16,16,29,29,30,30],"damage_taken":[{"damage":0,"enemies":"Jaw Worm","floor":1,"turns":1},{"damage":0,"enemies":"3 Sentries","floor":7,"turns":1},{"damage":0,"enemies":"Small Slimes","floor":10,"turns":1},{"damage":10,"enemies":"Lagavulin","floor":11,"turns":4},{"damage":0,"enemies":"Cultist","floor":12,"turns":3},{"damage":7,"enemies":"Blue Slaver","floor":13,"turns":2},{"damage":0,"enemies":"Large Slime","floor":14,"turns":3},{"damage":28,"enemies":"The Guardian","floor":16,"turns":8},{"damage":12,"enemies":"Chosen","floor":18,"turns":3},{"damage":0,"enemies":"2 Thieves","floor":22,"turns":4},{"damage":34,"enemies":"Centurion and Healer","floor":25,"turns":6},{"damage":12,"enemies":"Chosen and Byrds","floor":29,"turns":4},{"damage":20,"enemies":"Slavers","floor":30,"turns":1}],"seed_played":"-6155958126804072475","potions_obtained":[{"floor":1,"key":"CunningPotion"},{"floor":10,"key":"GhostInAJar"},{"floor":13,"key":"Ancient Potion"},{"floor":22,"key":"EntropicBrew"},{"floor":29,"key":"CultistPotion"}],"is_trial":false,"path_per_floor":["M","$","?","?","$","R","E","?","T","M","E","M","M","M","R","B",null,"M","$","?","?","M","R","?","M","T","?","R","M","E"],"character_chosen":"THE_SILENT","items_purchased":["Accuracy","ClockworkSouvenir","Wraith Form v2+1"],"campfire_rested":1,"item_purchase_floors":[2,19,19],"current_hp_per_floor":[72,72,72,60,60,60,60,60,60,60,50,50,43,43,43,15,72,60,60,60,44,44,44,44,10,10,10,31,19,0,0],"gold":88,"neow_bonus":"THREE_ENEMY_KILL","is_daily":false,"chose_seed":false,"campfire_upgraded":3,"win_rate":0.0,"timestamp":1611588842,"path_taken":["M","$","?","?","$","R","E","?","T","?","E","M","M","M","R","BOSS","M","$","?","?","M","R","?","?","T","?","R","M","E"],"items_purchased_type":["Card","Relic","Card"],"build_version":"2020-12-22","purchased_purges":0,"victory":false,"max_hp_per_floor":[72,72,72,72,72,72,72,72,72,72,72,72,72,72,72,72,72,72,72,72,72,72,72,72,72,72,72,72,72,72,72],"relic_stats":{"counters":[13,41],"Mummified Hand":[27],"Sundial":[2],"Snake Skull":[8],"Art of War":[1],"obtain_stats":[{"NeowsBlessing":0,"The Specimen":4,"Mummified Hand":7,"Sundial":20,"Nilry\u0027s Codex":21,"Snake Skull":26,"Art of War":9,"EVO:Axolotl":0,"Frozen Egg 2":11,"Empty Cage":17,"Ring of the Snake":0,"ClockworkSouvenir":19},{"NeowsBlessing":0,"The Specimen":1,"Mummified Hand":2,"Sundial":9,"Nilry\u0027s Codex":9,"Snake Skull":11,"Art of War":2,"EVO:Axolotl":0,"Frozen Egg 2":4,"Empty Cage":8,"Ring of the Snake":0,"ClockworkSouvenir":9},{"NeowsBlessing":0,"The Specimen":1,"Mummified Hand":2,"Sundial":26,"Nilry\u0027s Codex":26,"Snake Skull":36,"Art of War":2,"EVO:Axolotl":0,"Frozen Egg 2":7,"Empty Cage":23,"Ring of the Snake":0,"ClockworkSouvenir":26}],"Ring of the Snake":[26]},"card_choices":[{"not_picked":["Reflex","Underhanded Strike"],"picked":"Slice","floor":1},{"not_picked":["Dagger Spray","Backflip"],"picked":"Deflect","floor":7},{"not_picked":["Dodge and Roll","PiercingWail"],"picked":"Noxious Fumes","floor":10},{"not_picked":["Terror","Skewer","Backflip"],"picked":"SKIP","floor":11},{"not_picked":["Eviscerate","Backflip","Bane"],"picked":"SKIP","floor":12},{"not_picked":["Eviscerate","Backflip","Bane"],"picked":"SKIP","floor":12},{"not_picked":["PiercingWail","Reflex","Outmaneuver"],"picked":"SKIP","floor":13},{"not_picked":["Dodge and Roll","Underhanded Strike"],"picked":"Bouncing Flask","floor":14},{"not_picked":["Night Terror","Unload"],"picked":"Storm of Steel","floor":16},{"not_picked":["Crippling Poison","Caltrops+1","Underhanded Strike"],"picked":"SKIP","floor":18},{"not_picked":["Bane","Prepared","Tactician"],"picked":"SKIP","floor":22},{"not_picked":["Quick Slash","Dagger Throw+1"],"picked":"Calculated Gamble+1","floor":25},{"not_picked":["Backflip","Heel Hook","Predator+1"],"picked":"SKIP","floor":29},{"not_picked":["Backflip","Heel Hook","Predator+1"],"picked":"SKIP","floor":29}],"player_experience":526805,"relics_obtained":[{"floor":7,"key":"Mummified Hand"},{"floor":9,"key":"Art of War"},{"floor":11,"key":"Frozen Egg 2"},{"floor":21,"key":"Nilry\u0027s Codex"},{"floor":26,"key":"Snake Skull"}],"event_choices":[{"damage_healed":0,"gold_gain":0,"player_choice":"Leave","damage_taken":0,"max_hp_gain":0,"max_hp_loss":0,"event_name":"The Cleric","floor":3,"gold_loss":0},{"damage_healed":0,"gold_gain":0,"player_choice":"Success","damage_taken":12,"relics_obtained":["The Specimen"],"max_hp_gain":0,"max_hp_loss":0,"event_name":"Scrap Ooze","floor":4,"gold_loss":0},{"cards_removed":["Dagger Spray"],"damage_healed":0,"gold_gain":0,"player_choice":"Purged","damage_taken":0,"max_hp_gain":0,"max_hp_loss":0,"event_name":"Purifier","floor":8,"gold_loss":0},{"damage_healed":0,"gold_gain":0,"player_choice":"Opened","damage_taken":0,"relics_obtained":["Sundial"],"max_hp_gain":0,"max_hp_loss":0,"event_name":"The Mausoleum","floor":20,"gold_loss":0},{"damage_healed":0,"gold_gain":0,"player_choice":"Obtained Book","damage_taken":16,"max_hp_gain":0,"max_hp_loss":0,"event_name":"Cursed Tome","floor":21,"gold_loss":0},{"damage_healed":0,"gold_gain":0,"player_choice":"1 cards matched","damage_taken":0,"max_hp_gain":0,"max_hp_loss":0,"event_name":"Match and Keep!","floor":24,"gold_loss":0,"cards_obtained":["Enlightenment"]},{"damage_healed":0,"gold_gain":0,"player_choice":"Smashed Altar","damage_taken":0,"max_hp_gain":0,"max_hp_loss":0,"event_name":"Forgotten Altar","floor":27,"gold_loss":0,"cards_obtained":["Decay"]}],"is_beta":false,"boss_relics":[{"not_picked":["Coffee Dripper","SlaversCollar"],"picked":"Empty Cage"}],"items_purged_floors":[],"is_endless":false,"potions_floor_spawned":[1,10,13,14,22,29],"killed_by":"Slavers","ascension_level":4}}