{"host":"6jxiafzta1a1kcvk","time":1611588850,"event":{"mods":["Act Like it!","BaseMod","Conspire","Downfall","Hubris","Minty Spire (QoL Compilation)","Replay The Spire","Spicy Shops","StSLib","SuperFastMode"],"gold_per_floor":[99,110,110,129,279,298,298,298,298,314,339,339,73,102,120,219,219,219,230,230,230,244,270,346,346,159,178,178,194,212,227,240,240,240,240],"floor_reached":33,"language":"ZHS","playtime":1715,"items_purged":["downfall:Icky","champ:Strike"],"score":269,"play_id":"95209fbe-8560-4624-8342-e6053bcbe13b","local_time":"20210125233410","is_ascension_mode":false,"campfire_choices":[{"data":"champ:Taunt","floor":1,"key":"SMITH"},{"data":"champ:TripleStrike","floor":9,"key":"SMITH"},{"floor":18,"key":"DIG"},{"floor":28,"key":"DIG"}],"circlet_count":0,"master_deck":["champ:Strike","champ:Defend","champ:Defend","champ:Defend","champ:Execute","champ:Taunt+1","champ:BringItOn+1","champ:TripleStrike+1","champ:FocusedDefense","champ:HeartStrike","champ:FocusedBerserking","champ:GladiatorStyle+1","champ:CalledShot","champ:UltimateStance+1","champ:ShieldThrow","champ:UltimateStance+1","champ:BladeFlurry+1","champ:DancingMaster+1","champ:BerserkersShout+1","champ:Backstep","champ:Taunt+1","champ:Endure","champ:FancyFootwork","champ:IronFortress+1","champ:FocusedDefense","champ:DefensiveShout+1","champ:FocusedBerserking+1"],"relics":["champ:ChampionCrown","Blue Candle","Replay:Mystery Machine","downfall:BrokenWingStatue","Shovel","Replay:Bottled Flurry","Odd Mushroom","Astrolabe","conspire:TopHat","Vajra","Cauldron","PreservedInsect"],"acts_visited":["Exordium","TheCity"],"potions_floor_usage":[16,16,33,33,33,33,33,33],"damage_taken":[{"damage":22,"enemies":"Cultist","floor":2,"turns":4},{"damage":7,"enemies":"2 Louse","floor":4,"turns":3},{"damage":21,"enemies":"Small Slimes","floor":6,"turns":4},{"damage":10,"enemies":"2 Fungi Beasts","floor":10,"turns":4},{"damage":39,"enemies":"Lagavulin","floor":11,"turns":7},{"damage":20,"enemies":"downfall:FleeingMerchant","floor":13,"turns":4},{"damage":21,"enemies":"The Mushroom Lair","floor":14,"turns":4},{"damage":0,"enemies":"Blue Slaver","floor":15,"turns":2},{"damage":69,"enemies":"WA_ARCHETYPE_RETAIN","floor":16,"turns":8},{"damage":49,"enemies":"Shell Parasite","floor":19,"turns":5},{"damage":50,"enemies":"conspire:FuzzyDice","floor":22,"turns":5},{"damage":56,"enemies":"Replay:Snechameleon","floor":23,"turns":5},{"damage":55,"enemies":"downfall:FleeingMerchant","floor":26,"turns":4},{"damage":50,"enemies":"Centurion and Healer","floor":27,"turns":5},{"damage":61,"enemies":"Snake Plant","floor":29,"turns":4},{"damage":59,"enemies":"Shelled Parasite and Fungi","floor":30,"turns":6},{"damage":42,"enemies":"Sentry and Sphere","floor":31,"turns":4},{"damage":50,"enemies":"Snake Plant","floor":32,"turns":5},{"damage":83,"enemies":"IC_MUSHROOM_ARCHETYPE","floor":33,"turns":8}],"seed_played":"-8614363792683022467","potions_obtained":[{"floor":2,"key":"SpeedPotion"},{"floor":10,"key":"Ancient Potion"},{"floor":11,"key":"Flashbang"},{"floor":14,"key":"Adrenaline Potion"},{"floor":19,"key":"Death Potion"},{"floor":22,"key":"ColorlessPotion"},{"floor":26,"key":"Toxic Potion"},{"floor":29,"key":"EntropicBrew"}],"is_trial":false,"path_per_floor":["R","M","?","M","?","M","T","?","R","M","E","?","$","?","M","B",null,"R","M","?","?","M","E","T","?","$","M","R","M","M","M","M","B"],"character_chosen":"THE_CHAMP","items_purchased":["champ:GladiatorStyle+1","Replay:Bottled Flurry","Cauldron"],"campfire_rested":0,"item_purchase_floors":[13,13,26],"current_hp_per_floor":[99,97,92,85,85,79,79,79,79,79,70,70,65,54,54,25,99,99,80,80,80,80,79,79,79,79,69,69,48,44,42,27,0,0,0],"gold":240,"neow_bonus":"TEN_PERCENT_HP_BONUS","is_daily":false,"chose_seed":false,"campfire_upgraded":2,"win_rate":0.0,"timestamp":1611588850,"path_taken":["R","M","?","M","?","M","T","?","R","M","E","?","$","?","M","BOSS","R","M","?","?","M","E","T","?","$","M","R","?","M","M","M","BOSS"],"items_purchased_type":["Card","Relic","Relic"],"build_version":"2020-12-22","purchased_purges":2,"victory":false,"max_hp_per_floor":[99,99,99,99,99,99,99,99,99,99,99,99,99,99,99,99,99,99,99,99,99,99,99,99,99,99,99,99,99,99,99,99,99,99,99],"card_choices":[{"not_picked":["champ:Circumvent","champ:AdrenalArmor"],"picked":"champ:BringItOn","floor":2},{"not_picked":["champ:Encircle","champ:GutPunch"],"picked":"champ:TripleStrike","floor":4},{"not_picked":["champ:Circumvent","champ:AdrenalArmor"],"picked":"champ:FocusedDefense","floor":6},{"not_picked":["champ:Backstep","champ:FlashCut"],"picked":"champ:HeartStrike","floor":10},{"not_picked":["champ:FanOfKnives","champ:Haymaker"],"picked":"champ:FocusedBerserking","floor":11},{"not_picked":["champ:FalseCounter","champ:PreciseThrust","champ:AdrenalArmor"],"picked":"SKIP","floor":13},{"not_picked":["champ:FanOfKnives","champ:GladiatorStyle"],"picked":"champ:CalledShot","floor":14},{"not_picked":["champ:BringItOn","champ:StanceDance"],"picked":"champ:UltimateStance","floor":15},{"not_picked":["champ:IgnorePain","champ:UltimateStance"],"picked":"champ:ShieldThrow","floor":16},{"not_picked":["champ:GutPunch","champ:Haymaker"],"picked":"champ:BerserkersShout+1","floor":19},{"not_picked":["champ:EndlessRage","champ:AdrenalArmor+1"],"picked":"champ:Backstep","floor":22},{"not_picked":["champ:Shatter","champ:PerfectedStrike","champ:BladeFlurry"],"picked":"SKIP","floor":23},{"not_picked":["champ:ShieldThrow","champ:PerfectedStrike+1"],"picked":"champ:Endure","floor":26},{"not_picked":["champ:EndlessRage+1","champ:BringItOn"],"picked":"champ:FancyFootwork","floor":27},{"not_picked":["champ:FanOfKnives","champ:Shatter"],"picked":"champ:IronFortress+1","floor":29},{"not_picked":["champ:FlashCut+1","champ:GutPunch+1"],"picked":"champ:FocusedDefense","floor":30},{"not_picked":["champ:Circumvent","champ:BladeFlurry"],"picked":"champ:DefensiveShout+1","floor":31},{"not_picked":["champ:CrownThrow","champ:FanOfKnives"],"picked":"champ:FocusedBerserking+1","floor":32}],"player_experience":60441,"relics_obtained":[{"floor":7,"key":"Replay:Mystery Machine"},{"floor":11,"key":"Shovel"},{"floor":14,"key":"Odd Mushroom"},{"floor":18,"key":"conspire:TopHat"},{"floor":23,"key":"Vajra"},{"floor":28,"key":"PreservedInsect"}],"event_choices":[{"damage_healed":0,"gold_gain":0,"player_choice":"Fought Mushrooms","damage_taken":0,"max_hp_gain":0,"max_hp_loss":0,"event_name":"Mushrooms","floor":14,"gold_loss":0},{"damage_healed":0,"gold_gain":0,"player_choice":"Ignored","damage_taken":0,"max_hp_gain":0,"max_hp_loss":0,"event_name":"Vampires","floor":21,"gold_loss":0}],"is_beta":false,"boss_relics":[{"not_picked":["Honey Jar","SacredBark"],"picked":"Astrolabe"}],"items_purged_floors":[13,26],"is_endless":false,"potions_floor_spawned":[2,10,11,14,19,22,27,29],"killed_by":"IC_MUSHROOM_ARCHETYPE","ascension_level":0}}