{"host":"8is2j71l4wmybkoi","time":1611575198,"event":{"mods":["AchievementEnabler","BaseMod","Colored Map","Minty Spire (QoL Compilation)","Rare Cards Sparkle","StSLib","SuperFastMode"],"gold_per_floor":[118,43,43,59,69,69,94,108,108,142,292,292,50,125,125,199,199,172,185,185,185,196,196,196],"floor_reached":23,"language":"KOR","playtime":859,"items_purged":["Doubt"],"score":378,"play_id":"a42cf895-496a-4ea0-9d0e-e42a62183ad2","local_time":"20210125204638","is_ascension_mode":true,"campfire_choices":[{"data":"Buffer","floor":6,"key":"SMITH"},{"floor":12,"key":"REST"},{"data":"Sunder","floor":15,"key":"SMITH"}],"circlet_count":0,"master_deck":["AscendersBane","Zap","Dualcast","Conserve Battery","Undo","Steam","Buffer+1","FTL","White Noise","Double Energy","Amplify","Self Repair","Sunder+1","Fission","Double Energy","Sunder","Lockon","Storm","Blizzard","Meteor Strike","Core Surge","Double Energy+1","Fusion+1"],"relics":["Cracked Core","NeowsBlessing","Lantern","Tiny Chest","InkBottle","Pandora\u0027s Box","Singing Bowl"],"acts_visited":["Exordium","TheCity"],"potions_floor_usage":[10,16,18],"damage_taken":[{"damage":0,"enemies":"Small Slimes","floor":1,"turns":1},{"damage":0,"enemies":"Cultist","floor":4,"turns":1},{"damage":0,"enemies":"Jaw Worm","floor":5,"turns":1},{"damage":11,"enemies":"Lagavulin","floor":7,"turns":8},{"damage":7,"enemies":"3 Louse","floor":8,"turns":4},{"damage":25,"enemies":"3 Sentries","floor":10,"turns":10},{"damage":20,"enemies":"The Guardian","floor":16,"turns":12},{"damage":3,"enemies":"2 Thieves","floor":18,"turns":4},{"damage":0,"enemies":"Spheric Guardian","floor":19,"turns":3},{"damage":28,"enemies":"Centurion and Healer","floor":22,"turns":6},{"damage":61,"enemies":"Book of Stabbing","floor":23,"turns":5}],"seed_played":"5020419901526631691","potions_obtained":[{"floor":8,"key":"BlessingOfTheForge"},{"floor":10,"key":"PowerPotion"},{"floor":16,"key":"Swift Potion"},{"floor":18,"key":"Explosive Potion"}],"is_trial":false,"path_per_floor":["M","?","?","M","M","R","E","M","T","E","?","R","$","?","R","B",null,"M","M","T","?","M","E"],"character_chosen":"DEFECT","items_purchased":["Self Repair","Sunder"],"campfire_rested":1,"item_purchase_floors":[13,13],"current_hp_per_floor":[64,64,64,64,64,64,53,46,46,21,21,42,42,31,31,18,58,62,69,69,69,55,0,0],"gold":196,"neow_bonus":"THREE_ENEMY_KILL","is_daily":false,"chose_seed":false,"campfire_upgraded":2,"win_rate":0.0,"timestamp":1611575198,"path_taken":["M","?","?","M","?","R","E","M","T","E","?","R","?","?","R","BOSS","M","M","?","?","M","E"],"items_purchased_type":["Card","Card"],"build_version":"2020-12-22","purchased_purges":1,"victory":false,"max_hp_per_floor":[71,71,71,71,71,71,71,71,71,71,71,71,71,71,71,71,71,71,71,71,71,71,71,71],"card_choices":[{"not_picked":["Beam Cell","Coolheaded"],"picked":"Conserve Battery","floor":1},{"not_picked":["Glacier","BootSequence"],"picked":"FTL","floor":4},{"not_picked":["Double Energy","Hologram"],"picked":"White Noise","floor":5},{"not_picked":["Darkness","Chaos","Steam"],"picked":"SKIP","floor":7},{"not_picked":["Streamline","Gash"],"picked":"Double Energy","floor":8},{"not_picked":["Streamline","Doom and Gloom"],"picked":"Amplify","floor":10},{"not_picked":["Meteor Strike","Biased Cognition"],"picked":"Fission","floor":16},{"not_picked":["Rebound","Gash","Chaos"],"picked":"SKIP","floor":18},{"not_picked":["Tempest","Turbo"],"picked":"Double Energy+1","floor":19},{"not_picked":["Compile Driver","FTL"],"picked":"Fusion+1","floor":22}],"player_experience":788821,"relics_obtained":[{"floor":7,"key":"Lantern"},{"floor":9,"key":"Tiny Chest"},{"floor":10,"key":"InkBottle"},{"floor":20,"key":"Singing Bowl"}],"event_choices":[{"cards_removed":["Strike_B"],"damage_healed":0,"gold_gain":0,"player_choice":"Card Removal","damage_taken":0,"max_hp_gain":0,"max_hp_loss":0,"event_name":"The Cleric","floor":2,"gold_loss":75},{"damage_healed":0,"gold_gain":0,"player_choice":"3 cards matched","damage_taken":0,"max_hp_gain":0,"max_hp_loss":0,"event_name":"Match and Keep!","floor":3,"gold_loss":0,"cards_obtained":["Undo","Steam","Buffer"]},{"damage_healed":0,"gold_gain":150,"player_choice":"AGREE","damage_taken":0,"max_hp_gain":0,"max_hp_loss":0,"event_name":"Liars Game","floor":11,"gold_loss":0,"cards_obtained":["Doubt"]},{"damage_healed":0,"gold_gain":75,"player_choice":"Gather Gold","damage_taken":11,"max_hp_gain":0,"max_hp_loss":0,"event_name":"World of Goop","floor":14,"gold_loss":0},{"damage_healed":0,"gold_gain":0,"player_choice":"Ignored","damage_taken":0,"max_hp_gain":0,"max_hp_loss":0,"event_name":"Vampires","floor":21,"gold_loss":0}],"is_beta":false,"boss_relics":[{"not_picked":["SlaversCollar","Nuclear Battery"],"picked":"Pandora\u0027s Box"}],"items_purged_floors":[13],"is_endless":false,"potions_floor_spawned":[8,10,16,18],"killed_by":"Book of Stabbing","ascension_level":18}}