{"host":"7sni158j623xchr2","time":1611544431,"event":{"mods":["BaseMod","Colored Map","Highlight Path","Minty Spire (QoL Compilation)","Permanent Neow","Potion Indicator Mod","Rare Cards Sparkle","Relic Sorter","Relic Stats","StSLib","everything is the same but u backflip on backflip"],"gold_per_floor":[111,286,37,54,54,54,80,95,95,105,120,120,136,170,170,271,271,286,286,297,317,217,252,252,252,252,283,283,85,111,111,111,210,210,227,227,78,78,98,98,98,123,123,137,137,137,12,29,29,29,29,29,29,62,62],"floor_reached":56,"language":"ENG","playtime":2097,"items_purged":["Doubt","Strike_G","Defend_G"],"score":1313,"play_id":"b43c183f-12da-49d1-8994-f866936e7b67","local_time":"20210124211351","is_ascension_mode":true,"campfire_choices":[{"data":"Dagger Spray","floor":6,"key":"SMITH"},{"data":"Dash","floor":12,"key":"SMITH"},{"data":"Poisoned Stab","floor":15,"key":"SMITH"},{"data":"Burst","floor":24,"key":"SMITH"},{"data":"Phantasmal Killer","floor":28,"key":"SMITH"},{"data":"Footwork","floor":32,"key":"SMITH"},{"data":"Storm of Steel","floor":40,"key":"SMITH"},{"floor":45,"key":"RECALL"},{"data":"Adrenaline","floor":49,"key":"SMITH"},{"data":"After Image","floor":52,"key":"SMITH"}],"circlet_count":0,"master_deck":["Strike_G","Defend_G","Survivor","Neutralize","Dagger Spray+1","Master of Strategy","Poisoned Stab+1","Blade Dance","Dash+1","Footwork+1","Deflect","Burst+1","After Image+1","Well Laid Plans+1","Escape Plan+1","Expertise+1","Bouncing Flask+1","Masterful Stab","Phantasmal Killer+1","PiercingWail","PiercingWail","After Image","Storm of Steel+1","Poisoned Stab+1","Prepared+1","Adrenaline+1","Impatience","Sadistic Nature","Finesse","Backstab+1"],"relics":["Ring of the Snake","Oddly Smooth Stone","Tough Bandages","Lizard Tail","Astrolabe","Nunchaku","Shuriken","Incense Burner","PreservedInsect","Peace Pipe","Strawberry","SlaversCollar","Centennial Puzzle","Turnip","Mango","Kunai"],"acts_visited":["Exordium","TheCity","TheBeyond","TheEnding"],"potions_floor_usage":[16,23,27,55,55,55],"damage_taken":[{"damage":0,"enemies":"Jaw Worm","floor":1,"turns":5},{"damage":0,"enemies":"Small Slimes","floor":4,"turns":3},{"damage":27,"enemies":"Gremlin Nob","floor":7,"turns":5},{"damage":0,"enemies":"Cultist","floor":8,"turns":2},{"damage":0,"enemies":"Large Slime","floor":10,"turns":4},{"damage":0,"enemies":"Exordium Wildlife","floor":11,"turns":2},{"damage":0,"enemies":"Exordium Thugs","floor":13,"turns":5},{"damage":9,"enemies":"Lagavulin","floor":14,"turns":9},{"damage":31,"enemies":"The Guardian","floor":16,"turns":18},{"damage":1,"enemies":"3 Byrds","floor":18,"turns":5},{"damage":1,"enemies":"Shell Parasite","floor":20,"turns":6},{"damage":10,"enemies":"Snake Plant","floor":21,"turns":8},{"damage":19,"enemies":"Book of Stabbing","floor":23,"turns":6},{"damage":1,"enemies":"Gremlin Leader","floor":27,"turns":8},{"damage":0,"enemies":"Book of Stabbing","floor":30,"turns":5},{"damage":9,"enemies":"Collector","floor":33,"turns":11},{"damage":0,"enemies":"3 Darklings","floor":35,"turns":5},{"damage":1,"enemies":"Orb Walker","floor":39,"turns":4},{"damage":4,"enemies":"Giant Head","floor":42,"turns":6},{"damage":7,"enemies":"Spire Growth","floor":44,"turns":4},{"damage":8,"enemies":"3 Darklings","floor":48,"turns":3},{"damage":16,"enemies":"Awakened One","floor":50,"turns":8},{"damage":3,"enemies":"Shield and Spear","floor":54,"turns":6},{"damage":45,"enemies":"The Heart","floor":55,"turns":8}],"seed_played":"-80444416486596607","potions_obtained":[{"floor":4,"key":"CultistPotion"},{"floor":11,"key":"Explosive Potion"},{"floor":13,"key":"SpeedPotion"},{"floor":16,"key":"Regen Potion"},{"floor":23,"key":"AttackPotion"},{"floor":33,"key":"DistilledChaos"}],"is_trial":false,"path_per_floor":["M","?","$","M","?","R","E","M","T","M","M","R","M","E","R","B",null,"M","?","M","M","$","E","R","?","T","E","R","$","E","?","R","B",null,"M","?","$","?","M","R","?","E","T","M","R","?","$","M","R","B",null,"R","$","E","B",null],"character_chosen":"THE_SILENT","items_purchased":["Master of Strategy","PreservedInsect","PiercingWail","Centennial Puzzle"],"campfire_rested":0,"item_purchase_floors":[3,29,29,37],"current_hp_per_floor":[70,70,70,70,75,75,48,48,48,48,48,48,48,39,39,8,75,74,75,74,64,64,60,60,60,60,59,59,59,59,66,66,57,82,82,82,82,82,81,81,81,77,91,84,84,74,74,66,66,50,96,96,96,93,48],"gold":62,"neow_bonus":"RANDOM_COMMON_RELIC","is_daily":false,"chose_seed":false,"campfire_upgraded":9,"win_rate":0.0,"timestamp":1611544431,"path_taken":["M","?","$","M","?","R","E","M","T","M","M","R","M","E","R","BOSS","M","?","M","?","$","E","R","?","T","E","R","$","E","?","R","BOSS","M","?","?","?","M","R","?","E","T","?","R","?","$","M","R","BOSS","R","$","E","BOSS"],"items_purchased_type":["Card","Relic","Card","Relic"],"build_version":"2020-12-22","purchased_purges":3,"victory":true,"max_hp_per_floor":[70,70,70,70,75,75,75,75,75,75,75,75,75,75,75,75,75,75,75,75,75,75,75,75,75,75,75,75,75,75,82,82,82,82,82,82,82,82,82,82,82,82,96,96,96,96,96,96,96,96,96,96,96,96,96],"relic_stats":{"counters":[24,146],"Astrolabe":["Well Laid Plans","Escape Plan","Expertise"],"PreservedInsect":234,"Peace Pipe":0,"Tough Bandages":[252],"Lizard Tail":0,"Nunchaku":[22],"Centennial Puzzle":[21],"Shuriken":[53],"Turnip":[2],"Kunai":[8],"obtain_stats":[{"Astrolabe":17,"Oddly Smooth Stone":0,"Mango":43,"PreservedInsect":29,"Incense Burner":27,"Peace Pipe":30,"SlaversCollar":34,"Tough Bandages":7,"Lizard Tail":14,"Nunchaku":23,"Centennial Puzzle":37,"Shuriken":26,"Strawberry":31,"Turnip":42,"Kunai":54,"Ring of the Snake":0},{"Astrolabe":9,"Oddly Smooth Stone":0,"Mango":19,"PreservedInsect":14,"Incense Burner":14,"Peace Pipe":15,"SlaversCollar":16,"Tough Bandages":3,"Lizard Tail":8,"Nunchaku":13,"Centennial Puzzle":17,"Shuriken":13,"Strawberry":15,"Turnip":19,"Kunai":23,"Ring of the Snake":0},{"Astrolabe":53,"Oddly Smooth Stone":0,"Mango":117,"PreservedInsect":86,"Incense Burner":86,"Peace Pipe":91,"SlaversCollar":102,"Tough Bandages":13,"Lizard Tail":35,"Nunchaku":78,"Centennial Puzzle":107,"Shuriken":78,"Strawberry":91,"Turnip":117,"Kunai":138,"Ring of the Snake":0}],"Ring of the Snake":[48]},"card_choices":[{"not_picked":["Prepared","Backflip"],"picked":"Dagger Spray","floor":1},{"not_picked":["Footwork","Dodge and Roll"],"picked":"Poisoned Stab","floor":4},{"not_picked":["Underhanded Strike","Finisher"],"picked":"Blade Dance","floor":7},{"not_picked":["Noxious Fumes","Backflip"],"picked":"Dash","floor":8},{"not_picked":["Bane","Infinite Blades"],"picked":"Footwork","floor":10},{"not_picked":["Outmaneuver","Prepared"],"picked":"Deflect","floor":11},{"not_picked":["Bane","Cloak And Dagger","Dagger Throw"],"picked":"SKIP","floor":13},{"not_picked":["Dagger Spray","Well Laid Plans"],"picked":"Burst","floor":14},{"not_picked":["Bullet Time","Unload"],"picked":"After Image","floor":16},{"not_picked":["Slice","Outmaneuver","Poisoned Stab"],"picked":"SKIP","floor":18},{"not_picked":["Cloak And Dagger","Masterful Stab","Slice"],"picked":"SKIP","floor":20},{"not_picked":["Concentrate","Escape Plan"],"picked":"Bouncing Flask","floor":21},{"not_picked":["Heel Hook","Outmaneuver","Blade Dance"],"picked":"SKIP","floor":23},{"not_picked":["Acrobatics","Footwork"],"picked":"PiercingWail","floor":27},{"not_picked":["Calculated Gamble","Distraction"],"picked":"After Image","floor":30},{"not_picked":["Bullet Time","Doppelganger"],"picked":"Storm of Steel","floor":33},{"not_picked":["Slice+1","Infinite Blades+1"],"picked":"Poisoned Stab+1","floor":35},{"not_picked":["Flechettes+1","Slice+1"],"picked":"Prepared+1","floor":39},{"not_picked":["Slice+1","Sucker Punch"],"picked":"Adrenaline","floor":42},{"not_picked":["Outmaneuver","Masterful Stab","Expertise+1"],"picked":"SKIP","floor":44},{"not_picked":["Madness","Panacea"],"picked":"Impatience","floor":46},{"not_picked":["Panacea","Deep Breath"],"picked":"Sadistic Nature","floor":46},{"not_picked":["Mayhem","Forethought"],"picked":"Finesse","floor":46},{"not_picked":["Flying Knee+1","Dagger Spray","Outmaneuver"],"picked":"SKIP","floor":48},{"not_picked":["Bane+1","Burst"],"picked":"Backstab+1","floor":54}],"player_experience":1692207,"relics_obtained":[{"floor":7,"key":"Tough Bandages"},{"floor":14,"key":"Lizard Tail"},{"floor":23,"key":"Nunchaku"},{"floor":26,"key":"Shuriken"},{"floor":27,"key":"Incense Burner"},{"floor":30,"key":"Peace Pipe"},{"floor":42,"key":"Turnip"},{"floor":43,"key":"Mango"},{"floor":54,"key":"Kunai"}],"event_choices":[{"damage_healed":0,"gold_gain":175,"player_choice":"AGREE","damage_taken":0,"max_hp_gain":0,"max_hp_loss":0,"event_name":"Liars Game","floor":2,"gold_loss":0,"cards_obtained":["Doubt"]},{"damage_healed":0,"gold_gain":0,"player_choice":"Donut","damage_taken":0,"max_hp_gain":5,"max_hp_loss":0,"event_name":"Big Fish","floor":5,"gold_loss":0},{"damage_healed":1,"gold_gain":0,"player_choice":"Full Heal","damage_taken":0,"max_hp_gain":0,"max_hp_loss":0,"event_name":"Wheel of Change","floor":19,"gold_loss":0},{"damage_healed":0,"gold_gain":0,"cards_transformed":["Defend_G","Strike_G"],"player_choice":"Became Test Subject","damage_taken":0,"max_hp_gain":0,"max_hp_loss":0,"event_name":"Drug Dealer","floor":25,"gold_loss":0,"cards_obtained":["Masterful Stab","Phantasmal Killer"]},{"damage_healed":0,"gold_gain":0,"player_choice":"Opened","damage_taken":0,"relics_obtained":["Strawberry"],"max_hp_gain":0,"max_hp_loss":0,"event_name":"The Mausoleum","floor":31,"gold_loss":0},{"damage_healed":0,"gold_gain":0,"player_choice":"Bought 0 Potions","damage_taken":0,"max_hp_gain":0,"max_hp_loss":0,"event_name":"The Woman in Blue","floor":36,"gold_loss":0},{"cards_removed":["Defend_G"],"damage_healed":0,"gold_gain":0,"player_choice":"Removed Skill","damage_taken":0,"max_hp_gain":0,"max_hp_loss":0,"event_name":"Falling","floor":38,"gold_loss":0},{"damage_healed":0,"gold_gain":0,"player_choice":"Forge","damage_taken":0,"max_hp_gain":0,"max_hp_loss":0,"event_name":"Accursed Blacksmith","floor":41,"gold_loss":0,"cards_upgraded":["Bouncing Flask"]},{"damage_healed":0,"gold_gain":0,"player_choice":"Memory 3","damage_taken":10,"max_hp_gain":0,"max_hp_loss":0,"event_name":"SensoryStone","floor":46,"gold_loss":0}],"is_beta":false,"boss_relics":[{"not_picked":["Philosopher\u0027s Stone","Ring of the Serpent"],"picked":"Astrolabe"},{"not_picked":["Busted Crown","Pandora\u0027s Box"],"picked":"SlaversCollar"}],"items_purged_floors":[3,22,47],"is_endless":false,"potions_floor_spawned":[4,11,13,16,23,33,39,42,48],"ascension_level":1}}