{"host":"5fpb1gzflhq9886n","time":1611555250,"event":{"mods":["AchievementEnabler","BaseMod","Colored Map","Colored Powertips","Minty Spire (QoL Compilation)","Permanent Neow"],"gold_per_floor":[361,67,84,94,105,105,131,96,96,17,17,17,52,65,65,168,168,188,208,208,242,23,23,39,65,147,160,160,160,180,6,6,106,106,126,181,181,141,141,141,175,175,175,189,189,189,189,222,222,222,222],"floor_reached":50,"language":"ENG","playtime":3065,"items_purged":["Strike_G","Strike_G"],"score":679,"play_id":"9bbb8464-c11a-42b2-b89c-748022fce69f","local_time":"20210125011410","is_ascension_mode":true,"campfire_choices":[{"floor":6.0,"key":"REST"},{"floor":11.0,"key":"RECALL"},{"floor":15.0,"key":"REST"},{"data":"Wraith Form v2","floor":23.0,"key":"SMITH"},{"floor":29.0,"key":"REST"},{"floor":32.0,"key":"REST"},{"data":"Wraith Form v2","floor":40.0,"key":"SMITH"},{"data":"Bullet Time","floor":42.0,"key":"SMITH"},{"data":"Footwork","floor":45.0,"key":"SMITH"},{"data":"Bouncing Flask","floor":47.0,"key":"SMITH"},{"floor":49,"key":"REST"}],"circlet_count":0,"master_deck":["Strike_G","Strike_G","Defend_G","Defend_G","Defend_G","Defend_G","Survivor","Neutralize","Cloak And Dagger","Dagger Throw+1","Masterful Stab+1","All Out Attack+1","Underhanded Strike+1","Poisoned Stab+1","Riddle With Holes+1","Unload+1","Dash+1","Wraith Form v2+1","Noxious Fumes","Dagger Spray+1","Outmaneuver","Die Die Die+1","Deadly Poison+1","Prepared+1","Doubt","Backstab+1","Wraith Form v2+1","Eviscerate+1","Dash+1","Bullet Time+1","Bouncing Flask+1","Footwork+1","Dramatic Entrance+1","Backstab+1","Decay","Poisoned Stab+1","Bane+1"],"relics":["Ring of the Snake","Molten Egg 2","Pocketwatch","Question Card","Cursed Key","Red Mask","Tingsha","Shuriken","Philosopher\u0027s Stone","Peace Pipe","Darkstone Periapt","Bottled Lightning","Regal Pillow"],"acts_visited":["Exordium","TheCity","TheBeyond"],"potions_floor_usage":[48,50,50],"damage_taken":[{"damage":2.0,"enemies":"Cultist","floor":1.0,"turns":5.0},{"damage":2.0,"enemies":"Jaw Worm","floor":3.0,"turns":3.0},{"damage":0.0,"enemies":"2 Louse","floor":4.0,"turns":2.0},{"damage":8.0,"enemies":"Large Slime","floor":5.0,"turns":5.0},{"damage":11.0,"enemies":"Lagavulin","floor":7.0,"turns":4.0},{"damage":16.0,"enemies":"Gremlin Nob","floor":13.0,"turns":3.0},{"damage":13.0,"enemies":"Exordium Thugs","floor":14.0,"turns":3.0},{"damage":41.0,"enemies":"Hexaghost","floor":16.0,"turns":8.0},{"damage":19.0,"enemies":"2 Thieves","floor":18.0,"turns":3.0},{"damage":0.0,"enemies":"Chosen","floor":19.0,"turns":3.0},{"damage":0.0,"enemies":"Masked Bandits","floor":21.0,"turns":2.0},{"damage":10.0,"enemies":"Centurion and Healer","floor":24.0,"turns":3.0},{"damage":6.0,"enemies":"Book of Stabbing","floor":25.0,"turns":4.0},{"damage":12.0,"enemies":"3 Cultists","floor":27.0,"turns":3.0},{"damage":3.0,"enemies":"Snake Plant","floor":30.0,"turns":3.0},{"damage":58.0,"enemies":"Champ","floor":33.0,"turns":9.0},{"damage":12.0,"enemies":"3 Darklings","floor":35.0,"turns":4.0},{"damage":3.0,"enemies":"2 Orb Walkers","floor":36.0,"turns":5.0},{"damage":3.0,"enemies":"Nemesis","floor":41.0,"turns":5.0},{"damage":7.0,"enemies":"Orb Walker","floor":44.0,"turns":2.0},{"damage":9,"enemies":"Giant Head","floor":48,"turns":8},{"damage":127,"enemies":"Awakened One","floor":50,"turns":12}],"seed_played":"-5873613002582567521","potions_obtained":[{"floor":1.0,"key":"FearPotion"},{"floor":3.0,"key":"FairyPotion"},{"floor":4.0,"key":"DistilledChaos"},{"floor":16.0,"key":"EntropicBrew"},{"floor":19.0,"key":"Poison Potion"},{"floor":24.0,"key":"FearPotion"},{"floor":27.0,"key":"EssenceOfSteel"},{"floor":30.0,"key":"SteroidPotion"},{"floor":33.0,"key":"Weak Potion"},{"floor":36.0,"key":"Strength Potion"},{"floor":41.0,"key":"ColorlessPotion"},{"floor":48,"key":"Fruit Juice"}],"is_trial":false,"path_per_floor":["M","$","M","M","M","R","E","?","T","$","R","$","E","M","R","B",null,"M","M","$","?","$","R","M","E","T","M","?","R","M","$","R","B",null,"M","?","$","$","?","R","E","R","T","M","R","?","R","E","R","B"],"character_chosen":"THE_SILENT","items_purchased":["Molten Egg 2","Dagger Throw+1","Riddle With Holes+1","Die Die Die+1","Dash+1","Footwork"],"campfire_rested":5,"item_purchase_floors":[2,2,10,22,31,38],"current_hp_per_floor":[47,47,45,45,37,58,47,64,64,64,64,64,48,35,56,15,70,51,51,51,51,51,51,41,35,35,23,23,44,41,41,62,4,70,58,55,55,55,55,55,52,52,58,51,51,51,51,42,76,0,0],"gold":222,"neow_bonus":"TWO_FIFTY_GOLD","is_daily":false,"chose_seed":false,"campfire_upgraded":5,"win_rate":0.0,"timestamp":1611555250,"path_taken":["M","$","M","M","?","R","E","?","T","?","R","?","E","M","R","BOSS","M","M","$","?","$","R","M","E","T","M","?","R","M","$","R","BOSS","M","?","?","$","?","R","E","R","T","M","R","?","R","E","R","BOSS"],"items_purchased_type":["Relic","Card","Card","Card","Card","Card"],"build_version":"2020-12-22","purchased_purges":2,"victory":false,"max_hp_per_floor":[70,70,70,70,70,70,70,70,70,70,70,70,70,70,70,70,70,70,70,70,70,70,70,70,70,70,70,70,70,70,70,70,70,70,70,70,70,70,70,70,70,70,76,76,76,76,76,76,76,81,81],"card_choices":[{"not_picked":["Blur","Eviscerate"],"picked":"Cloak And Dagger","floor":1.0},{"not_picked":["Prepared","Blade Dance"],"picked":"Masterful Stab+1","floor":3.0},{"not_picked":["Sucker Punch+1","Bane+1"],"picked":"All Out Attack+1","floor":4.0},{"not_picked":["All Out Attack+1","Dagger Throw+1"],"picked":"Underhanded Strike+1","floor":5.0},{"not_picked":["Deadly Poison","Outmaneuver"],"picked":"Poisoned Stab+1","floor":7.0},{"not_picked":["Outmaneuver","Flechettes+1"],"picked":"Unload+1","floor":13.0},{"not_picked":["Backstab+1","Dodge and Roll","Predator+1"],"picked":"Dash+1","floor":14.0},{"not_picked":["Tools of the Trade","Storm of Steel","Bullet Time"],"picked":"Wraith Form v2","floor":16.0},{"not_picked":["Predator+1","Well Laid Plans+1","PiercingWail+1"],"picked":"Noxious Fumes","floor":18.0},{"not_picked":["Acrobatics","Prepared","PiercingWail+1"],"picked":"Dagger Spray+1","floor":19.0},{"not_picked":["Dagger Throw+1","Prepared","Quick Slash+1"],"picked":"Outmaneuver","floor":21.0},{"not_picked":["Die Die Die+1","Concentrate","Backflip"],"picked":"Deadly Poison+1","floor":24.0},{"not_picked":["All Out Attack+1","Distraction","Sucker Punch+1"],"picked":"Prepared+1","floor":25.0},{"not_picked":["Cloak And Dagger","Sucker Punch+1","Outmaneuver"],"picked":"Backstab+1","floor":27.0},{"not_picked":["Slice+1","Quick Slash+1","Venomology"],"picked":"Eviscerate+1","floor":30.0},{"not_picked":["Venomology","Storm of Steel","Envenom"],"picked":"Bullet Time","floor":33.0},{"not_picked":["All Out Attack+1","Blade Dance","Flying Knee+1","Cloak And Dagger"],"picked":"SKIP","floor":35.0},{"not_picked":["Dash+1","Caltrops","Poisoned Stab+1"],"picked":"Bouncing Flask","floor":36.0},{"not_picked":["Enlightenment","Finesse","Master of Strategy"],"picked":"Dramatic Entrance+1","floor":39.0},{"not_picked":["Dodge and Roll","Acrobatics+1","Outmaneuver"],"picked":"Backstab+1","floor":41.0},{"not_picked":["All Out Attack+1","Flying Knee+1","Dash+1"],"picked":"Poisoned Stab+1","floor":44.0},{"not_picked":["PiercingWail+1","Deadly Poison","Predator+1"],"picked":"Bane+1","floor":48}],"player_experience":765938,"relics_obtained":[{"floor":7.0,"key":"Pocketwatch"},{"floor":13.0,"key":"Question Card"},{"floor":21.0,"key":"Red Mask"},{"floor":25.0,"key":"Tingsha"},{"floor":26.0,"key":"Shuriken"},{"floor":36.0,"key":"Peace Pipe"},{"floor":41.0,"key":"Darkstone Periapt"},{"floor":43.0,"key":"Bottled Lightning"},{"floor":48,"key":"Regal Pillow"}],"event_choices":[{"damage_healed":17.0,"max_hp_gain":0.0,"max_hp_loss":0.0,"gold_gain":0.0,"event_name":"The Cleric","player_choice":"Healed","floor":8.0,"gold_loss":35.0,"damage_taken":0.0},{"damage_healed":0.0,"max_hp_gain":0.0,"max_hp_loss":0.0,"gold_gain":0.0,"event_name":"Masked Bandits","player_choice":"Fought Bandits","floor":21.0,"gold_loss":0.0,"damage_taken":0.0},{"damage_healed":0.0,"max_hp_gain":0.0,"max_hp_loss":0.0,"gold_gain":0.0,"cards_transformed":["Strike_G"],"event_name":"Transmorgrifier","player_choice":"Transformed","floor":28.0,"gold_loss":0.0,"damage_taken":0.0,"cards_obtained":["Wraith Form v2"]},{"damage_healed":0.0,"max_hp_gain":0.0,"max_hp_loss":0.0,"gold_gain":0.0,"event_name":"Mysterious Sphere","player_choice":"Fight","floor":36.0,"gold_loss":0.0,"damage_taken":0.0},{"damage_healed":0.0,"max_hp_gain":0.0,"max_hp_loss":0.0,"gold_gain":0.0,"event_name":"SensoryStone","player_choice":"Memory 1","floor":39.0,"gold_loss":0.0,"damage_taken":0.0},{"cards_removed":["Defend_G"],"damage_healed":0.0,"max_hp_gain":0.0,"max_hp_loss":0.0,"gold_gain":0.0,"event_name":"Falling","player_choice":"Removed Skill","floor":46.0,"gold_loss":0.0,"damage_taken":0.0}],"is_beta":false,"boss_relics":[{"not_picked":["SacredBark","Busted Crown"],"picked":"Cursed Key"},{"not_picked":["Tiny House","SlaversCollar"],"picked":"Philosopher\u0027s Stone"}],"items_purged_floors":[22,31],"is_endless":false,"potions_floor_spawned":[1,3,4,16,19,24,27,30,33,36,41,48],"killed_by":"Awakened One","ascension_level":4}}