{"host":"dzc8cchcquikqbpv","time":1611607125,"event":{"mods":["BaseMod","BetterRewards","Block Reminder","Colored Map","Colored Powertips","Dark Map","Downfall","Fox Events","Good Game Mod","Highlight Path","Infinite Spire","Minty Spire (QoL Compilation)","Permanent Neow","Quick Restart","Rare Cards Sparkle","Replay The Spire","Shop Mod","Spire Arcade","StSLib"],"gold_per_floor":[119,119,119,166,185,210,210,240,266,44,44,61,81,109,109,208,208,225,237,257,532,545,571,571,571,571],"floor_reached":25,"language":"ENG","playtime":1383,"items_purged":[],"score":358,"play_id":"0d364777-93bc-4b2e-b18c-a8b73b46488b","local_time":"20210125203845","is_ascension_mode":true,"campfire_choices":[{"floor":7,"key":"REST"},{"floor":11,"key":"REST"},{"floor":15,"key":"REST"},{"floor":24,"key":"REST"}],"circlet_count":0,"master_deck":["Strike_B+1","Strike_B","Strike_B+1","Strike_B","Defend_B","Defend_B","Defend_B","Defend_B+1","Zap","Dualcast","White Noise+1","Double Energy+1","BasicCrystalCard","BasicCrystalCard","Defragment+1","Beam Cell","Capacitor+1","Leap","Crystallizer","ReplayTheSpireMod:Omega Cannon","Hologram","Mirror Shield","Static Discharge+1","Regret","Hello World+1","Loop"],"relics":["Cracked Core","REME:ComplimentaryCards","WingedGreaves","Gremlin Food","Oddly Smooth Stone","Carrot","War Paint","Orichalcum","ClockworkSouvenir","Bronze Scales","Runic Pyramid","ReplayTheSpireMod:TigerMarble"],"acts_visited":["Exordium","TheCity"],"potions_floor_usage":[8,8,16,23,23,23],"damage_taken":[{"damage":4,"enemies":"2 Louse","floor":1,"turns":3},{"damage":1,"enemies":"Jaw Worm","floor":5,"turns":5},{"damage":24,"enemies":"3 Sentries","floor":6,"turns":7},{"damage":29,"enemies":"Gremlin Nob","floor":8,"turns":5},{"damage":0,"enemies":"Cultist","floor":12,"turns":3},{"damage":0,"enemies":"2 Fungi Beasts","floor":13,"turns":3},{"damage":15,"enemies":"3 Sentries","floor":14,"turns":7},{"damage":50,"enemies":"Fading Forest","floor":16,"turns":11},{"damage":0,"enemies":"Chosen","floor":18,"turns":3},{"damage":13,"enemies":"Shell Parasite","floor":19,"turns":5},{"damage":15,"enemies":"Snake Plant","floor":20,"turns":3},{"damage":15,"enemies":"Cultist and Chosen","floor":22,"turns":4},{"damage":27,"enemies":"Slavers","floor":23,"turns":3},{"damage":32,"enemies":"Nightmare","floor":25,"turns":5}],"seed_played":"4507301934510853633","potions_obtained":[{"floor":1,"key":"Dexterity Potion"},{"floor":6,"key":"infinitespire:BlackPotion"},{"floor":13,"key":"ColorlessPotion"},{"floor":14,"key":"BlessingOfTheForge"},{"floor":19,"key":"AttackPotion"},{"floor":20,"key":"Languid Potion"}],"is_trial":false,"path_per_floor":["M","?","?","T","M","E","R","E","T","$","R","M","M","E","R","B",null,"M","M","M","?","M","E","R","NM"],"character_chosen":"DEFECT","items_purchased":["Lockon+1","Gremlin Food","White Noise","Capacitor","ClockworkSouvenir"],"campfire_rested":4,"item_purchase_floors":[0,0,0,10,10],"current_hp_per_floor":[45,45,45,45,44,20,42,13,13,13,35,35,35,20,42,8,75,75,62,47,47,32,5,27,0,0],"gold":571,"neow_bonus":"","is_daily":false,"chose_seed":false,"campfire_upgraded":0,"win_rate":0.0,"timestamp":1611607125,"path_taken":["M","?","?","?","?","E","R","E","T","$","R","M","M","E","R","BOSS","M","M","M","?","?","E","R","NM"],"items_purchased_type":["Card","Relic","Card","Card","Relic"],"build_version":"2020-12-22","purchased_purges":0,"victory":false,"max_hp_per_floor":[75,75,75,75,75,75,75,75,75,75,75,75,75,75,75,75,75,75,75,75,75,75,75,75,75,75],"card_choices":[{"not_picked":["Crystallizer","Turbo"],"picked":"BasicCrystalCard","floor":1},{"not_picked":["Streamline","Go for the Eyes"],"picked":"BasicCrystalCard","floor":5},{"not_picked":["Undo","Conserve Battery"],"picked":"Defragment","floor":6},{"not_picked":["Go for the Eyes","Tempest"],"picked":"Beam Cell","floor":8},{"not_picked":["Static Discharge","Panic Button"],"picked":"Leap","floor":12},{"not_picked":["ReplayGash","Panic Button","Rebound"],"picked":"SKIP","floor":13},{"not_picked":["Sweeping Beam","ReplayTheSpireMod:Omega Cannon"],"picked":"Crystallizer","floor":14},{"not_picked":["Buffer","Hyperbeam"],"picked":"ReplayTheSpireMod:Omega Cannon","floor":16},{"not_picked":["Auto Shields","BasicCrystalCard"],"picked":"Hologram","floor":18},{"not_picked":["Beam Cell+1","Turbo"],"picked":"Mirror Shield","floor":19},{"not_picked":["BasicCrystalCard+1","Streamline"],"picked":"Static Discharge+1","floor":20},{"not_picked":["FTL","Sunder+1"],"picked":"Hello World+1","floor":22},{"not_picked":["Conserve Battery","Panic Button"],"picked":"Loop","floor":23}],"player_experience":53618,"relics_obtained":[{"floor":4,"key":"Oddly Smooth Stone"},{"floor":6,"key":"Carrot"},{"floor":8,"key":"War Paint"},{"floor":9,"key":"Orichalcum"},{"floor":14,"key":"Bronze Scales"},{"floor":23,"key":"ReplayTheSpireMod:TigerMarble"}],"event_choices":[{"damage_healed":0,"gold_gain":0,"player_choice":"Leave","damage_taken":0,"max_hp_gain":0,"max_hp_loss":0,"event_name":"The Cleric","floor":3,"gold_loss":0},{"damage_healed":0,"gold_gain":275,"player_choice":"Desecrate","damage_taken":0,"max_hp_gain":0,"max_hp_loss":0,"event_name":"Golden Shrine","floor":21,"gold_loss":0,"cards_obtained":["Regret"]}],"is_beta":false,"boss_relics":[{"not_picked":["Empty Cage","Astrolabe"],"picked":"Runic Pyramid"}],"items_purged_floors":[],"is_endless":false,"potions_floor_spawned":[1,6,13,14,19,20,22],"killed_by":"Nightmare","ascension_level":1}}