{"host":"3vhe2wr81aw5r9bm","time":1611537168,"event":{"mods":["AchievementEnabler","BaseMod","Colored Powertips","Hermit","Lobotomy","Minty Spire (QoL Compilation)","Quick Restart","Replay The Spire","StSLib"],"gold_per_floor":[115,135,135,151,171,197,215,215,215],"floor_reached":8,"language":"ENG","playtime":1370,"items_purged":[],"score":63,"play_id":"9916a364-c350-44f4-97d5-0ea270b9babd","local_time":"20210124201248","is_ascension_mode":true,"campfire_choices":[],"circlet_count":0,"master_deck":["hermit:Strike_Hermit","hermit:Strike_Hermit","hermit:Strike_Hermit","hermit:Strike_Hermit","hermit:Defend_Hermit","hermit:Defend_Hermit","hermit:Defend_Hermit","hermit:Defend_Hermit","hermit:Snapshot","hermit:Covet","Scarecrow","hermit:BigShot","SnowQueen","hermit:Vantage","OSAHOGD","hermit:Purgatory","UniverseFragment","hermit:EyeOfTheStorm","CherryBlossoms","Pot Of Greed","Pot Of Greed","hermit:Headshot","BlackSwan","hermit:Dive"],"relics":["hermit:Momento","CogitoBucket","Grinning Jar","SkinProphecy"],"acts_visited":["Exordium"],"potions_floor_usage":[4,5,6,8,8],"damage_taken":[{"damage":7,"enemies":"Small Slimes","floor":1,"turns":3},{"damage":4,"enemies":"Cultist","floor":2,"turns":4},{"damage":8,"enemies":"2 Louse","floor":4,"turns":3},{"damage":10,"enemies":"Large Slime","floor":5,"turns":11},{"damage":46,"enemies":"3 Sentries","floor":6,"turns":15},{"damage":10,"enemies":"Looter","floor":7,"turns":7},{"damage":26,"enemies":"Lagavulin","floor":8,"turns":5}],"seed_played":"1869580958214521658","potions_obtained":[{"floor":3,"key":"ColorlessPotion"},{"floor":3,"key":"FairyPotion"},{"floor":3,"key":"Dexterity Potion"},{"floor":4,"key":"Adrenaline Potion"},{"floor":6,"key":"GamblersBrew"},{"floor":7,"key":"hermit:Tonic"}],"is_trial":false,"path_per_floor":["M","M","?","M","M","E","M","E"],"character_chosen":"HERMIT","items_purchased":[],"campfire_rested":0,"item_purchase_floors":[],"current_hp_per_floor":[68,68,68,60,50,7,25,0,0],"gold":215,"neow_bonus":"","is_daily":false,"chose_seed":false,"campfire_upgraded":0,"win_rate":0.0,"timestamp":1611537168,"path_taken":["M","M","?","M","?","E","?","E"],"items_purchased_type":[],"build_version":"2020-12-22","purchased_purges":0,"victory":false,"max_hp_per_floor":[75,75,75,75,75,75,75,77,77],"card_choices":[{"not_picked":["PunishingBird","Scorched"],"picked":"Scarecrow","floor":1},{"not_picked":["hermit:WideOpen","hermit:Enervate"],"picked":"hermit:BigShot","floor":1},{"not_picked":["ShyLook","BeautyBeast"],"picked":"SnowQueen","floor":2},{"not_picked":["hermit:Misfire","hermit:Dive"],"picked":"hermit:Vantage","floor":2},{"not_picked":["Freischutz","HappyTeddy"],"picked":"OSAHOGD","floor":4},{"not_picked":["hermit:TrackingShot","hermit:FullyLoaded"],"picked":"hermit:Purgatory","floor":4},{"not_picked":["HappyTeddy","GreedKing"],"picked":"UniverseFragment","floor":5},{"not_picked":["hermit:Coalescence","hermit:LowProfile"],"picked":"hermit:EyeOfTheStorm","floor":5},{"not_picked":["BeautyBeast","PunishingBird"],"picked":"CherryBlossoms","floor":6},{"not_picked":["hermit:HighCaliber","hermit:ItchyTrigger"],"picked":"hermit:Headshot","floor":6},{"not_picked":["Variant","MHz"],"picked":"BlackSwan","floor":7},{"not_picked":["hermit:Vantage","hermit:LowProfile"],"picked":"hermit:Dive","floor":7}],"player_experience":330101,"relics_obtained":[{"floor":6,"key":"Grinning Jar"}],"event_choices":[{"damage_healed":0,"gold_gain":0,"player_choice":"Got Potions","damage_taken":0,"max_hp_gain":0,"max_hp_loss":0,"event_name":"Lab","floor":3,"gold_loss":0}],"is_beta":false,"boss_relics":[],"items_purged_floors":[],"is_endless":false,"potions_floor_spawned":[4,6,7],"killed_by":"Lagavulin","ascension_level":1}}