{"host":"p25bz88bsavvfmyg","time":1611613611,"event":{"mods":["BaseMod","Minty Spire (QoL Compilation)","Permanent Neow","StSLib"],"gold_per_floor":[113,123,137,150,168,168,194,194,217,217,252,272,300,313,313,414,414,414,339,119,119,119,119,119,119,119,119,119,119,119,119,119,119,119],"floor_reached":33,"language":"ENG","playtime":1022,"items_purged":["Strike_R"],"score":520,"play_id":"05e1077b-c8c1-4166-952d-47ddcfcd275b","local_time":"20210125232651","is_ascension_mode":true,"campfire_choices":[{"data":"Carnage","floor":6.0,"key":"SMITH"},{"data":"Battle Trance","floor":8.0,"key":"SMITH"},{"data":"Clothesline","floor":10.0,"key":"SMITH"},{"data":"Immolate","floor":15.0,"key":"SMITH"},{"data":"Flame Barrier","floor":24.0,"key":"SMITH"},{"data":"Uppercut","floor":28.0,"key":"SMITH"},{"data":"Flame Barrier","floor":30.0,"key":"SMITH"},{"data":"Reaper","floor":32.0,"key":"SMITH"}],"circlet_count":0,"master_deck":["AscendersBane","Strike_R","Strike_R","Defend_R","Defend_R","Defend_R","Defend_R","Bash","Clothesline+1","Battle Trance+1","Wild Strike","Carnage+1","Shrug It Off","Immolate+1","Shrug It Off","Reaper+1","Flame Barrier+1","Uppercut+1","Flame Barrier+1"],"relics":["Burning Blood","Centennial Puzzle","Blood Vial","Omamori","Ectoplasm","Sling","MutagenicStrength","White Beast Statue","Eternal Feather","Pen Nib","Oddly Smooth Stone"],"acts_visited":["Exordium","TheCity"],"potions_floor_usage":[33,33],"damage_taken":[{"damage":0.0,"enemies":"2 Louse","floor":1.0,"turns":3.0},{"damage":0.0,"enemies":"Small Slimes","floor":2.0,"turns":3.0},{"damage":0.0,"enemies":"Jaw Worm","floor":3.0,"turns":5.0},{"damage":21.0,"enemies":"Exordium Thugs","floor":4.0,"turns":6.0},{"damage":11.0,"enemies":"3 Louse","floor":5.0,"turns":3.0},{"damage":17.0,"enemies":"3 Sentries","floor":7.0,"turns":8.0},{"damage":17.0,"enemies":"Lagavulin","floor":11.0,"turns":5.0},{"damage":9.0,"enemies":"Red Slaver","floor":12.0,"turns":3.0},{"damage":12.0,"enemies":"3 Sentries","floor":13.0,"turns":6.0},{"damage":0.0,"enemies":"Gremlin Gang","floor":14.0,"turns":2.0},{"damage":39.0,"enemies":"Slime Boss","floor":16.0,"turns":9.0},{"damage":0.0,"enemies":"Chosen","floor":18.0,"turns":4.0},{"damage":19.0,"enemies":"Gremlin Leader","floor":23.0,"turns":6.0},{"damage":21.0,"enemies":"3 Byrds","floor":25.0,"turns":3.0},{"damage":4.0,"enemies":"Sentry and Sphere","floor":27.0,"turns":4.0},{"damage":6.0,"enemies":"Book of Stabbing","floor":29.0,"turns":5.0},{"damage":15.0,"enemies":"Slavers","floor":31.0,"turns":4.0},{"damage":123,"enemies":"Champ","floor":33,"turns":9}],"seed_played":"-6924337709467857261","potions_obtained":[{"floor":3.0,"key":"Strength Potion"},{"floor":4.0,"key":"Weak Potion"},{"floor":13.0,"key":"Fruit Juice"},{"floor":14.0,"key":"LiquidBronze"},{"floor":25.0,"key":"GamblersBrew"},{"floor":27.0,"key":"Energy Potion"},{"floor":29.0,"key":"Regen Potion"},{"floor":31.0,"key":"Explosive Potion"}],"is_trial":false,"path_per_floor":["M","M","M","M","M","R","E","R","T","R","E","M","E","M","R","B",null,"M","?","$","?","?","E","R","M","T","M","R","E","R","E","R","B"],"character_chosen":"IRONCLAD","items_purchased":["Sling"],"campfire_rested":0,"item_purchase_floors":[20],"current_hp_per_floor":[78,80,80,65,60,60,49,49,49,49,38,37,33,46,46,15,68,79,79,79,79,79,68,68,64,64,68,77,79,85,76,85,0,0],"gold":119,"neow_bonus":"REMOVE_CARD","is_daily":false,"chose_seed":false,"campfire_upgraded":8,"win_rate":0.0,"timestamp":1611613611,"path_taken":["M","M","M","M","M","R","E","R","T","R","E","M","E","M","R","BOSS","M","?","$","?","?","E","R","M","T","?","R","E","R","E","R","BOSS"],"items_purchased_type":["Relic"],"build_version":"2020-12-22","purchased_purges":1,"victory":false,"max_hp_per_floor":[80,80,80,80,80,80,80,80,80,80,80,80,80,85,85,85,85,85,85,85,85,85,85,85,85,85,85,85,85,85,85,85,85,85],"card_choices":[{"not_picked":["Shrug It Off","Wild Strike"],"picked":"Clothesline","floor":1.0},{"not_picked":["Spot Weakness","Combust"],"picked":"Battle Trance","floor":2.0},{"not_picked":["Warcry","Blood for Blood"],"picked":"Wild Strike","floor":3.0},{"not_picked":["Rupture","Hemokinesis"],"picked":"Carnage","floor":4.0},{"not_picked":["Sword Boomerang","Wild Strike"],"picked":"Shrug It Off","floor":5.0},{"not_picked":["Feel No Pain","Blood for Blood","Havoc"],"picked":"SKIP","floor":7.0},{"not_picked":["True Grit","Wild Strike","Cleave"],"picked":"SKIP","floor":11.0},{"not_picked":["Body Slam","Flex"],"picked":"Immolate","floor":12.0},{"not_picked":["Power Through","Anger","Burning Pact"],"picked":"SKIP","floor":13.0},{"not_picked":["Intimidate","Pummel"],"picked":"Shrug It Off","floor":14.0},{"not_picked":["Fiend Fire","Berserk"],"picked":"Reaper","floor":16.0},{"not_picked":["Shrug It Off","Pommel Strike","Sever Soul"],"picked":"SKIP","floor":18.0},{"not_picked":["Clash","Clothesline","Iron Wave"],"picked":"SKIP","floor":23.0},{"not_picked":["Anger","Rampage","Ghostly Armor"],"picked":"SKIP","floor":25.0},{"not_picked":["Flame Barrier","Shrug It Off+1"],"picked":"Uppercut","floor":27.0},{"not_picked":["Clash","Bludgeon"],"picked":"Flame Barrier","floor":29.0},{"not_picked":["Body Slam","Power Through","Berserk"],"picked":"SKIP","floor":31.0}],"player_experience":483285,"relics_obtained":[{"floor":7.0,"key":"Centennial Puzzle"},{"floor":11.0,"key":"Blood Vial"},{"floor":13.0,"key":"Omamori"},{"floor":23.0,"key":"White Beast Statue"},{"floor":26.0,"key":"Eternal Feather"},{"floor":29.0,"key":"Pen Nib"},{"floor":31.0,"key":"Oddly Smooth Stone"}],"event_choices":[{"cards_removed":["Strike_R"],"damage_healed":0.0,"max_hp_gain":0.0,"max_hp_loss":0.0,"gold_gain":0.0,"event_name":"Beggar","player_choice":"Gave Gold","floor":19.0,"gold_loss":75.0,"damage_taken":0.0},{"damage_healed":0.0,"max_hp_gain":0.0,"max_hp_loss":0.0,"gold_gain":0.0,"event_name":"Drug Dealer","player_choice":"Inject Mutagens","floor":21.0,"gold_loss":0.0,"damage_taken":0.0,"relics_obtained":["MutagenicStrength"]},{"damage_healed":0.0,"max_hp_gain":0.0,"max_hp_loss":0.0,"gold_gain":0.0,"event_name":"The Library","player_choice":"Read","floor":22.0,"gold_loss":0.0,"damage_taken":0.0,"cards_obtained":["Flame Barrier"]}],"is_beta":false,"boss_relics":[{"not_picked":["Busted Crown","SlaversCollar"],"picked":"Ectoplasm"}],"items_purged_floors":[20],"is_endless":false,"potions_floor_spawned":[3,4,7,13,14,16,25,27,29,31],"killed_by":"Champ","ascension_level":12}}