{"host":"lte3xujvwediduij","time":1611600676,"event":{"mods":["Aspiration","BaseMod","Better-Laid Plans","Challenge The Spire","Energized Spire","Minty Spire (QoL Compilation)","Permanent Neow","Replay The Spire","Spicy Shops","StSLib","¡¾ÒÅÎï¿¨ÅÆ¡¿REMEMod","óô»ðÖ¸ÄÏ"],"gold_per_floor":[925,735,769,801,834,834,544,297,324,349,379,379,224,71,71,71],"floor_reached":15,"language":"ZHS","playtime":1941,"items_purged":["ReplayTheSpireMod:Fabricate Wheel"],"score":185,"play_id":"dcefc799-ca35-46b8-a48b-9efd9c69d8db","local_time":"20210126025116","daily_mods":["challengethespire:Bronze Difficulty","challengethespire:Elite Rush","Uncertain Future"],"is_ascension_mode":false,"campfire_choices":[],"circlet_count":0,"master_deck":["Zap","Dualcast","Turbo+1","REME_Shoggoth","Zap","BootSequence","Crystallizer","Lockon","ReplaySolidLightProjector","Coolheaded","Glacier","Self Repair","Static Discharge","Reboot","Rainbow","REME_Whirling","REME_Shoggoth","Defragment"],"relics":["Cracked Core","Black Star","Sling","PreservedInsect","REME_ComplimentaryCards","Geode","Art of War","Regal Pillow","Strawberry","Oddly Smooth Stone","ReplayTheSpireMod:Lightbulb","Nunchaku","Pandora\u0027s Box","Replay:Multitool","Runic Capacitor","Bottled Tornado","Bird Faced Urn","InkBottle","Vajra","Toxic Egg 2","Bag of Marbles","MealTicket","Runic Pyramid","Torii","Membership Card"],"acts_visited":["Exordium"],"potions_floor_usage":[],"damage_taken":[{"damage":13,"enemies":"3 Sentries","floor":3,"turns":5},{"damage":21,"enemies":"Lagavulin","floor":4,"turns":6},{"damage":12,"enemies":"Gremlin Nob","floor":5,"turns":2},{"damage":13,"enemies":"Gremlin Leader","floor":9,"turns":3},{"damage":9,"enemies":"Book of Stabbing","floor":10,"turns":3},{"damage":23,"enemies":"Slavers","floor":11,"turns":3},{"damage":58,"enemies":"Giant Head","floor":15,"turns":8}],"seed_played":"9191540762340018334","potions_obtained":[{"floor":9,"key":"Languid Potion"},{"floor":10,"key":"SkillPotion"},{"floor":11,"key":"FearPotion"}],"is_trial":true,"path_per_floor":["$","$","E","E","E","T","$","$","E","E","E","T","$","$","E"],"character_chosen":"DEFECT","items_purchased":["Turbo+1","Geode","Replay:Multitool","Runic Capacitor","Bottled Tornado","Torii","Membership Card"],"campfire_rested":0,"item_purchase_floors":[2,2,7,7,8,13,14],"current_hp_per_floor":[75,75,62,48,36,36,36,36,30,25,15,15,30,45,0,0],"gold":71,"neow_bonus":"","is_daily":false,"chose_seed":false,"campfire_upgraded":0,"win_rate":0.0,"timestamp":1611600676,"path_taken":["$","$","E","E","E","T","$","$","E","E","E","T","$","$","E"],"items_purchased_type":["Card","Relic","Relic","Relic","Relic","Relic","Relic"],"build_version":"2020-12-22","purchased_purges":1,"victory":false,"max_hp_per_floor":[75,75,75,82,82,82,82,82,82,82,82,82,82,82,82,82],"card_choices":[],"player_experience":40542,"relics_obtained":[{"floor":3,"key":"Art of War"},{"floor":3,"key":"Regal Pillow"},{"floor":4,"key":"Strawberry"},{"floor":4,"key":"Oddly Smooth Stone"},{"floor":5,"key":"ReplayTheSpireMod:Lightbulb"},{"floor":5,"key":"Nunchaku"},{"floor":9,"key":"Bird Faced Urn"},{"floor":9,"key":"InkBottle"},{"floor":10,"key":"Vajra"},{"floor":10,"key":"Toxic Egg 2"},{"floor":11,"key":"Bag of Marbles"},{"floor":11,"key":"MealTicket"}],"event_choices":[],"is_beta":false,"boss_relics":[{"not_picked":["Empty Cage","Replay:Bronze Core"],"picked":"Pandora\u0027s Box"},{"not_picked":["energizedSpire:EnergizedDie","energizedSpire:CursedPentagram"],"picked":"Runic Pyramid"}],"items_purged_floors":[1],"is_endless":false,"potions_floor_spawned":[9,10,11],"killed_by":"Giant Head","ascension_level":0}}