{"host":"7ignn9ecrhg4n0rm","time":1611601368,"event":{"mods":["BaseMod","Minty Spire (QoL Compilation)","Relic Stats","StSLib"],"gold_per_floor":[116,132,132,149,166,166,182,207,258,258,271,282,310,485,485,485,485],"floor_reached":16,"language":"ENG","playtime":708,"items_purged":[],"score":194,"play_id":"297b4fc5-b84f-472d-a1ce-4fa5ceced987","local_time":"20210125110248","is_ascension_mode":true,"campfire_choices":[{"data":"Bouncing Flask","floor":6,"key":"SMITH"},{"data":"Neutralize","floor":10,"key":"SMITH"},{"data":"Bullet Time","floor":15,"key":"SMITH"}],"circlet_count":0,"master_deck":["AscendersBane","Strike_G","Strike_G","Strike_G","Strike_G","Strike_G","Defend_G","Defend_G","Defend_G","Defend_G","Defend_G","Survivor","Neutralize+1","PiercingWail","Caltrops","Bouncing Flask+1","Leg Sweep","Backflip","Corpse Explosion","Bullet Time+1","Doubt"],"relics":["Ring of the Snake","Toy Ornithopter","Snake Skull","Happy Flower","Mummified Hand"],"acts_visited":["Exordium"],"potions_floor_usage":[8,8,13,16],"damage_taken":[{"damage":2,"enemies":"Jaw Worm","floor":1,"turns":5},{"damage":1,"enemies":"Cultist","floor":2,"turns":5},{"damage":2,"enemies":"Small Slimes","floor":4,"turns":5},{"damage":8,"enemies":"2 Fungi Beasts","floor":5,"turns":5},{"damage":6,"enemies":"3 Louse","floor":7,"turns":5},{"damage":21,"enemies":"Gremlin Nob","floor":8,"turns":6},{"damage":3,"enemies":"Looter","floor":11,"turns":4},{"damage":0,"enemies":"Blue Slaver","floor":12,"turns":4},{"damage":17,"enemies":"3 Sentries","floor":13,"turns":3},{"damage":38,"enemies":"Slime Boss","floor":16,"turns":7}],"seed_played":"-2777535433795007287","potions_obtained":[{"floor":5,"key":"EssenceOfSteel"},{"floor":7,"key":"EssenceOfSteel"},{"floor":8,"key":"Dexterity Potion"},{"floor":11,"key":"DuplicationPotion"}],"is_trial":false,"path_per_floor":["M","M","?","M","M","R","M","E","T","R","M","M","E","?","R","B"],"character_chosen":"THE_SILENT","items_purchased":[],"campfire_rested":0,"item_purchase_floors":[],"current_hp_per_floor":[57,56,66,64,56,56,50,39,39,39,36,36,24,24,24,0,0],"gold":485,"neow_bonus":"RANDOM_COMMON_RELIC","is_daily":false,"chose_seed":false,"campfire_upgraded":3,"win_rate":0.0,"timestamp":1611601368,"path_taken":["M","M","?","M","?","R","M","E","T","R","M","M","E","?","R","BOSS"],"items_purchased_type":[],"build_version":"2020-12-22","purchased_purges":0,"victory":false,"max_hp_per_floor":[66,66,66,66,66,66,66,66,66,66,66,66,66,66,66,66,66],"relic_stats":{"Happy Flower":[6],"counters":[10,49],"Mummified Hand":[1],"Snake Skull":[28],"obtain_stats":[{"Happy Flower":9,"Mummified Hand":13,"Snake Skull":8,"Toy Ornithopter":0,"Ring of the Snake":0},{"Happy Flower":6,"Mummified Hand":9,"Snake Skull":6,"Toy Ornithopter":0,"Ring of the Snake":0},{"Happy Flower":31,"Mummified Hand":42,"Snake Skull":31,"Toy Ornithopter":0,"Ring of the Snake":0}],"Toy Ornithopter":20,"Ring of the Snake":[20]},"card_choices":[{"not_picked":["Poisoned Stab","Slice"],"picked":"PiercingWail","floor":1},{"not_picked":["Acrobatics","Underhanded Strike"],"picked":"Caltrops","floor":2},{"not_picked":["Outmaneuver","Poisoned Stab"],"picked":"Bouncing Flask","floor":4},{"not_picked":["Setup","Outmaneuver"],"picked":"Leg Sweep","floor":5},{"not_picked":["Deadly Poison","Setup"],"picked":"Backflip","floor":7},{"not_picked":["PiercingWail","Outmaneuver","Distraction"],"picked":"SKIP","floor":8},{"not_picked":["Footwork","Acrobatics"],"picked":"Corpse Explosion","floor":11},{"not_picked":["Predator","Cloak And Dagger","Bane"],"picked":"SKIP","floor":12},{"not_picked":["Skewer","Concentrate"],"picked":"Bullet Time","floor":13}],"player_experience":237551,"relics_obtained":[{"floor":8,"key":"Snake Skull"},{"floor":9,"key":"Happy Flower"},{"floor":13,"key":"Mummified Hand"}],"event_choices":[{"damage_healed":10,"gold_gain":0,"player_choice":"Full Heal","damage_taken":0,"max_hp_gain":0,"max_hp_loss":0,"event_name":"Wheel of Change","floor":3,"gold_loss":0},{"damage_healed":0,"gold_gain":175,"player_choice":"AGREE","damage_taken":0,"max_hp_gain":0,"max_hp_loss":0,"event_name":"Liars Game","floor":14,"gold_loss":0,"cards_obtained":["Doubt"]}],"is_beta":false,"boss_relics":[],"items_purged_floors":[],"is_endless":false,"potions_floor_spawned":[5,7,8,11],"killed_by":"Slime Boss","ascension_level":14}}