{"host":"iph0xvuia0glosgr","time":1611591813,"event":{"mods":["AchievementEnabler","BaseMod","Minty Spire (QoL Compilation)"],"gold_per_floor":[118,134,150,160,160,188,188,223,273,273,287,299,360,389,389,488,488,512,539,565,577,640,652,681,728,740,461,461,475,390,403,403,507,507,520,530,542,542,542,542,542,103,103,78,88,88,103,151,151,151],"floor_reached":51,"language":"ENG","playtime":3178,"items_purged":["Decay"],"score":781,"play_id":"156765da-90f1-41f1-86f9-8ab36599a9a9","local_time":"20210125162333","is_ascension_mode":false,"campfire_choices":[{"floor":7,"key":"REST"},{"floor":10,"key":"REST"},{"floor":15,"key":"REST"},{"floor":23,"key":"REST"},{"data":"Consume","floor":28,"key":"SMITH"},{"floor":32,"key":"REST"},{"floor":40,"key":"REST"},{"floor":49,"key":"REST"}],"circlet_count":0,"master_deck":["Strike_B+1","Strike_B+1","Strike_B+1","Strike_B+1","Defend_B+1","Defend_B+1","Defend_B+1","Zap+1","Dualcast+1","Streamline+1","Leap+1","Conserve Battery+1","Lockon+1","Doom and Gloom+1","Tempest+1","Ball Lightning+1","Streamline+1","Static Discharge+1","Buffer+1","Capacitor+1","Defragment+1","Barrage+1","Consume+1","Chaos+1","Static Discharge+1","Streamline+1","Thunder Strike+1","Ball Lightning+1","White Noise+1","Lockon+1","Static Discharge+1","Streamline+1","Ball Lightning+1"],"relics":["Cracked Core","FossilizedHelix","MealTicket","Singing Bowl","Bronze Scales","Omamori","Meat on the Bone","Odd Mushroom","Calling Bell","MawBank","InkBottle","Peace Pipe","Necronomicon","Akabeko","Pear","Bottled Lightning","DataDisk","Nuclear Battery","Question Card","PreservedInsect","HornCleat","Mark of the Bloom","Lantern"],"acts_visited":["Exordium","TheCity","TheBeyond"],"potions_floor_usage":[6,13,16,18,19,19,24,33,33,33,41,45,50,50,50],"damage_taken":[{"damage":0,"enemies":"Cultist","floor":1,"turns":4},{"damage":0,"enemies":"Jaw Worm","floor":2,"turns":2},{"damage":7,"enemies":"2 Louse","floor":3,"turns":2},{"damage":7,"enemies":"Blue Slaver","floor":4,"turns":3},{"damage":23,"enemies":"Lagavulin","floor":6,"turns":6},{"damage":31,"enemies":"Gremlin Nob","floor":8,"turns":5},{"damage":0,"enemies":"Exordium Thugs","floor":11,"turns":4},{"damage":0,"enemies":"Looter","floor":12,"turns":2},{"damage":14,"enemies":"Lagavulin Event","floor":13,"turns":3},{"damage":9,"enemies":"The Mushroom Lair","floor":14,"turns":3},{"damage":0,"enemies":"Slime Boss","floor":16,"turns":5},{"damage":15,"enemies":"2 Thieves","floor":18,"turns":3},{"damage":0,"enemies":"Spheric Guardian","floor":19,"turns":3},{"damage":28,"enemies":"Snake Plant","floor":20,"turns":4},{"damage":17,"enemies":"3 Cultists","floor":24,"turns":5},{"damage":0,"enemies":"Gremlin Leader","floor":25,"turns":6},{"damage":0,"enemies":"Snecko","floor":29,"turns":4},{"damage":8,"enemies":"Cultist and Chosen","floor":31,"turns":3},{"damage":21,"enemies":"Collector","floor":33,"turns":7},{"damage":0,"enemies":"3 Shapes","floor":35,"turns":1},{"damage":14,"enemies":"3 Darklings","floor":36,"turns":3},{"damage":19,"enemies":"4 Shapes","floor":37,"turns":2},{"damage":0,"enemies":"Transient","floor":41,"turns":1},{"damage":11,"enemies":"3 Darklings","floor":45,"turns":4},{"damage":0,"enemies":"Spire Growth","floor":47,"turns":3},{"damage":72,"enemies":"Awakened One","floor":50,"turns":8}],"seed_played":"-4282305902993381789","potions_obtained":[{"floor":3,"key":"SkillPotion"},{"floor":6,"key":"FocusPotion"},{"floor":11,"key":"Energy Potion"},{"floor":12,"key":"Regen Potion"},{"floor":16,"key":"ColorlessPotion"},{"floor":18,"key":"AttackPotion"},{"floor":20,"key":"Explosive Potion"},{"floor":25,"key":"FearPotion"},{"floor":35,"key":"SmokeBomb"},{"floor":45,"key":"Dexterity Potion"},{"floor":47,"key":"AttackPotion"}],"is_trial":false,"path_per_floor":["M","M","M","M","T","E","R","E","T","R","M","M","?","?","R","B",null,"M","M","M","?","T","R","M","E","T","$","R","M","?","M","R","B",null,"M","M","M","?","T","R","M","$","T","$","M","?","M","T","R","B",null],"character_chosen":"DEFECT","items_purchased":["Chaos","Static Discharge","PowerPotion","Strength Potion","PreservedInsect","Lockon","Energy Potion","ColorlessPotion","Strength Potion","Static Discharge","Streamline"],"campfire_rested":7,"item_purchase_floors":[27,27,27,27,42,42,42,42,42,42,44],"current_hp_per_floor":[75,75,68,61,61,38,60,29,29,51,51,53,44,47,70,70,77,64,64,48,32,32,55,50,60,60,75,75,77,77,69,91,70,91,93,79,60,60,60,87,87,93,93,93,84,84,84,84,84,12],"gold":151,"neow_bonus":"ONE_RARE_RELIC","is_daily":false,"chose_seed":false,"campfire_upgraded":1,"win_rate":0.0,"timestamp":1611591813,"path_taken":["M","M","?","M","?","E","R","E","T","R","M","M","?","?","R","BOSS","M","M","M","?","?","R","M","E","T","$","R","M","?","M","R","BOSS","M","M","M","?","?","R","M","$","T","$","M","?","M","?","R","BOSS"],"items_purchased_type":["Card","Card","Potion","Potion","Relic","Card","Potion","Potion","Potion","Card","Card"],"build_version":"2020-12-22","purchased_purges":1,"victory":true,"max_hp_per_floor":[75,75,75,75,75,75,75,75,75,75,75,77,77,77,77,77,77,79,79,79,79,79,79,79,89,89,89,89,91,91,91,91,91,91,93,93,93,93,93,93,93,93,93,93,95,95,95,95,95,95],"card_choices":[{"not_picked":["Undo","Leap"],"picked":"Streamline","floor":1},{"not_picked":["Coolheaded","Melter"],"picked":"Leap","floor":2},{"not_picked":["Go for the Eyes","FTL"],"picked":"Conserve Battery","floor":3},{"not_picked":["Force Field","Redo"],"picked":"Lockon","floor":4},{"not_picked":["Force Field","Scrape"],"picked":"Doom and Gloom","floor":6},{"not_picked":["Sunder","Cold Snap"],"picked":"Tempest","floor":8},{"not_picked":["Leap","Reinforced Body"],"picked":"Ball Lightning","floor":11},{"not_picked":["Redo","Hologram","Undo"],"picked":"Singing Bowl","floor":12},{"not_picked":["Glacier","Ball Lightning"],"picked":"Streamline","floor":13},{"not_picked":["Reboot","Steam"],"picked":"Static Discharge","floor":14},{"not_picked":["Creative AI","Seek"],"picked":"Buffer","floor":16},{"not_picked":["Hologram","Turbo","Steam Power"],"picked":"Singing Bowl","floor":18},{"not_picked":["Heatsinks+1","White Noise"],"picked":"Capacitor","floor":19},{"not_picked":["Cold Snap+1","Coolheaded"],"picked":"Defragment","floor":20},{"not_picked":["Streamline","Conserve Battery"],"picked":"Barrage+1","floor":24},{"not_picked":["Stack","Ball Lightning"],"picked":"Consume","floor":25},{"not_picked":["Go for the Eyes","All For One","Hologram"],"picked":"Singing Bowl","floor":29},{"not_picked":["Gash","Double Energy"],"picked":"Streamline","floor":31},{"not_picked":["Hyperbeam","Buffer"],"picked":"Thunder Strike","floor":33},{"not_picked":["Hologram+1","Darkness+1","Blizzard"],"picked":"Singing Bowl","floor":35},{"not_picked":["Beam Cell","Hologram"],"picked":"Ball Lightning","floor":36},{"not_picked":["Sweeping Beam","Fusion"],"picked":"White Noise","floor":37},{"not_picked":["Steam","Fusion","Barrage","Beam Cell"],"picked":"Singing Bowl","floor":45},{"not_picked":["Hologram+1","Consume","Leap+1"],"picked":"Ball Lightning+1","floor":47}],"player_experience":252561,"relics_obtained":[{"floor":5,"key":"MealTicket"},{"floor":6,"key":"Singing Bowl"},{"floor":8,"key":"Bronze Scales"},{"floor":9,"key":"Omamori"},{"floor":13,"key":"Meat on the Bone"},{"floor":14,"key":"Odd Mushroom"},{"floor":17,"key":"MawBank"},{"floor":17,"key":"InkBottle"},{"floor":17,"key":"Peace Pipe"},{"floor":21,"key":"Necronomicon"},{"floor":22,"key":"Akabeko"},{"floor":25,"key":"Pear"},{"floor":26,"key":"Bottled Lightning"},{"floor":39,"key":"Question Card"},{"floor":43,"key":"HornCleat"},{"floor":48,"key":"Lantern"}],"event_choices":[{"damage_healed":0,"gold_gain":0,"player_choice":"Searched \u00272\u0027 times","damage_taken":0,"max_hp_gain":0,"max_hp_loss":0,"event_name":"Dead Adventurer","floor":13,"gold_loss":0},{"damage_healed":0,"gold_gain":0,"player_choice":"Fought Mushrooms","damage_taken":0,"max_hp_gain":0,"max_hp_loss":0,"event_name":"Mushrooms","floor":14,"gold_loss":0},{"damage_healed":0,"gold_gain":0,"player_choice":"Obtained Book","damage_taken":16,"max_hp_gain":0,"max_hp_loss":0,"event_name":"Cursed Tome","floor":21,"gold_loss":0},{"damage_healed":0,"gold_gain":0,"player_choice":"Obtained Relic","damage_taken":0,"relics_obtained":["DataDisk"],"max_hp_gain":0,"max_hp_loss":0,"event_name":"Addict","floor":30,"gold_loss":85},{"cards_removed":["Defend_B"],"damage_healed":0,"gold_gain":0,"player_choice":"Removed Skill","damage_taken":0,"max_hp_gain":0,"max_hp_loss":0,"event_name":"Falling","floor":38,"gold_loss":0},{"damage_healed":0,"gold_gain":0,"player_choice":"Upgrade","damage_taken":0,"relics_obtained":["Mark of the Bloom"],"max_hp_gain":0,"max_hp_loss":0,"event_name":"MindBloom","floor":46,"gold_loss":0,"cards_upgraded":["Strike_B","Strike_B","Strike_B","Strike_B","Defend_B","Defend_B","Defend_B","Zap","Dualcast","Streamline","Leap","Conserve Battery","Lockon","Doom and Gloom","Tempest","Ball Lightning","Streamline","Static Discharge","Buffer","Capacitor","Defragment","Chaos","Static Discharge","Streamline","Thunder Strike","Ball Lightning","White Noise","Lockon","Static Discharge","Streamline"]}],"is_beta":false,"boss_relics":[{"not_picked":["Velvet Choker","Runic Dome"],"picked":"Calling Bell"},{"not_picked":["Coffee Dripper","Snecko Eye"],"picked":"Nuclear Battery"}],"items_purged_floors":[27],"is_endless":false,"potions_floor_spawned":[3,6,11,12,16,18,20,25,35,41,45,47],"ascension_level":0}}