{"host":"kg61lsvem4dxoat8","time":1611580370,"event":{"mods":["BaseMod","Colored Powertips","Minty Spire (QoL Compilation)","Quick Restart","Rare Cards Sparkle","Relic Stats","slay the spire mod where everything is the same but ironclad has a cowboy hat"],"gold_per_floor":[114,114,129,129,129,161,161,177,204,279,289,14,14,14,14,92,92,112,112,123,73,84,84,102,120,120,120,130,80,105,116,116,116,116],"floor_reached":33,"language":"ENG","playtime":1046,"items_purged":["Strike_G","Flechettes","Defend_G"],"score":528,"play_id":"4c6d6c8d-e70a-44ac-84e2-a5b74a7ccb57","local_time":"20210125211250","is_ascension_mode":true,"campfire_choices":[{"data":"Adrenaline","floor":7,"key":"SMITH"},{"data":"Accuracy","floor":13,"key":"SMITH"},{"data":"Terror","floor":15,"key":"SMITH"},{"data":"Envenom","floor":23,"key":"SMITH"},{"data":"Bite","floor":27,"key":"SMITH"},{"data":"Footwork","floor":32,"key":"SMITH"}],"circlet_count":0,"master_deck":["AscendersBane","Defend_G","Defend_G","Defend_G","Survivor","Neutralize","Blade Dance+1","Footwork+1","Backflip","Adrenaline+1","Terror+1","Deflect","Accuracy+1","Envenom+1","Backflip","Bite+1","Bite","Bite","Bite","Bite","Footwork","Calculated Gamble","PiercingWail"],"relics":["Ring of the Snake","Mercury Hourglass","Strawberry","Smiling Mask","Coffee Dripper","Centennial Puzzle","Red Mask"],"acts_visited":["Exordium","TheCity"],"potions_floor_usage":[6,6,18,22,22,30,33],"damage_taken":[{"damage":4,"enemies":"Jaw Worm","floor":1,"turns":5},{"damage":0,"enemies":"2 Louse","floor":3,"turns":4},{"damage":0,"enemies":"Gremlin Nob","floor":6,"turns":2},{"damage":0,"enemies":"Small Slimes","floor":8,"turns":2},{"damage":6,"enemies":"Blue Slaver","floor":11,"turns":3},{"damage":6,"enemies":"Slime Boss","floor":16,"turns":5},{"damage":2,"enemies":"2 Thieves","floor":18,"turns":4},{"damage":6,"enemies":"Shell Parasite","floor":20,"turns":4},{"damage":41,"enemies":"Chosen and Byrds","floor":22,"turns":6},{"damage":6,"enemies":"Snake Plant","floor":24,"turns":5},{"damage":16,"enemies":"Sentry and Sphere","floor":25,"turns":7},{"damage":5,"enemies":"Shelled Parasite and Fungi","floor":28,"turns":6},{"damage":4,"enemies":"Masked Bandits","floor":30,"turns":3},{"damage":0,"enemies":"Snake Plant","floor":31,"turns":4},{"damage":80,"enemies":"Collector","floor":33,"turns":5}],"seed_played":"-5676035082432723561","potions_obtained":[{"floor":1,"key":"Fire Potion"},{"floor":3,"key":"Strength Potion"},{"floor":18,"key":"BlessingOfTheForge"},{"floor":25,"key":"Swift Potion"},{"floor":28,"key":"Dexterity Potion"}],"is_trial":false,"path_per_floor":["M","?","M","?","T","E","R","M","T","?","M","$","R","$","R","B",null,"M","?","M","$","M","R","M","M","T","R","M","$","?","M","R","B"],"character_chosen":"THE_SILENT","items_purchased":["Accuracy","PowerPotion","CunningPotion"],"campfire_rested":0,"item_purchase_floors":[12,12,12],"current_hp_per_floor":[55,60,60,60,60,67,67,67,67,56,50,50,50,50,50,44,65,63,50,50,50,11,11,11,11,11,11,22,22,28,37,37,0,0],"gold":116,"neow_bonus":"TRANSFORM_TWO_CARDS","is_daily":false,"chose_seed":false,"campfire_upgraded":6,"win_rate":0.0,"timestamp":1611580370,"path_taken":["M","?","M","?","?","E","R","M","T","?","M","$","R","$","R","BOSS","M","?","M","$","M","R","M","M","T","R","M","$","?","M","R","BOSS"],"items_purchased_type":["Card","Potion","Potion"],"build_version":"2020-12-22","purchased_purges":3,"victory":false,"max_hp_per_floor":[60,65,65,65,65,72,72,72,72,72,72,72,72,72,72,72,72,72,50,50,50,50,50,50,50,50,50,50,50,50,50,50,50,50],"relic_stats":{"Centennial Puzzle":[9],"counters":[15,64],"Smiling Mask":150,"obtain_stats":[{"Centennial Puzzle":26,"Strawberry":6,"Coffee Dripper":17,"Red Mask":30,"Smiling Mask":9,"Ring of the Snake":0,"Mercury Hourglass":5},{"Centennial Puzzle":11,"Strawberry":3,"Coffee Dripper":6,"Red Mask":13,"Smiling Mask":4,"Ring of the Snake":0,"Mercury Hourglass":2},{"Centennial Puzzle":46,"Strawberry":11,"Coffee Dripper":21,"Red Mask":55,"Smiling Mask":13,"Ring of the Snake":0,"Mercury Hourglass":9}],"Ring of the Snake":[30],"Mercury Hourglass":[178]},"card_choices":[{"not_picked":["Terror","Bane"],"picked":"Footwork","floor":1},{"not_picked":["Underhanded Strike","Sucker Punch"],"picked":"Backflip","floor":3},{"not_picked":["Underhanded Strike","Footwork"],"picked":"Adrenaline","floor":6},{"not_picked":["Bane","Noxious Fumes"],"picked":"Terror","floor":8},{"not_picked":["Deadly Poison","Underhanded Strike"],"picked":"Deflect","floor":11},{"not_picked":["Malaise","Storm of Steel"],"picked":"Envenom","floor":16},{"not_picked":["Sucker Punch","Backstab"],"picked":"Backflip","floor":18},{"not_picked":["Predator","Finisher","Catalyst+1"],"picked":"SKIP","floor":20},{"not_picked":["Dagger Spray+1","Reflex","Prepared"],"picked":"SKIP","floor":22},{"not_picked":["Flying Knee+1","Quick Slash"],"picked":"Footwork","floor":24},{"not_picked":["Acrobatics+1","Finisher","Concentrate"],"picked":"SKIP","floor":25},{"not_picked":["Leg Sweep","Deadly Poison"],"picked":"Calculated Gamble","floor":28},{"not_picked":["Skewer","Cloak And Dagger"],"picked":"PiercingWail","floor":31}],"player_experience":1395052,"relics_obtained":[{"floor":5,"key":"Mercury Hourglass"},{"floor":6,"key":"Strawberry"},{"floor":9,"key":"Smiling Mask"},{"floor":26,"key":"Centennial Puzzle"},{"floor":30,"key":"Red Mask"}],"event_choices":[{"damage_healed":0,"gold_gain":0,"player_choice":"Donut","damage_taken":0,"max_hp_gain":5,"max_hp_loss":0,"event_name":"Big Fish","floor":2,"gold_loss":0},{"damage_healed":0,"gold_gain":0,"player_choice":"Grow","damage_taken":0,"max_hp_gain":0,"max_hp_loss":0,"event_name":"Living Wall","floor":4,"gold_loss":0,"cards_upgraded":["Blade Dance"]},{"damage_healed":0,"gold_gain":75,"player_choice":"Gather Gold","damage_taken":11,"max_hp_gain":0,"max_hp_loss":0,"event_name":"World of Goop","floor":10,"gold_loss":0},{"damage_healed":0,"gold_gain":0,"player_choice":"Became a vampire","damage_taken":0,"max_hp_gain":0,"max_hp_loss":22,"event_name":"Vampires","floor":19,"gold_loss":0,"cards_obtained":["Bite","Bite","Bite","Bite","Bite"]},{"damage_healed":0,"gold_gain":0,"player_choice":"Fought Bandits","damage_taken":0,"max_hp_gain":0,"max_hp_loss":0,"event_name":"Masked Bandits","floor":30,"gold_loss":0}],"is_beta":false,"boss_relics":[{"not_picked":["Snecko Eye","Pandora\u0027s Box"],"picked":"Coffee Dripper"}],"items_purged_floors":[12,21,29],"is_endless":false,"potions_floor_spawned":[1,3,16,18,25,28],"killed_by":"Collector","ascension_level":17}}