{"host":"s3s7xsmblwiz356v","time":1611617736,"event":{"mods":["AchievementEnabler","BaseMod","Block Reminder","Colored Map","Colored Powertips","Minty Spire (QoL Compilation)"],"gold_per_floor":[369,369,380,398,413,413,427,471,471,471,95,95,134,166,178,271,283,309,330,342,363,402,414,426,426],"floor_reached":24,"language":"ENG","playtime":1558,"items_purged":["Strike_B"],"score":381,"play_id":"69663dc7-558c-4ae4-95a4-ae58bb142ee7","local_time":"20210125183536","is_ascension_mode":true,"campfire_choices":[{"data":"Rip and Tear","floor":6,"key":"SMITH"},{"data":"Hologram","floor":10,"key":"SMITH"},{"data":"Go for the Eyes","floor":15,"key":"SMITH"},{"floor":23,"key":"REST"}],"circlet_count":0,"master_deck":["AscendersBane","Strike_B","Strike_B","Defend_B","Defend_B","Defend_B","Defend_B","Zap","Dualcast","Genetic Algorithm","Go for the Eyes+1","Hologram+1","Rip and Tear+1","Doom and Gloom","Ball Lightning","Loop+1","BootSequence","Seek","Writhe","Doom and Gloom","Steam+1"],"relics":["Cracked Core","CeramicFish","Art of War","Cables","MawBank","Black Star","Mummified Hand"],"acts_visited":["Exordium","TheCity"],"potions_floor_usage":[8,8,13,24],"damage_taken":[{"damage":1,"enemies":"Cultist","floor":1,"turns":3},{"damage":3,"enemies":"Jaw Worm","floor":3,"turns":4},{"damage":9,"enemies":"Small Slimes","floor":4,"turns":3},{"damage":19,"enemies":"3 Louse","floor":5,"turns":4},{"damage":1,"enemies":"Looter","floor":7,"turns":3},{"damage":8,"enemies":"Lagavulin","floor":8,"turns":7},{"damage":6,"enemies":"3 Sentries","floor":13,"turns":6},{"damage":11,"enemies":"Gremlin Gang","floor":14,"turns":4},{"damage":1,"enemies":"Hexaghost","floor":16,"turns":7},{"damage":18,"enemies":"2 Thieves","floor":18,"turns":4},{"damage":18,"enemies":"Shell Parasite","floor":22,"turns":5},{"damage":44,"enemies":"Slavers","floor":24,"turns":4}],"seed_played":"-1305896187830300128","potions_obtained":[{"floor":1,"key":"SteroidPotion"},{"floor":5,"key":"Energy Potion"},{"floor":8,"key":"Block Potion"},{"floor":14,"key":"Explosive Potion"}],"is_trial":false,"path_per_floor":["M","?","M","M","M","R","M","E","T","R","$","?","E","M","R","B",null,"M","?","?","?","M","R","E"],"character_chosen":"DEFECT","items_purchased":["Cables","Loop"],"campfire_rested":1,"item_purchase_floors":[11,11],"current_hp_per_floor":[63,68,65,56,37,37,36,28,28,28,28,28,22,11,11,10,54,36,36,36,36,18,38,0,0],"gold":426,"neow_bonus":"TWO_FIFTY_GOLD","is_daily":false,"chose_seed":false,"campfire_upgraded":3,"win_rate":0.0,"timestamp":1611617736,"path_taken":["M","?","M","M","M","R","M","E","T","R","$","?","E","M","R","BOSS","M","?","?","?","?","R","E"],"items_purchased_type":["Relic","Card"],"build_version":"2020-12-22","purchased_purges":1,"victory":false,"max_hp_per_floor":[64,69,69,69,69,69,69,69,69,69,69,69,69,69,69,69,69,69,69,69,69,69,69,69,69],"card_choices":[{"not_picked":["Cold Snap","Streamline"],"picked":"Genetic Algorithm","floor":1},{"not_picked":["Loop","Lockon"],"picked":"Go for the Eyes","floor":3},{"not_picked":["Leap","Coolheaded"],"picked":"Hologram","floor":4},{"not_picked":["Leap","Stack"],"picked":"Rip and Tear","floor":5},{"not_picked":["Go for the Eyes","Sweeping Beam"],"picked":"Doom and Gloom","floor":7},{"not_picked":["Steam Power","Heatsinks"],"picked":"Ball Lightning","floor":8},{"not_picked":["Coolheaded","All For One"],"picked":"BootSequence","floor":13},{"not_picked":["Leap","Go for the Eyes","Turbo"],"picked":"SKIP","floor":14},{"not_picked":["Core Surge","Meteor Strike"],"picked":"Seek","floor":16},{"not_picked":["Gash","Sweeping Beam","Reprogram"],"picked":"SKIP","floor":18},{"not_picked":["Redo","Conserve Battery"],"picked":"Steam+1","floor":22}],"player_experience":503970,"relics_obtained":[{"floor":8,"key":"CeramicFish"},{"floor":9,"key":"Art of War"},{"floor":13,"key":"MawBank"}],"event_choices":[{"damage_healed":0,"gold_gain":0,"player_choice":"Donut","damage_taken":0,"max_hp_gain":5,"max_hp_loss":0,"event_name":"Big Fish","floor":2,"gold_loss":0},{"damage_healed":0,"gold_gain":0,"player_choice":"Grow","damage_taken":0,"max_hp_gain":0,"max_hp_loss":0,"event_name":"Living Wall","floor":12,"gold_loss":0,"cards_upgraded":["Loop"]},{"damage_healed":0,"gold_gain":0,"player_choice":"Opened","damage_taken":0,"relics_obtained":["Mummified Hand"],"max_hp_gain":0,"max_hp_loss":0,"event_name":"The Mausoleum","floor":19,"gold_loss":0,"cards_obtained":["Writhe"]},{"damage_healed":0,"gold_gain":0,"player_choice":"Ignored","damage_taken":0,"max_hp_gain":0,"max_hp_loss":0,"event_name":"Vampires","floor":20,"gold_loss":0},{"damage_healed":0,"gold_gain":0,"cards_transformed":["Strike_B"],"player_choice":"Transformed","damage_taken":0,"max_hp_gain":0,"max_hp_loss":0,"event_name":"Transmorgrifier","floor":21,"gold_loss":0,"cards_obtained":["Doom and Gloom"]}],"is_beta":false,"boss_relics":[{"not_picked":["Snecko Eye","Empty Cage"],"picked":"Black Star"}],"items_purged_floors":[11],"is_endless":false,"potions_floor_spawned":[1,5,7,8,14],"killed_by":"Slavers","ascension_level":17}}