{"host":"qgrlfjrqk9z96gfi","time":1611545282,"event":{"mods":["BaseMod","Block Reminder","Colored Map","Custom Start","DeckTracker","Minty Spire (QoL Compilation)"],"gold_per_floor":[118,193,79,93,6,6,40,190,190,190,190,190,215,234,234,234,234],"floor_reached":16,"language":"ENG","playtime":298,"items_purged":["Strike_G"],"score":262,"play_id":"a8bab7bd-686c-4e4e-9df2-3c1ebff9942e","local_time":"20210124172802","is_ascension_mode":true,"campfire_choices":[{"data":"Predator","floor":6,"key":"SMITH"},{"floor":12,"key":"REST"},{"floor":15,"key":"REST"}],"circlet_count":0,"master_deck":["AscendersBane","Strike_G+1","Strike_G","Strike_G","Strike_G","Defend_G","Defend_G","Defend_G","Defend_G","Defend_G","Survivor","Neutralize","Sucker Punch","Backstab","Die Die Die","Predator+1","Acrobatics+1","Doubt","Tools of the Trade","Heel Hook"],"relics":["Ring of the Snake","NeowsBlessing","Nunchaku","Kunai","Ornamental Fan"],"acts_visited":["Exordium"],"potions_floor_usage":[16,16],"damage_taken":[{"damage":0,"enemies":"Cultist","floor":1,"turns":1},{"damage":0,"enemies":"Jaw Worm","floor":4,"turns":1},{"damage":0,"enemies":"3 Sentries","floor":7,"turns":1},{"damage":45,"enemies":"Lagavulin","floor":13,"turns":8},{"damage":2,"enemies":"Small Slimes","floor":14,"turns":3},{"damage":27,"enemies":"Slime Boss","floor":16,"turns":6}],"seed_played":"1661343894135199312","potions_obtained":[{"floor":7,"key":"GamblersBrew"},{"floor":14,"key":"BlessingOfTheForge"}],"is_trial":false,"path_per_floor":["M","?","$","M","$","R","E","?","T","?","?","R","E","M","R","B"],"character_chosen":"THE_SILENT","items_purchased":["Backstab","Predator"],"campfire_rested":2,"item_purchase_floors":[3,5],"current_hp_per_floor":[59,48,48,48,48,48,48,48,48,53,32,53,8,6,27,0,0],"gold":234,"neow_bonus":"THREE_ENEMY_KILL","is_daily":false,"chose_seed":false,"campfire_upgraded":1,"win_rate":0.0,"timestamp":1611545282,"path_taken":["M","?","$","M","$","R","E","?","T","?","?","R","E","M","R","BOSS"],"items_purchased_type":["Card","Card"],"build_version":"2020-12-22","purchased_purges":1,"victory":false,"max_hp_per_floor":[66,66,66,66,66,66,66,66,66,71,71,71,71,71,71,71,71],"card_choices":[{"not_picked":["Backflip","PiercingWail"],"picked":"Sucker Punch","floor":1},{"not_picked":["Underhanded Strike","Deflect"],"picked":"Die Die Die","floor":4},{"not_picked":["Deflect","Distraction"],"picked":"Acrobatics","floor":7},{"not_picked":["Expertise","Skewer"],"picked":"Tools of the Trade","floor":13},{"not_picked":["PiercingWail","All Out Attack"],"picked":"Heel Hook","floor":14}],"player_experience":1062075,"relics_obtained":[{"floor":7,"key":"Nunchaku"},{"floor":9,"key":"Kunai"},{"floor":13,"key":"Ornamental Fan"}],"event_choices":[{"damage_healed":0,"gold_gain":75,"player_choice":"Gather Gold","damage_taken":11,"max_hp_gain":0,"max_hp_loss":0,"event_name":"World of Goop","floor":2,"gold_loss":0},{"damage_healed":0,"gold_gain":150,"player_choice":"AGREE","damage_taken":0,"max_hp_gain":0,"max_hp_loss":0,"event_name":"Liars Game","floor":8,"gold_loss":0,"cards_obtained":["Doubt"]},{"damage_healed":0,"gold_gain":0,"player_choice":"Donut","damage_taken":0,"max_hp_gain":5,"max_hp_loss":0,"event_name":"Big Fish","floor":10,"gold_loss":0},{"damage_healed":0,"gold_gain":0,"player_choice":"Entered Light","damage_taken":21,"max_hp_gain":0,"max_hp_loss":0,"event_name":"Shining Light","floor":11,"gold_loss":0,"cards_upgraded":["Acrobatics","Strike_G"]}],"is_beta":false,"boss_relics":[],"items_purged_floors":[3],"is_endless":false,"potions_floor_spawned":[7,14],"killed_by":"Slime Boss","ascension_level":20}}