{"host":"vyjryxuuuxkt43k4","time":1611536842,"event":{"mods":["AchievementEnabler","BaseMod","Colored Map","DeckTracker","Keyboard Shortcuts","Minty Spire (QoL Compilation)","Permanent Neow","Quick Restart","Rare Cards Sparkle","StSLib","SuperFastMode","everything is the same but u backflip on backflip"],"gold_per_floor":[20,33,49,68,79,79,114,114,137,88,113,36,136,148,148,245,245,255,255,267,23,23,23,43,43,43,53,53,69,81,151,151,151,151],"floor_reached":33,"language":"KOR","playtime":1591,"items_purged":[],"score":405,"play_id":"e3cb8405-6ecc-4dd1-a2ac-d90accc41ece","local_time":"20210125100722","is_ascension_mode":true,"campfire_choices":[{"data":"Caltrops","floor":6,"key":"SMITH"},{"data":"Dagger Spray","floor":8,"key":"SMITH"},{"floor":15,"key":"REST"},{"floor":23,"key":"REST"},{"floor":25,"key":"REST"},{"floor":28,"key":"REST"},{"floor":32,"key":"REST"}],"circlet_count":0,"master_deck":["AscendersBane","Strike_G","Strike_G","Strike_G","Strike_G","Strike_G","Defend_G","Defend_G","Defend_G","Defend_G","Defend_G","Survivor","Neutralize","Secret Weapon","Flying Knee","Blade Dance","Cloak And Dagger","Footwork","Caltrops+1","Dagger Spray+1","Crippling Poison","Deadly Poison","Die Die Die","Dodge and Roll","Accuracy+1","Backflip","Infinite Blades","Terror+1","Finisher","PiercingWail","Dodge and Roll+1","A Thousand Cuts"],"relics":["Ring of the Snake","Shuriken","Regal Pillow","PreservedInsect","WristBlade","Happy Flower","SsserpentHead","Smiling Mask"],"acts_visited":["Exordium","TheCity"],"potions_floor_usage":[5,11,11,16,16,27,33,33],"damage_taken":[{"damage":1,"enemies":"Cultist","floor":1,"turns":6},{"damage":0,"enemies":"Small Slimes","floor":2,"turns":4},{"damage":0,"enemies":"2 Louse","floor":3,"turns":2},{"damage":12,"enemies":"Gremlin Gang","floor":4,"turns":7},{"damage":0,"enemies":"Looter","floor":5,"turns":4},{"damage":15,"enemies":"Lagavulin","floor":7,"turns":10},{"damage":19,"enemies":"Gremlin Nob","floor":11,"turns":5},{"damage":4,"enemies":"Lots of Slimes","floor":14,"turns":2},{"damage":43,"enemies":"The Guardian","floor":16,"turns":11},{"damage":22,"enemies":"Shell Parasite","floor":18,"turns":6},{"damage":20,"enemies":"2 Thieves","floor":20,"turns":4},{"damage":25,"enemies":"Centurion and Healer","floor":24,"turns":9},{"damage":28,"enemies":"Snake Plant","floor":27,"turns":3},{"damage":25,"enemies":"Shelled Parasite and Fungi","floor":29,"turns":4},{"damage":7,"enemies":"3 Cultists","floor":30,"turns":5},{"damage":3,"enemies":"Snecko","floor":31,"turns":3},{"damage":70,"enemies":"Automaton","floor":33,"turns":8}],"seed_played":"-4247899091135798852","potions_obtained":[{"floor":4,"key":"Fire Potion"},{"floor":7,"key":"GhostInAJar"},{"floor":11,"key":"Strength Potion"},{"floor":16,"key":"SpeedPotion"},{"floor":24,"key":"Poison Potion"},{"floor":30,"key":"FearPotion"},{"floor":31,"key":"EssenceOfSteel"}],"is_trial":false,"path_per_floor":["M","M","M","M","M","R","E","R","T","$","E","$","?","M","R","B",null,"M","$","M","$","?","R","M","R","T","M","R","M","M","M","R","B"],"character_chosen":"THE_SILENT","items_purchased":["Weak Potion","EssenceOfSteel","Happy Flower","Backflip","Infinite Blades"],"campfire_rested":5,"item_purchase_floors":[10,12,21,21,21],"current_hp_per_floor":[62,62,62,50,50,50,35,35,35,35,16,16,16,12,48,5,54,32,32,12,12,12,48,23,59,59,31,67,42,35,32,68,0,0],"gold":151,"neow_bonus":"RANDOM_COLORLESS_2","is_daily":false,"chose_seed":false,"campfire_upgraded":2,"win_rate":0.0,"timestamp":1611536842,"path_taken":["M","M","M","?","?","R","E","R","T","$","E","$","?","M","R","BOSS","M","$","?","?","?","R","M","R","T","M","R","M","M","?","R","BOSS"],"items_purchased_type":["Potion","Potion","Relic","Card","Card"],"build_version":"2020-12-22","purchased_purges":0,"victory":false,"max_hp_per_floor":[70,70,70,70,70,70,70,70,70,70,70,70,70,70,70,70,70,70,70,70,70,70,70,70,70,70,70,70,70,70,70,70,70,70],"card_choices":[{"not_picked":["Magnetism","Thinking Ahead"],"picked":"Secret Weapon","floor":0},{"not_picked":["Backflip","Prepared"],"picked":"Flying Knee","floor":1},{"not_picked":["Eviscerate","Leg Sweep"],"picked":"Blade Dance","floor":2},{"not_picked":["Poisoned Stab","Underhanded Strike"],"picked":"Cloak And Dagger","floor":3},{"not_picked":["Catalyst","Cloak And Dagger"],"picked":"Footwork","floor":4},{"not_picked":["Outmaneuver","Blade Dance"],"picked":"Caltrops","floor":5},{"not_picked":["Poisoned Stab","Choke"],"picked":"Dagger Spray","floor":7},{"not_picked":["Predator","Eviscerate"],"picked":"Crippling Poison","floor":11},{"not_picked":["Cloak And Dagger","Dagger Throw"],"picked":"Deadly Poison","floor":14},{"not_picked":["Unload","A Thousand Cuts"],"picked":"Die Die Die","floor":16},{"not_picked":["Backflip","Infinite Blades"],"picked":"Dodge and Roll","floor":18},{"not_picked":["Bane","Dagger Throw"],"picked":"Accuracy+1","floor":20},{"not_picked":["Distraction","Dagger Spray+1"],"picked":"Terror+1","floor":24},{"not_picked":["Quick Slash","Slice"],"picked":"Finisher","floor":27},{"not_picked":["Dagger Throw+1","Flying Knee"],"picked":"PiercingWail","floor":29},{"not_picked":["Deadly Poison","Prepared"],"picked":"Dodge and Roll+1","floor":30},{"not_picked":["A Thousand Cuts","Prepared","Deadly Poison+1"],"picked":"SKIP","floor":31},{"not_picked":["Prepared","Deadly Poison+1"],"picked":"A Thousand Cuts","floor":31}],"player_experience":299350,"relics_obtained":[{"floor":7,"key":"Shuriken"},{"floor":9,"key":"Regal Pillow"},{"floor":11,"key":"PreservedInsect"},{"floor":26,"key":"Smiling Mask"}],"event_choices":[{"damage_healed":0,"gold_gain":100,"player_choice":"Pray","damage_taken":0,"max_hp_gain":0,"max_hp_loss":0,"event_name":"Golden Shrine","floor":13,"gold_loss":0},{"damage_healed":0,"gold_gain":0,"player_choice":"Trade","damage_taken":0,"relics_obtained":["SsserpentHead"],"max_hp_gain":0,"max_hp_loss":0,"event_name":"FaceTrader","floor":22,"gold_loss":0}],"is_beta":false,"boss_relics":[{"not_picked":["Empty Cage","Tiny House"],"picked":"WristBlade"}],"items_purged_floors":[],"is_endless":false,"potions_floor_spawned":[4,7,11,14,16,24,30,31],"killed_by":"Automaton","ascension_level":11}}