{"host":"9viy3memdfgcf4vy","time":1611601600,"event":{"mods":["BaseMod","Colored Map","Downfall","Minty Spire (QoL Compilation)","StSLib"],"gold_per_floor":[0,14,114,126,126,126,126,26,60,60,45,65,50,67,78,183,183,183,194,206,44,44,61,61,61,61,61,46,46,200,219,237,337,337,237,247,247,14,64,64,89,89,103,138,149,174,74,109,129,129,129,129,129,129],"floor_reached":52,"language":"ENG","playtime":5935,"items_purged":["Regret"],"score":1107,"play_id":"83b9333c-4fc8-40c1-8093-261322a049ef","local_time":"20210125210640","is_ascension_mode":true,"campfire_choices":[{"data":"Slimebound:Split","floor":1,"key":"SMITH"},{"floor":6,"key":"RECALL"},{"data":"Slimebound:MassFeed","floor":8,"key":"SMITH"},{"data":"Slimebound:SamplingLick","floor":10,"key":"SMITH"},{"data":"Slimebound:Overexert","floor":18,"key":"SMITH"},{"floor":25,"key":"REST"},{"floor":29,"key":"REST"},{"data":"Slimebound:DuplicatedForm","floor":35,"key":"SMITH"},{"data":"Slimebound:OneTwoCombo","floor":47,"key":"SMITH"}],"circlet_count":0,"master_deck":["AscendersBane","Slimebound:Strike_Slimebound","Slimebound:Strike_Slimebound","Slimebound:Strike_Slimebound","Slimebound:Defend_Slimebound","Slimebound:Defend_Slimebound+1","Slimebound:Defend_Slimebound","Slimebound:Defend_Slimebound","Slimebound:Split+1","Slimebound:CorrosiveSpit","Slimebound:MassFeed+1","Slimebound:SplitMire","Slimebound:Recollect","Slimebound:SamplingLick+1","Slimebound:HauntingLick","Slimebound:GrowthPunch","Slimebound:FirmFortitude","Slimebound:GoopSpray","Slimebound:Overexert+1","Slimebound:MegaLick","Slimebound:FormOfPuddle","Slimebound:SplitSpecialist","Slimebound:Equalize","Slimebound:GrowthPunch","Slimebound:DuplicatedForm+1","Slimebound:SplitBruiser","Slimebound:LevelUp","Slimebound:OneTwoCombo+1","Slimebound:FormOfPuddle","Slimebound:LevelUp","expansioncontent:Chronoboost","Slimebound:SplitBruiser","Slimebound:Nibble"],"relics":["Slimebound:AbsorbEndCombat","Darkstone Periapt","Orichalcum","downfall:HeartBlessingRed","Turnip","Philosopher\u0027s Stone","Runic Pyramid","downfall:HeartBlessingBlue","champ:Barbells","Ice Cream","Happy Flower","Bronze Scales","Dream Catcher","downfall:HeartBlessingGreen","Eternal Feather"],"acts_visited":["Exordium","TheCity","TheBeyond","TheEnding"],"potions_floor_usage":[16,16,33,46,48,48,48,48,48,48,50],"damage_taken":[{"damage":9,"enemies":"Jaw Worm","floor":2,"turns":5},{"damage":1,"enemies":"Cultist","floor":4,"turns":4},{"damage":20,"enemies":"Lagavulin","floor":9,"turns":7},{"damage":4,"enemies":"downfall:FleeingMerchant","floor":11,"turns":4},{"damage":6,"enemies":"2 Louse","floor":12,"turns":2},{"damage":15,"enemies":"downfall:FleeingMerchant","floor":13,"turns":4},{"damage":0,"enemies":"3 Louse","floor":14,"turns":2},{"damage":13,"enemies":"Blue Slaver","floor":15,"turns":4},{"damage":45,"enemies":"IC_STATUS_ARCHETYPE","floor":16,"turns":10},{"damage":18,"enemies":"Chosen","floor":19,"turns":6},{"damage":23,"enemies":"Shell Parasite","floor":20,"turns":5},{"damage":20,"enemies":"downfall:FleeingMerchant","floor":21,"turns":4},{"damage":22,"enemies":"Snake Plant","floor":23,"turns":4},{"damage":26,"enemies":"downfall:FleeingMerchant","floor":28,"turns":4},{"damage":0,"enemies":"downfall:FleeingMerchant","floor":30,"turns":1},{"damage":24,"enemies":"Snecko","floor":31,"turns":5},{"damage":44,"enemies":"Centurion and Healer","floor":32,"turns":6},{"damage":68,"enemies":"WA_ARCHETYPE_CALM","floor":33,"turns":9},{"damage":4,"enemies":"Orb Walker","floor":36,"turns":4},{"damage":15,"enemies":"Orb Walker","floor":39,"turns":6},{"damage":20,"enemies":"3 Shapes","floor":43,"turns":5},{"damage":28,"enemies":"Reptomancer","floor":44,"turns":7},{"damage":81,"enemies":"Writhing Mass","floor":45,"turns":6},{"damage":37,"enemies":"Nemesis","floor":46,"turns":7},{"damage":20,"enemies":"Reptomancer","floor":48,"turns":6},{"damage":19,"enemies":"Sphere and 2 Shapes","floor":49,"turns":5},{"damage":114,"enemies":"DF_ARCHETYPE_ORBS","floor":50,"turns":14},{"damage":145,"enemies":"downfall:CharBossMerchant","floor":52,"turns":9}],"seed_played":"4656502429931825454","potions_obtained":[{"floor":9,"key":"hexamod:SoulburnPotion"},{"floor":12,"key":"Strength Potion"},{"floor":15,"key":"Ancient Potion"},{"floor":20,"key":"SpeedPotion"},{"floor":22,"key":"Slimebound:SpawnSlimePotion"},{"floor":23,"key":"EntropicBrew"},{"floor":39,"key":"Strength Potion"},{"floor":46,"key":"Explosive Potion"},{"floor":49,"key":"AttackPotion"}],"is_trial":false,"path_per_floor":["R","M","?","M","?","R","T","R","E","R","$","M","$","M","M","B",null,"R","M","M","$","?","M","T","R","?","?","$","R","$","M","M","B",null,"R","M","?","$","?","?","T","?","M","E","M","E","R","E","M","B",null,"E"],"character_chosen":"SLIMEBOUND","items_purchased":["Slimebound:FormOfPuddle","Slimebound:DuplicatedForm","Slimebound:SplitBruiser","champ:Barbells","Slimebound:FormOfPuddle"],"campfire_rested":2,"item_purchase_floors":[21,30,30,38,38],"current_hp_per_floor":[59,54,54,60,66,66,66,66,54,54,56,60,53,65,62,29,81,81,75,56,42,42,22,22,52,52,52,40,70,76,87,78,41,93,103,109,109,109,136,136,136,136,144,145,99,95,95,102,103,24,123,0,0,0],"gold":129,"neow_bonus":"THREE_RARE_CARDS","is_daily":false,"chose_seed":false,"campfire_upgraded":6,"win_rate":0.0,"timestamp":1611601600,"path_taken":["R","M","?","M","?","R","T","R","E","R","$","M","$","M","M","BOSS","R","M","M","$","?","?","T","R","?","?","$","R","$","M","M","BOSS","R","M","?","$","?","?","T","?","M","E","?","E","R","E","M","BOSS","E"],"items_purchased_type":["Card","Card","Card","Relic","Card"],"build_version":"2020-12-22","purchased_purges":1,"victory":false,"max_hp_per_floor":[65,65,65,68,74,74,74,74,74,74,74,82,82,90,94,98,98,98,102,102,102,102,102,102,102,102,102,102,102,106,106,110,110,110,120,124,124,124,136,136,136,136,144,148,148,152,152,152,156,156,156,156,156,156],"card_choices":[{"not_picked":["Slimebound:OozeBath","Slimebound:LeechLife"],"picked":"Slimebound:MassFeed","floor":0},{"not_picked":["Slimebound:TongueLash","Slimebound:SplitBruiser"],"picked":"Slimebound:SplitMire","floor":2},{"not_picked":["Slimebound:ItLooksTasty","Slimebound:RollThrough"],"picked":"Slimebound:Recollect","floor":4},{"not_picked":["Slimebound:BestDefense","Slimebound:PressTheAttack"],"picked":"Slimebound:SamplingLick","floor":9},{"not_picked":["Slimebound:Replication","Slimebound:LeechEnergy"],"picked":"Slimebound:HauntingLick","floor":11},{"not_picked":["Slimebound:SplitMire","Slimebound:LivingWall"],"picked":"Slimebound:GrowthPunch","floor":12},{"not_picked":["Slimebound:Repurpose","Slimebound:LeechEnergy"],"picked":"Slimebound:FirmFortitude","floor":13},{"not_picked":["Slimebound:Prepare","Slimebound:SplitAcid"],"picked":"Slimebound:GoopSpray","floor":14},{"not_picked":["Slimebound:AcidTongue","Slimebound:GoopSpray","Slimebound:SlimeTap"],"picked":"SKIP","floor":15},{"not_picked":["Slimebound:CheckThePlaybook","Slimebound:MassRepurpose"],"picked":"Slimebound:Overexert","floor":16},{"not_picked":["Slimebound:GoopSpray+1","Slimebound:Grow","Slimebound:LeechEnergy+1"],"picked":"SKIP","floor":19},{"not_picked":["Slimebound:Prepare","Slimebound:SplitAcid+1"],"picked":"Slimebound:MegaLick","floor":20},{"not_picked":["Slimebound:Prepare","Slimebound:BestDefense+1","Slimebound:MinionMaster"],"picked":"SKIP","floor":21},{"not_picked":["Slimebound:SplitMire","Slimebound:LeechingTouch"],"picked":"Slimebound:SplitSpecialist","floor":23},{"not_picked":["Slimebound:Chomp+1","Slimebound:SplitBruiser"],"picked":"Slimebound:GrowthPunch","floor":28},{"not_picked":["Slimebound:ItLooksTasty+1","Slimebound:Dissolve","Slimebound:GoopSpray"],"picked":"SKIP","floor":30},{"not_picked":["Slimebound:Recollect+1","Slimebound:RollThrough","Slimebound:PressTheAttack"],"picked":"SKIP","floor":31},{"not_picked":["Slimebound:LeechingTouch","Slimebound:GoopSpray"],"picked":"Slimebound:LevelUp","floor":32},{"not_picked":["Slimebound:LeechLife","Slimebound:PrepareCrush"],"picked":"Slimebound:OneTwoCombo","floor":33},{"not_picked":["Slimebound:GoopTackle","Slimebound:SplitBruiser","Slimebound:SplitAcid"],"picked":"SKIP","floor":36},{"not_picked":["Slimebound:ServeAndProtect","Slimebound:SplitLeeching"],"picked":"Slimebound:LevelUp","floor":39},{"not_picked":["expansioncontent:LastStand","expansioncontent:YouAreMine"],"picked":"expansioncontent:Chronoboost","floor":42},{"not_picked":["Slimebound:DivideAndConquer","Slimebound:ItLooksTasty+1","Slimebound:FinishingTackle+1"],"picked":"SKIP","floor":43},{"not_picked":["Slimebound:Schlurp+1","Slimebound:BestDefense","Slimebound:Recollect"],"picked":"SKIP","floor":44},{"not_picked":["Slimebound:LeechEnergy+1","Slimebound:SplitAcid","Slimebound:LivingWall+1"],"picked":"SKIP","floor":45},{"not_picked":["Slimebound:Dissolve","Slimebound:RejuvenatingLick"],"picked":"Slimebound:SplitBruiser","floor":46},{"not_picked":["Slimebound:SplitAcid","Slimebound:HauntingLick"],"picked":"Slimebound:Nibble","floor":48},{"not_picked":["Slimebound:Schlurp+1","Slimebound:LivingWall","Slimebound:SamplingLick"],"picked":"SKIP","floor":49}],"player_experience":391611,"relics_obtained":[{"floor":7,"key":"Orichalcum"},{"floor":9,"key":"Turnip"},{"floor":39,"key":"Ice Cream"},{"floor":41,"key":"Happy Flower"},{"floor":44,"key":"Bronze Scales"},{"floor":46,"key":"Dream Catcher"},{"floor":48,"key":"Eternal Feather"}],"event_choices":[{"damage_healed":0,"gold_gain":0,"player_choice":"Box","damage_taken":0,"relics_obtained":["Darkstone Periapt"],"max_hp_gain":0,"max_hp_loss":0,"event_name":"Big Fish","floor":5,"gold_loss":0,"cards_obtained":["Regret"]},{"damage_healed":0,"gold_gain":0,"player_choice":"Got Potions","damage_taken":0,"max_hp_gain":0,"max_hp_loss":0,"event_name":"Lab","floor":22,"gold_loss":0},{"damage_healed":0,"gold_gain":0,"player_choice":"Read","damage_taken":0,"max_hp_gain":0,"max_hp_loss":0,"event_name":"The Library","floor":27,"gold_loss":0,"cards_obtained":["Slimebound:Equalize"]},{"cards_removed":["Slimebound:Tackle"],"damage_healed":0,"gold_gain":0,"player_choice":"Removed Attack","damage_taken":0,"max_hp_gain":0,"max_hp_loss":0,"event_name":"Falling","floor":37,"gold_loss":0}],"is_beta":false,"boss_relics":[{"not_picked":["Slimebound:AbsorbEndCombatUpgraded","Tiny House"],"picked":"Philosopher\u0027s Stone"},{"not_picked":["expansioncontent:StudyCardRelic","Coffee Dripper"],"picked":"Runic Pyramid"}],"items_purged_floors":[21],"is_endless":false,"potions_floor_spawned":[9,12,15,20,23,39,45,46,49],"killed_by":"downfall:CharBossMerchant","ascension_level":10}}