{"host":"yfdtuf6ojcxn06xg","time":1611561942,"event":{"mods":["2.2 Compatiblity","AchievementEnabler","BaseMod","Colored Map","Colored Powertips","Curses Come First","Hermit","JesterMod","Jorbs\u0027s Wanderer Trilogy","Minty Spire (QoL Compilation)","Quick Restart","Rare Cards Sparkle","Relic Stats","Replay The Spire","StSLib","The Cursed","The Disciple","The Hierophant","The Jungle","The Marked","The Necromancer","The Servant 0.9.4"],"gold_per_floor":[113,113,124,143,231,231,260,260,285,296,296,316,316,316,316,441,441,462,74,74,99,99,138,138,177,203,128,128,128,149,174,174,297,297,310,357,373,373,100,143,476,476,554,888,900,900,950,950,950],"floor_reached":48,"language":"ENG","playtime":1860,"items_purged":["Strike_R","Defend_R"],"score":679,"play_id":"7d7455d7-8331-4019-a9ed-65e374ddf045","local_time":"20210125030542","is_ascension_mode":true,"campfire_choices":[{"data":"Limit Break","floor":6,"key":"SMITH"},{"data":"Heavy Blade","floor":8,"key":"SMITH"},{"data":"Flex","floor":11,"key":"SMITH"},{"floor":15,"key":"REST"},{"floor":24,"key":"REST"},{"floor":28,"key":"REST"},{"data":"Offering","floor":32,"key":"SMITH"},{"data":"Inflame","floor":42,"key":"SMITH"}],"circlet_count":0,"master_deck":["Defend_R","Defend_R+1","Bash","Pummel","Replay:Undeath\u0027s Touch","Shrug It Off","Flex+1","Limit Break+1","Heavy Blade+1","Pummel","Cleave","Offering+1","Inflame+1","Flex","Flex","Bite","Bite","Bite","Bite","Bite","Pummel","Warcry","Sword Boomerang","Battle Trance+1","Replay:Many Hands","Anger","Inflame","Pot Of Greed","Pot Of Greed","Pot Of Greed","Seeing Red","Shrug It Off","Evolve+1","Bloodletting+1"],"relics":["Burning Blood","NeowsBlessing","Blue Doll","Tiny Chest","Smiling Mask","Red Skull","Philosopher\u0027s Stone","Regal Pillow","HandDrill","Bottled Lightning","Mirror","Blood Vial","Toy Ornithopter","Black Star","Art of War","ReplayFunnel","Grinning Jar","StoneCalendar","Replay:Bottled Steam","War Paint","Old Coin","Question Card","Replay:Towering Pillar of Hats"],"acts_visited":["Exordium","TheCity","TheBeyond"],"potions_floor_usage":[7,16,23,23,30,33,33,33,40,40],"damage_taken":[{"damage":0,"enemies":"Cultist","floor":1,"turns":1},{"damage":0,"enemies":"Small Slimes","floor":3,"turns":1},{"damage":0,"enemies":"Jaw Worm","floor":4,"turns":1},{"damage":31,"enemies":"3 Sentries","floor":7,"turns":10},{"damage":6,"enemies":"Looter","floor":10,"turns":3},{"damage":13,"enemies":"Large Slime","floor":12,"turns":4},{"damage":41,"enemies":"The Guardian","floor":16,"turns":11},{"damage":32,"enemies":"3 Byrds","floor":18,"turns":6},{"damage":20,"enemies":"Chosen","floor":21,"turns":4},{"damage":29,"enemies":"Slavers","floor":23,"turns":2},{"damage":40,"enemies":"Gremlin Leader","floor":25,"turns":4},{"damage":28,"enemies":"Centurion and Healer","floor":30,"turns":5},{"damage":15,"enemies":"Chosen and Byrds","floor":31,"turns":4},{"damage":60,"enemies":"Pondfish","floor":33,"turns":5},{"damage":29,"enemies":"3 Shapes","floor":35,"turns":3},{"damage":7,"enemies":"Orb Walker","floor":37,"turns":2},{"damage":20,"enemies":"Reptomancer","floor":40,"turns":5},{"damage":40,"enemies":"Giant Head","floor":44,"turns":6},{"damage":15,"enemies":"Sphere and 2 Shapes","floor":45,"turns":3},{"damage":0,"enemies":"Mind Bloom Boss Battle","floor":47,"turns":4},{"damage":48,"enemies":"Reptomancer","floor":48,"turns":4}],"seed_played":"-247344884178866372","potions_obtained":[{"floor":4,"key":"Reflective Coating"},{"floor":7,"key":"Weak Potion"},{"floor":16,"key":"Swift Potion"},{"floor":18,"key":"Strength Potion"},{"floor":29,"key":"Milkshake"},{"floor":29,"key":"Elixir"},{"floor":29,"key":"LifebloodPotion"},{"floor":31,"key":"Elixir"},{"floor":33,"key":"ColorlessPotion"},{"floor":37,"key":"AttackPotion"},{"floor":40,"key":"Energy Potion"}],"is_trial":false,"path_per_floor":["M","?","M","M","?","R","E","R","T","M","R","M","?","?","R","B",null,"M","$","?","M","T","E","R","E","T","?","R","?","M","M","R","B",null,"M","T","M","?","$","E","?","R","T","E","M","T","?","E"],"character_chosen":"IRONCLAD","items_purchased":["Flex","Regal Pillow","HandDrill","Inflame","ReplayFunnel"],"campfire_rested":3,"item_purchase_floors":[19,19,19,39,39],"current_hp_per_floor":[80,80,80,80,80,80,55,55,55,55,55,48,48,45,67,32,74,48,48,48,44,44,27,51,27,27,27,51,51,39,42,42,17,51,30,30,33,33,33,41,41,41,41,19,20,20,36,0,0],"gold":950,"neow_bonus":"THREE_ENEMY_KILL","is_daily":false,"chose_seed":false,"campfire_upgraded":5,"win_rate":0.0,"timestamp":1611561942,"path_taken":["M","?","?","M","?","R","E","R","T","M","R","M","?","?","R","BOSS","M","$","?","M","?","E","R","E","T","?","R","?","M","?","R","BOSS","M","?","?","?","$","E","?","R","T","E","M","?","?","E"],"items_purchased_type":["Card","Relic","Relic","Card","Relic"],"build_version":"2020-12-22","purchased_purges":2,"victory":false,"max_hp_per_floor":[80,80,80,80,80,80,80,80,80,80,80,80,74,74,74,74,74,74,74,51,51,51,51,51,51,51,51,51,51,51,51,51,51,51,51,51,51,51,51,51,51,51,51,51,51,51,51,51,51],"relic_stats":{"Regal Pillow":18,"counters":[21,88],"StoneCalendar":[0],"War Paint":["Defend_R","Battle Trance"],"Smiling Mask":75,"Question Card":1,"Burning Blood":102,"Blood Vial":16,"Tiny Chest":3,"HandDrill":[4],"Black Star":2,"Art of War":[0],"obtain_stats":[{"ReplayFunnel":39,"Regal Pillow":19,"NeowsBlessing":0,"Replay:Towering Pillar of Hats":47,"Golden Idol":13,"Blue Doll":5,"StoneCalendar":40,"War Paint":44,"Smiling Mask":9,"Question Card":46,"Burning Blood":0,"Old Coin":44,"Blood Vial":25,"Tiny Chest":7,"Philosopher\u0027s Stone":17,"HandDrill":19,"Black Star":34,"Art of War":36,"Bottled Lightning":22,"Grinning Jar":40,"Mirror":23,"Red Skull":14,"Toy Ornithopter":26,"Replay:Bottled Steam":43},{"ReplayFunnel":16,"Regal Pillow":8,"NeowsBlessing":0,"Replay:Towering Pillar of Hats":20,"Golden Idol":6,"Blue Doll":3,"StoneCalendar":17,"War Paint":18,"Smiling Mask":4,"Question Card":19,"Burning Blood":0,"Old Coin":18,"Blood Vial":11,"Tiny Chest":4,"Philosopher\u0027s Stone":7,"HandDrill":8,"Black Star":14,"Art of War":15,"Bottled Lightning":9,"Grinning Jar":17,"Mirror":10,"Red Skull":6,"Toy Ornithopter":11,"Replay:Bottled Steam":17},{"ReplayFunnel":66,"Regal Pillow":37,"NeowsBlessing":0,"Replay:Towering Pillar of Hats":84,"Golden Idol":20,"Blue Doll":3,"StoneCalendar":71,"War Paint":77,"Smiling Mask":13,"Question Card":80,"Burning Blood":0,"Old Coin":77,"Blood Vial":47,"Tiny Chest":13,"Philosopher\u0027s Stone":31,"HandDrill":37,"Black Star":61,"Art of War":64,"Bottled Lightning":41,"Grinning Jar":71,"Mirror":43,"Red Skull":20,"Toy Ornithopter":47,"Replay:Bottled Steam":71}],"Toy Ornithopter":25},"card_choices":[{"not_picked":["Run Through","Life Link"],"picked":"Pummel","floor":1},{"not_picked":["ReplayTheSpireMod:LeadingStrike","Dark Embrace"],"picked":"Replay:Undeath\u0027s Touch","floor":3},{"not_picked":["Searing Blow","Uppercut"],"picked":"Shrug It Off","floor":4},{"not_picked":["Battle Trance","Body Slam"],"picked":"Flex","floor":5},{"not_picked":["Wild Strike","Anger"],"picked":"Limit Break","floor":5},{"not_picked":["Brutality","ReplayTheSpireMod:Limb From Limb"],"picked":"Heavy Blade","floor":7},{"not_picked":["Body Slam","Headbutt"],"picked":"Pummel","floor":10},{"not_picked":["Shockwave","Body Slam"],"picked":"Cleave","floor":12},{"not_picked":["Replay:Many Hands","Exhume"],"picked":"Offering","floor":16},{"not_picked":["Shrug It Off","True Grit"],"picked":"Inflame","floor":18},{"not_picked":["Clothesline+1","Body Slam","Rage"],"picked":"SKIP","floor":21},{"not_picked":["Reckless Charge","Juggernaut"],"picked":"Pummel","floor":23},{"not_picked":["Massacre","Pommel Strike+1"],"picked":"Warcry","floor":25},{"not_picked":["Body Slam+1","Anger"],"picked":"Sword Boomerang","floor":30},{"not_picked":["Uppercut","Warcry"],"picked":"Battle Trance","floor":31},{"not_picked":["Immolate","Reaper"],"picked":"Replay:Many Hands","floor":33},{"not_picked":["Havoc","Anger"],"picked":"Thunderclap+1","floor":35},{"not_picked":["Warcry","ReplayTheSpireMod:Stacked"],"picked":"Anger","floor":37},{"not_picked":["Perfected Strike+1","Sentinel"],"picked":"Seeing Red","floor":40},{"not_picked":["Anger+1","Armaments"],"picked":"Shrug It Off","floor":44},{"not_picked":["Rampage","Carnage"],"picked":"Evolve+1","floor":45},{"not_picked":["Headbutt+1","Second Wind","Cleave"],"picked":"Bloodletting+1","floor":47}],"player_experience":226505,"relics_obtained":[{"floor":5,"key":"Blue Doll"},{"floor":7,"key":"Tiny Chest"},{"floor":9,"key":"Smiling Mask"},{"floor":22,"key":"Bottled Lightning"},{"floor":23,"key":"Mirror"},{"floor":25,"key":"Blood Vial"},{"floor":26,"key":"Toy Ornithopter"},{"floor":36,"key":"Art of War"},{"floor":40,"key":"Grinning Jar"},{"floor":40,"key":"StoneCalendar"},{"floor":43,"key":"Replay:Bottled Steam"},{"floor":44,"key":"War Paint"},{"floor":44,"key":"Old Coin"},{"floor":46,"key":"Question Card"},{"floor":47,"key":"Replay:Towering Pillar of Hats"}],"event_choices":[{"damage_healed":0,"gold_gain":0,"player_choice":"Bought 0 Potions","damage_taken":0,"max_hp_gain":0,"max_hp_loss":0,"event_name":"The Woman in Blue","floor":2,"gold_loss":0},{"damage_healed":0,"gold_gain":0,"player_choice":"Lose Max HP","damage_taken":0,"relics_obtained":["Golden Idol"],"max_hp_gain":0,"max_hp_loss":6,"event_name":"Golden Idol","floor":13,"gold_loss":0},{"damage_healed":0,"gold_gain":0,"player_choice":"Success","damage_taken":3,"relics_obtained":["Red Skull"],"max_hp_gain":0,"max_hp_loss":0,"event_name":"Scrap Ooze","floor":14,"gold_loss":0},{"damage_healed":0,"gold_gain":0,"player_choice":"Became a vampire","damage_taken":0,"max_hp_gain":0,"max_hp_loss":23,"event_name":"Vampires","floor":20,"gold_loss":0,"cards_obtained":["Bite","Bite","Bite","Bite","Bite"]},{"cards_removed":["Defend_R"],"damage_healed":0,"gold_gain":0,"player_choice":"Gave Gold","damage_taken":0,"max_hp_gain":0,"max_hp_loss":0,"event_name":"Beggar","floor":27,"gold_loss":75},{"damage_healed":0,"gold_gain":0,"player_choice":"Got Potions","damage_taken":0,"max_hp_gain":0,"max_hp_loss":0,"event_name":"Lab","floor":29,"gold_loss":0},{"cards_removed":["Thunderclap"],"damage_healed":0,"gold_gain":0,"player_choice":"Removed Attack","damage_taken":0,"max_hp_gain":0,"max_hp_loss":0,"event_name":"Falling","floor":38,"gold_loss":0},{"damage_healed":0,"gold_gain":333,"player_choice":"Gave Idol","damage_taken":0,"max_hp_gain":0,"max_hp_loss":0,"event_name":"The Moai Head","floor":41,"relics_lost":["Golden Idol"],"gold_loss":0},{"damage_healed":0,"gold_gain":0,"player_choice":"Fight","damage_taken":0,"max_hp_gain":0,"max_hp_loss":0,"event_name":"MindBloom","floor":47,"gold_loss":0}],"is_beta":false,"boss_relics":[{"not_picked":["Astrolabe","Tiny House"],"picked":"Philosopher\u0027s Stone"},{"not_picked":["Runic Dome","ReplayTheSpireMod:DimensionalGlitch"],"picked":"Black Star"}],"items_purged_floors":[19,39],"is_endless":false,"potions_floor_spawned":[4,7,16,18,31,33,37,40],"killed_by":"Reptomancer","ascension_level":2}}