{"host":"78zdngn0u28jm0pp","time":1611535375,"event":{"mods":["BaseMod","Jorbs\u0027s Wanderer Trilogy","Minty Spire (QoL Compilation)","Permanent Neow","Quick Restart","Relic Stats","StSLib","Unceasing Turn Reminder"],"gold_per_floor":[362,308,7,19,30,30,63,63,63,96,96,113,144,154,154,232,232,249,249,262,280,205,205,238,238,238,250,450,9,27,62,62,136,136,152,167,29,48,60,60,94,114,114,114,114],"floor_reached":44,"language":"ENG","playtime":4825,"items_purged":["Strike_G"],"score":1125,"play_id":"8c934ecf-322e-48b8-ac8a-db50b0d51697","local_time":"20210124174255","is_ascension_mode":true,"campfire_choices":[{"data":"Apotheosis","floor":6,"key":"SMITH"},{"floor":8,"key":"RECALL"},{"data":"Strike_G","floor":11,"key":"PURGE"},{"data":"After Image","floor":15,"key":"SMITH"},{"floor":23,"key":"REST"},{"floor":25,"key":"REST"},{"floor":32,"key":"REST"},{"data":"Strike_G","floor":40,"key":"PURGE"}],"circlet_count":0,"master_deck":["AscendersBane","Strike_G","Defend_G","Defend_G","Defend_G","Defend_G","Defend_G","Survivor","Neutralize","stsjorbsmod:Withering","Deadly Poison","Apotheosis+1","Dagger Spray","Dagger Throw","Leg Sweep","Deflect","After Image+1","Finisher","Deflect","Phantasmal Killer","PiercingWail","Blade Dance","Flechettes","Blur+1","Cloak And Dagger","Blur","Bullet Time","Well Laid Plans","Wraith Form v2","Backstab","Caltrops","Flechettes","Adrenaline","Finisher"],"relics":["Ring of the Snake","White Beast Statue","The Courier","Toy Ornithopter","Peace Pipe","InkBottle","Philosopher\u0027s Stone","Enchiridion","Omamori","HornCleat","Du-Vu Doll","Blue Candle","Runic Dome","OrangePellets","Ancient Tea Set"],"acts_visited":["Exordium","TheCity","TheBeyond"],"potions_floor_usage":[7,7,7,10,12,13,14,16,20,21,24,24,27,31,33,33,36,41,42,44],"damage_taken":[{"damage":0,"enemies":"Cultist","floor":1,"turns":4},{"damage":3,"enemies":"2 Louse","floor":4,"turns":5},{"damage":0,"enemies":"Jaw Worm","floor":5,"turns":4},{"damage":6,"enemies":"3 Sentries","floor":7,"turns":9},{"damage":23,"enemies":"Gremlin Nob","floor":10,"turns":4},{"damage":0,"enemies":"Red Slaver","floor":12,"turns":5},{"damage":10,"enemies":"3 Sentries","floor":13,"turns":8},{"damage":1,"enemies":"Gremlin Gang","floor":14,"turns":3},{"damage":4,"enemies":"The Guardian","floor":16,"turns":11},{"damage":0,"enemies":"Chosen","floor":18,"turns":6},{"damage":3,"enemies":"2 Thieves","floor":20,"turns":5},{"damage":10,"enemies":"Sentry and Sphere","floor":21,"turns":6},{"damage":35,"enemies":"Slavers","floor":24,"turns":8},{"damage":23,"enemies":"Chosen and Byrds","floor":27,"turns":7},{"damage":0,"enemies":"Cultist and Chosen","floor":30,"turns":3},{"damage":10,"enemies":"Gremlin Leader","floor":31,"turns":6},{"damage":1,"enemies":"Automaton","floor":33,"turns":11},{"damage":1,"enemies":"3 Shapes","floor":35,"turns":5},{"damage":0,"enemies":"Orb Walker","floor":36,"turns":4},{"damage":1,"enemies":"Spire Growth","floor":38,"turns":5},{"damage":1,"enemies":"Writhing Mass","floor":39,"turns":5},{"damage":15,"enemies":"Nemesis","floor":41,"turns":7},{"damage":2,"enemies":"Maw","floor":42,"turns":7},{"damage":70,"enemies":"2 Orb Walkers","floor":44,"turns":5}],"seed_played":"-6786537407703085665","potions_obtained":[{"floor":1,"key":"SkillPotion"},{"floor":4,"key":"EntropicBrew"},{"floor":7,"key":"EssenceOfSteel"},{"floor":10,"key":"CunningPotion"},{"floor":12,"key":"Dexterity Potion"},{"floor":13,"key":"Energy Potion"},{"floor":14,"key":"Fire Potion"},{"floor":16,"key":"Explosive Potion"},{"floor":18,"key":"LiquidBronze"},{"floor":20,"key":"SpeedPotion"},{"floor":21,"key":"FearPotion"},{"floor":24,"key":"SkillPotion"},{"floor":27,"key":"GhostInAJar"},{"floor":30,"key":"BlessingOfTheForge"},{"floor":31,"key":"ColorlessPotion"},{"floor":33,"key":"DistilledChaos"},{"floor":35,"key":"Dexterity Potion"},{"floor":36,"key":"Regen Potion"},{"floor":38,"key":"Weak Potion"},{"floor":41,"key":"DistilledChaos"},{"floor":42,"key":"Energy Potion"}],"is_trial":false,"path_per_floor":["M","?","$","M","M","R","E","R","T","E","R","M","E","M","R","B",null,"M","?","M","M","?","R","E","R","T","M","?","$","M","E","R","B",null,"M","M","$","M","M","R","E","M","T","?"],"character_chosen":"THE_SILENT","items_purchased":["Apotheosis","Dagger Spray","Dagger Throw","Cloak And Dagger","Blur","Du-Vu Doll","OrangePellets"],"campfire_rested":3,"item_purchase_floors":[3,3,3,29,29,29,37],"current_hp_per_floor":[59,59,59,56,56,56,50,50,50,32,32,37,32,36,36,37,59,59,38,40,35,35,54,29,48,48,30,30,30,30,25,44,53,63,62,66,66,65,64,64,54,57,57,0,0],"gold":114,"neow_bonus":"TWO_FIFTY_GOLD","is_daily":false,"chose_seed":false,"campfire_upgraded":2,"win_rate":0.0,"timestamp":1611535375,"path_taken":["M","?","$","M","M","R","E","R","T","E","R","M","E","M","R","BOSS","M","?","M","M","?","R","E","R","T","M","?","$","M","E","R","BOSS","M","M","?","M","?","R","E","M","T","?"],"items_purchased_type":["Card","Card","Card","Card","Card","Relic","Relic"],"build_version":"2020-12-22","purchased_purges":1,"victory":false,"max_hp_per_floor":[66,66,66,66,66,66,66,66,66,66,66,66,66,66,66,66,66,66,66,66,66,66,66,66,66,66,66,66,66,66,66,66,66,66,66,66,66,66,66,66,66,66,66,66,66],"relic_stats":{"Peace Pipe":2,"OrangePellets":[15],"counters":[24,143],"Blue Candle":[8],"obtain_stats":[{"Blue Candle":31,"Enchiridion":19,"The Courier":7,"Omamori":24,"Ancient Tea Set":41,"White Beast Statue":2,"Peace Pipe":10,"Du-Vu Doll":29,"Runic Dome":34,"OrangePellets":37,"HornCleat":26,"Philosopher\u0027s Stone":17,"Toy Ornithopter":9,"InkBottle":13,"Ring of the Snake":0},{"Blue Candle":16,"Enchiridion":10,"The Courier":4,"Omamori":13,"Ancient Tea Set":22,"White Beast Statue":1,"Peace Pipe":5,"Du-Vu Doll":14,"Runic Dome":17,"OrangePellets":19,"HornCleat":13,"Philosopher\u0027s Stone":9,"Toy Ornithopter":4,"InkBottle":7,"Ring of the Snake":0},{"Blue Candle":94,"Enchiridion":59,"The Courier":22,"Omamori":78,"Ancient Tea Set":131,"White Beast Statue":4,"Peace Pipe":26,"Du-Vu Doll":85,"Runic Dome":105,"OrangePellets":114,"HornCleat":78,"Philosopher\u0027s Stone":53,"Toy Ornithopter":22,"InkBottle":39,"Ring of the Snake":0}],"Toy Ornithopter":84,"InkBottle":[48],"Ring of the Snake":[48]},"card_choices":[{"not_picked":["Sucker Punch","PiercingWail"],"picked":"Deadly Poison","floor":1},{"not_picked":["Slice","Dagger Spray"],"picked":"Leg Sweep","floor":4},{"not_picked":["Deadly Poison","Accuracy"],"picked":"Deflect","floor":5},{"not_picked":["Distraction","Dodge and Roll","Dagger Spray"],"picked":"SKIP","floor":7},{"not_picked":["Setup","Crippling Poison"],"picked":"After Image","floor":10},{"not_picked":["Deadly Poison","Tactician","Prepared"],"picked":"SKIP","floor":12},{"not_picked":["Envenom","Choke"],"picked":"Finisher","floor":13},{"not_picked":["All Out Attack","Skewer"],"picked":"Deflect","floor":14},{"not_picked":["Die Die Die","Doppelganger"],"picked":"Phantasmal Killer","floor":16},{"not_picked":["Acrobatics","Bouncing Flask"],"picked":"PiercingWail","floor":18},{"not_picked":["Tactician","Prepared"],"picked":"Blade Dance","floor":20},{"not_picked":["Dodge and Roll","Dagger Spray"],"picked":"Flechettes","floor":21},{"not_picked":["Slice","Flying Knee"],"picked":"Blur+1","floor":24},{"not_picked":["Dagger Throw","Flying Knee","Bane"],"picked":"SKIP","floor":27},{"not_picked":["Poisoned Stab","Dagger Spray"],"picked":"Bullet Time","floor":30},{"not_picked":["PiercingWail","Expertise"],"picked":"Well Laid Plans","floor":31},{"not_picked":["Envenom","Doppelganger"],"picked":"Wraith Form v2","floor":33},{"not_picked":["Dodge and Roll","Bane+1"],"picked":"Backstab","floor":35},{"not_picked":["Deadly Poison+1","Skewer"],"picked":"Caltrops","floor":36},{"not_picked":["Flying Knee","Cloak And Dagger","Setup+1"],"picked":"SKIP","floor":38},{"not_picked":["Caltrops","Quick Slash+1"],"picked":"Flechettes","floor":39},{"not_picked":["Prepared+1","Deadly Poison"],"picked":"Adrenaline","floor":41},{"not_picked":["Crippling Poison","Calculated Gamble"],"picked":"Finisher","floor":42}],"player_experience":798712,"relics_obtained":[{"floor":7,"key":"The Courier"},{"floor":9,"key":"Toy Ornithopter"},{"floor":10,"key":"Peace Pipe"},{"floor":13,"key":"InkBottle"},{"floor":19,"key":"Enchiridion"},{"floor":24,"key":"Omamori"},{"floor":26,"key":"HornCleat"},{"floor":31,"key":"Blue Candle"},{"floor":41,"key":"Ancient Tea Set"}],"event_choices":[{"damage_healed":0,"gold_gain":0,"player_choice":"Paid Gold","damage_taken":0,"relics_obtained":["White Beast Statue"],"max_hp_gain":0,"max_hp_loss":0,"event_name":"WeMeetAgain","floor":2,"gold_loss":54},{"damage_healed":0,"gold_gain":0,"player_choice":"Obtained Book","damage_taken":21,"max_hp_gain":0,"max_hp_loss":0,"event_name":"Cursed Tome","floor":19,"gold_loss":0},{"cards_removed":["Strike_G"],"damage_healed":0,"gold_gain":0,"player_choice":"Gave Gold","damage_taken":0,"max_hp_gain":0,"max_hp_loss":0,"event_name":"Beggar","floor":22,"gold_loss":75},{"damage_healed":0,"gold_gain":200,"player_choice":"Gold","damage_taken":0,"max_hp_gain":0,"max_hp_loss":0,"event_name":"Wheel of Change","floor":28,"gold_loss":0},{"damage_healed":0,"gold_gain":0,"player_choice":"Fight","damage_taken":0,"max_hp_gain":0,"max_hp_loss":0,"event_name":"Mysterious Sphere","floor":44,"gold_loss":0}],"is_beta":false,"boss_relics":[{"not_picked":["Pandora\u0027s Box","Tiny House"],"picked":"Philosopher\u0027s Stone"},{"not_picked":["Empty Cage","HoveringKite"],"picked":"Runic Dome"}],"items_purged_floors":[29],"is_endless":false,"potions_floor_spawned":[1,4,5,7,10,12,13,14,16,18,20,21,24,27,30,31,33,35,36,38,39,41,42],"killed_by":"2 Orb Walkers","ascension_level":20}}