{"host":"gobyjzz6xbwq9f9i","time":1611534790,"event":{"mods":["AchievementEnabler","BaseMod","Bestiary","Colored Map","Minty Spire (QoL Compilation)"],"gold_per_floor":[113,130,144,144,163,163,193,206,206,206,84,84,114,127,127,224,224,237,254,254,270,286,286,313,313,391,407,143,156,31,56,56,161,161,177,197,197,217,230,230,230,230,230,80,80,113,125,156,156,156],"floor_reached":51,"language":"ENG","playtime":2224,"items_purged":["Strike_R","Strike_R","Strike_R","Strike_R"],"score":1151,"play_id":"aeaf1894-41f8-4497-ac1c-273819ed7495","local_time":"20210124163310","is_ascension_mode":true,"campfire_choices":[{"data":"Twin Strike","floor":6.0,"key":"SMITH"},{"data":"Clothesline","floor":10,"key":"SMITH"},{"data":"Flame Barrier","floor":12,"key":"SMITH"},{"data":"Disarm","floor":15,"key":"SMITH"},{"data":"Bash","floor":23,"key":"SMITH"},{"data":"Spot Weakness","floor":25,"key":"SMITH"},{"data":"Impervious","floor":32,"key":"SMITH"},{"data":"Demon Form","floor":40,"key":"SMITH"},{"data":"Battle Trance","floor":42,"key":"SMITH"},{"data":"Limit Break","floor":45,"key":"SMITH"},{"data":"Pommel Strike","floor":49,"key":"SMITH"}],"circlet_count":0,"master_deck":["AscendersBane","Defend_R+1","Defend_R","Defend_R","Defend_R+1","Bash+1","Impervious+1","Spot Weakness+1","Twin Strike+1","Clothesline+1","Flame Barrier+1","Wild Strike","Disarm+1","Pommel Strike+1","Reaper","Burning Pact+1","Heavy Blade+1","Battle Trance+1","Spot Weakness+1","Shrug It Off+1","Limit Break+1","Demon Form+1","Shrug It Off+1","Uppercut+1"],"relics":["Burning Blood","Anchor","Pear","Ornamental Fan","Snecko Eye","Mercury Hourglass","HornCleat","Shuriken","Mark of Pain","Sundial","War Paint","Smiling Mask"],"acts_visited":["Exordium","TheCity","TheBeyond"],"potions_floor_usage":[31,31,48,50,50,50],"damage_taken":[{"damage":0.0,"enemies":"Small Slimes","floor":1.0,"turns":3.0},{"damage":1.0,"enemies":"Cultist","floor":2.0,"turns":4.0},{"damage":3.0,"enemies":"2 Louse","floor":3.0,"turns":3.0},{"damage":8.0,"enemies":"Looter","floor":5.0,"turns":4.0},{"damage":15.0,"enemies":"Gremlin Nob","floor":7.0,"turns":5.0},{"damage":10,"enemies":"Exordium Thugs","floor":8,"turns":5},{"damage":15,"enemies":"Lagavulin","floor":13,"turns":7},{"damage":0,"enemies":"Exordium Wildlife","floor":14,"turns":2},{"damage":21,"enemies":"The Guardian","floor":16,"turns":10},{"damage":7,"enemies":"2 Thieves","floor":18,"turns":5},{"damage":0,"enemies":"3 Byrds","floor":19,"turns":2},{"damage":5,"enemies":"Snake Plant","floor":21,"turns":3},{"damage":6,"enemies":"Snecko","floor":22,"turns":5},{"damage":16,"enemies":"Book of Stabbing","floor":24,"turns":5},{"damage":9,"enemies":"Cultist and Chosen","floor":27,"turns":6},{"damage":2,"enemies":"Centurion and Healer","floor":29,"turns":5},{"damage":10,"enemies":"Slavers","floor":31,"turns":4},{"damage":8,"enemies":"Automaton","floor":33,"turns":9},{"damage":8,"enemies":"3 Darklings","floor":35,"turns":5},{"damage":0,"enemies":"Orb Walker","floor":36,"turns":2},{"damage":0,"enemies":"Sphere and 2 Shapes","floor":38,"turns":4},{"damage":0,"enemies":"4 Shapes","floor":39,"turns":4},{"damage":6,"enemies":"Giant Head","floor":46,"turns":7},{"damage":19,"enemies":"Spire Growth","floor":47,"turns":6},{"damage":31,"enemies":"Reptomancer","floor":48,"turns":7},{"damage":3,"enemies":"Time Eater","floor":50,"turns":3}],"seed_played":"-2892430225492089240","potions_obtained":[{"floor":2.0,"key":"Swift Potion"},{"floor":4.0,"key":"AttackPotion"},{"floor":4.0,"key":"LiquidMemories"},{"floor":31,"key":"LiquidBronze"},{"floor":33,"key":"Explosive Potion"},{"floor":48,"key":"DuplicationPotion"}],"is_trial":false,"path_per_floor":["M","M","M","?","M","R","E","M","T","R","$","R","E","M","R","B",null,"M","M","?","M","M","R","E","R","T","M","$","M","$","E","R","B",null,"M","M","?","M","M","R","?","R","T","$","R","E","M","E","R","B",null],"character_chosen":"IRONCLAD","items_purchased":["Pommel Strike","Limit Break"],"campfire_rested":0,"item_purchase_floors":[11,28],"current_hp_per_floor":[57,62,65,65,63,63,54,50,60,60,60,60,51,57,57,42,78,89,90,90,90,90,90,90,90,90,87,87,90,90,90,90,88,90,88,90,85,85,85,85,85,85,85,85,85,85,85,85,85,85],"gold":156,"neow_bonus":"THREE_RARE_CARDS","is_daily":false,"chose_seed":false,"campfire_upgraded":11,"win_rate":0.0,"timestamp":1611534790,"path_taken":["M","M","M","?","M","R","E","M","T","R","$","R","E","M","R","BOSS","M","M","?","M","M","R","E","R","T","?","$","M","?","E","R","BOSS","M","M","?","M","M","R","?","R","T","$","R","E","?","E","R","BOSS"],"items_purchased_type":["Card","Card"],"build_version":"2020-12-22","purchased_purges":4,"victory":true,"max_hp_per_floor":[80,80,80,80,80,80,80,80,90,90,90,90,90,90,90,90,90,90,90,90,90,90,90,90,90,90,90,90,90,90,90,90,90,90,90,90,85,85,85,85,85,85,85,85,85,85,85,85,85,85],"card_choices":[{"not_picked":["Berserk","Double Tap"],"picked":"Impervious","floor":0.0},{"not_picked":["Anger","Flex"],"picked":"Spot Weakness","floor":1.0},{"not_picked":["Entrench","Flex"],"picked":"Twin Strike","floor":2.0},{"not_picked":["Thunderclap","Seeing Red"],"picked":"Clothesline","floor":3.0},{"not_picked":["Clothesline","Combust"],"picked":"Flame Barrier","floor":5.0},{"not_picked":["Brutality","Burning Pact"],"picked":"Wild Strike","floor":7},{"not_picked":["Warcry","Headbutt"],"picked":"Disarm","floor":8},{"not_picked":["Hemokinesis","Searing Blow","Perfected Strike"],"picked":"SKIP","floor":13},{"not_picked":["Second Wind","Blood for Blood","Infernal Blade"],"picked":"SKIP","floor":14},{"not_picked":["Double Tap","Immolate"],"picked":"Reaper","floor":16},{"not_picked":["Havoc+1","Dark Embrace+1"],"picked":"Burning Pact+1","floor":18},{"not_picked":["Pommel Strike","Warcry+1"],"picked":"Heavy Blade+1","floor":19},{"not_picked":["Shrug It Off","Carnage"],"picked":"Battle Trance","floor":21},{"not_picked":["Whirlwind","Dropkick"],"picked":"Spot Weakness","floor":22},{"not_picked":["Burning Pact","Dropkick","Dark Embrace"],"picked":"SKIP","floor":24},{"not_picked":["Entrench","Headbutt"],"picked":"Shrug It Off+1","floor":27},{"not_picked":["Anger","Pommel Strike","Armaments"],"picked":"SKIP","floor":29},{"not_picked":["Brutality","Combust","Reckless Charge"],"picked":"SKIP","floor":31},{"not_picked":["Exhume","Juggernaut"],"picked":"Demon Form","floor":33},{"not_picked":["True Grit+1","Perfected Strike+1","Sword Boomerang+1"],"picked":"SKIP","floor":35},{"not_picked":["True Grit+1","Pommel Strike+1","Wild Strike+1"],"picked":"SKIP","floor":36},{"not_picked":["Whirlwind","Warcry+1","Dark Embrace"],"picked":"SKIP","floor":38},{"not_picked":["Sentinel+1","Flex"],"picked":"Shrug It Off+1","floor":39},{"not_picked":["Headbutt","Heavy Blade"],"picked":"Uppercut+1","floor":46},{"not_picked":["Feel No Pain","Offering","Shrug It Off+1"],"picked":"SKIP","floor":47},{"not_picked":["Carnage+1","Thunderclap+1","Headbutt"],"picked":"SKIP","floor":48}],"player_experience":1154393,"relics_obtained":[{"floor":7,"key":"Anchor"},{"floor":9,"key":"Pear"},{"floor":13,"key":"Ornamental Fan"},{"floor":24,"key":"Mercury Hourglass"},{"floor":26,"key":"HornCleat"},{"floor":31,"key":"Shuriken"},{"floor":43,"key":"Sundial"},{"floor":46,"key":"War Paint"},{"floor":48,"key":"Smiling Mask"}],"event_choices":[{"damage_healed":0.0,"max_hp_gain":0.0,"max_hp_loss":0.0,"gold_gain":0.0,"event_name":"Lab","player_choice":"Got Potions","floor":4.0,"gold_loss":0.0,"damage_taken":0.0},{"damage_healed":0,"gold_gain":0,"player_choice":"Forge","damage_taken":0,"max_hp_gain":0,"max_hp_loss":0,"event_name":"Accursed Blacksmith","floor":20,"gold_loss":0,"cards_upgraded":["Spot Weakness"]},{"damage_healed":0,"gold_gain":0,"player_choice":"Max HP","damage_taken":0,"max_hp_gain":0,"max_hp_loss":5,"event_name":"Winding Halls","floor":37,"gold_loss":0},{"cards_removed":["Strike_R"],"damage_healed":0,"gold_gain":0,"player_choice":"Purged","damage_taken":0,"max_hp_gain":0,"max_hp_loss":0,"event_name":"Purifier","floor":41,"gold_loss":0}],"is_beta":false,"boss_relics":[{"not_picked":["Pandora\u0027s Box","Fusion Hammer"],"picked":"Snecko Eye"},{"not_picked":["Cursed Key","Tiny House"],"picked":"Mark of Pain"}],"items_purged_floors":[11,28,30,44],"is_endless":false,"potions_floor_spawned":[2,7,8,16,22,24,31,33,36,39,46,48],"ascension_level":10}}