{"host":"bhbf7zxbh2qxgvbr","time":1611580164,"event":{"mods":["BaseMod","Chen","Friendly Minions","Marisa£®ÏF”Í°°ƒß¿Ì…≥£©","Minty Spire (QoL Compilation)","Quick Restart","Reimu£®≤©¿ˆ¡È√Œ£©","Remilia£®¿Ÿ√◊¿Ú—«£©","StSLib","The Administrix","The Servant 0.9.4","Youmu£®ªÍ∆«—˝√Œ£©"],"gold_per_floor":[123,135,157,169,198,210,222,184,211,236,246,246,263,275,275,275,275],"floor_reached":16,"language":"ZHS","playtime":450,"items_purged":["Strike_MRS"],"score":110,"play_id":"f51a2b8d-e697-49a5-9de0-1f9c96893e52","local_time":"20210125210924","is_ascension_mode":true,"campfire_choices":[{"data":"EnergyRecoil","floor":6,"key":"SMITH"},{"data":"MasterSpark","floor":12,"key":"SMITH"},{"data":"EarthLightRay","floor":15,"key":"SMITH"}],"circlet_count":0,"master_deck":["Strike_MRS","Strike_MRS","Strike_MRS","Defend_MRS","Defend_MRS","Defend_MRS","Defend_MRS","MasterSpark+1","UpSweep","EnergyRecoil+1","EarthLightRay+1"],"relics":["MiniHakkero","MawBank","Smiling Mask","Juzu Bracelet","Tiny Chest"],"acts_visited":["Exordium"],"potions_floor_usage":[3,16],"damage_taken":[{"damage":4,"enemies":"2 Louse","floor":1,"turns":2},{"damage":7,"enemies":"Small Slimes","floor":3,"turns":3},{"damage":3,"enemies":"Jaw Worm","floor":5,"turns":3},{"damage":6,"enemies":"Looter","floor":11,"turns":3},{"damage":0,"enemies":"Large Slime","floor":13,"turns":5},{"damage":15,"enemies":"Lots of Slimes","floor":14,"turns":5},{"damage":65,"enemies":"The Guardian","floor":16,"turns":11}],"seed_played":"3282211182735421567","potions_obtained":[{"floor":3,"key":"Fruit Juice"},{"floor":5,"key":"Dexterity Potion"},{"floor":13,"key":"Regen Potion"}],"is_trial":false,"path_per_floor":["M","?","M","?","M","R","?","$","T","T","M","R","M","M","R","B"],"character_chosen":"MARISA","items_purchased":[],"campfire_rested":0,"item_purchase_floors":[],"current_hp_per_floor":[71,64,62,62,59,59,64,64,64,64,58,58,58,43,43,0,0],"gold":275,"neow_bonus":"RANDOM_COMMON_RELIC","is_daily":false,"chose_seed":false,"campfire_upgraded":3,"win_rate":0.0,"timestamp":1611580164,"path_taken":["M","?","M","?","M","R","?","$","T","?","M","R","M","M","R","BOSS"],"items_purchased_type":[],"build_version":"2020-12-22","purchased_purges":1,"victory":false,"max_hp_per_floor":[75,75,80,80,80,80,85,85,85,85,85,85,85,85,85,85,85],"card_choices":[{"not_picked":["IllusionStar","LuminesStrike","SuperPerseids"],"picked":"SKIP","floor":1},{"not_picked":["IllusionStar","PropBag"],"picked":"EnergyRecoil","floor":3},{"not_picked":["6A","AsteroidBelt","ShootTheMoon"],"picked":"SKIP","floor":5},{"not_picked":["StarBarrage","DeepEcoloBomb","MysteriousBeam"],"picked":"SKIP","floor":11},{"not_picked":["GasGiant","LuminesStrike","AsteroidBelt"],"picked":"SKIP","floor":13},{"not_picked":["DeepEcoloBomb","WitchLeyline"],"picked":"EarthLightRay","floor":14}],"player_experience":372761,"relics_obtained":[{"floor":9,"key":"Juzu Bracelet"},{"floor":10,"key":"Tiny Chest"}],"event_choices":[{"damage_healed":0,"gold_gain":0,"player_choice":"Success","damage_taken":7,"relics_obtained":["Smiling Mask"],"max_hp_gain":0,"max_hp_loss":0,"event_name":"Scrap Ooze","floor":2,"gold_loss":0},{"damage_healed":0,"gold_gain":0,"player_choice":"Ignored","damage_taken":0,"max_hp_gain":0,"max_hp_loss":0,"event_name":"Liars Game","floor":4,"gold_loss":0},{"damage_healed":0,"gold_gain":0,"player_choice":"Donut","damage_taken":0,"max_hp_gain":5,"max_hp_loss":0,"event_name":"Big Fish","floor":7,"gold_loss":0}],"is_beta":false,"boss_relics":[],"items_purged_floors":[8],"is_endless":false,"potions_floor_spawned":[3,5,13],"killed_by":"The Guardian","ascension_level":4}}