{"host":"uv5ws9rdk87e8i5k","time":1611557228,"event":{"mods":["AchievementEnabler","BaseMod","Colored Map","Minty Spire (QoL Compilation)","StSLib","SuperFastMode","The Necromancer"],"gold_per_floor":[116,134,148,148,158,158,189,37,64,64,76,76,9,41,41,136,136,154,166,184,84,96,96,96],"floor_reached":23,"language":"ENG","playtime":495,"items_purged":["Regret","Doubt"],"score":254,"play_id":"4739510f-50cb-4054-8d88-e9f3718fe913","local_time":"20210125004708","is_ascension_mode":true,"campfire_choices":[{"data":"Summon_Undead_Army","floor":6.0,"key":"SMITH"},{"floor":10.0,"key":"REST"},{"data":"Finger_Of_Death","floor":12.0,"key":"SMITH"},{"data":"Summon_Vampire_Lady","floor":15.0,"key":"SMITH"}],"circlet_count":0,"master_deck":["Strike_W","Strike_W","Strike_W","Strike_W","Defend_W","Defend_W","Defend_W","Defend_W","Negative_Energy_Arrows","Bone_Wall","Negative_Energy_Javelin","Finger_Of_Death+1","Summon_Undead_Army+1","Stop_Heart","Summon_Undead_Army","Summon_Vampire_Lady+1","Grasp_Heart","CurseOfTheBell","Negative_Energy_Sphere","Summon_Lich","Shade_Step"],"relics":["Vampire_Amulet","Ice Cream","Tiny Chest","Toy Ornithopter","Regal Pillow","Meat on the Bone","Calling Bell","MealTicket","Question Card","StoneCalendar"],"acts_visited":["Exordium","TheCity"],"potions_floor_usage":[23],"damage_taken":[{"damage":12.0,"enemies":"Jaw Worm","floor":1.0,"turns":5.0},{"damage":3.0,"enemies":"Small Slimes","floor":2.0,"turns":4.0},{"damage":0.0,"enemies":"2 Louse","floor":3.0,"turns":2.0},{"damage":34.0,"enemies":"Lots of Slimes","floor":5.0,"turns":5.0},{"damage":18.0,"enemies":"Lagavulin","floor":7.0,"turns":6.0},{"damage":11.0,"enemies":"Looter","floor":11.0,"turns":3.0},{"damage":15.0,"enemies":"Gremlin Nob","floor":14.0,"turns":3.0},{"damage":35.0,"enemies":"Slime Boss","floor":16.0,"turns":5.0},{"damage":7.0,"enemies":"Chosen","floor":18.0,"turns":4.0},{"damage":13.0,"enemies":"Shell Parasite","floor":19.0,"turns":5.0},{"damage":31.0,"enemies":"Cultist and Chosen","floor":20.0,"turns":5.0},{"damage":26,"enemies":"Snecko","floor":22,"turns":5},{"damage":39,"enemies":"Gremlin Leader","floor":23,"turns":5}],"seed_played":"6397282328874115787","potions_obtained":[{"floor":5.0,"key":"SteroidPotion"},{"floor":7.0,"key":"AttackPotion"},{"floor":19.0,"key":"Ancient Potion"},{"floor":22,"key":"FairyPotion"}],"is_trial":false,"path_per_floor":["M","M","M","?","M","R","E","$","T","R","M","R","$","E","R","B",null,"M","M","M","$","M","E"],"character_chosen":"NECROMANCER","items_purchased":["DuplicationPotion","Summon_Undead_Army"],"campfire_rested":1,"item_purchase_floors":[8,13],"current_hp_per_floor":[65,66,70,70,46,46,30,30,30,67,58,58,58,50,50,45,68,66,55,49,64,49,27,27],"gold":96,"neow_bonus":"ONE_RARE_RELIC","is_daily":false,"chose_seed":false,"campfire_upgraded":3,"win_rate":0.0,"timestamp":1611557228,"path_taken":["M","M","M","?","M","R","E","$","T","R","M","R","$","E","R","BOSS","M","M","M","$","M","E"],"items_purchased_type":["Potion","Card"],"build_version":"2020-12-22","purchased_purges":2,"victory":false,"max_hp_per_floor":[75,75,75,75,75,75,75,75,75,75,75,75,75,75,75,75,75,75,75,75,75,75,75,75],"card_choices":[{"not_picked":["Bone_Armory","Corrupt"],"picked":"Negative_Energy_Javelin","floor":1.0},{"not_picked":["Toxic_Smoke_Screen","Shackles_Of_Pain"],"picked":"Finger_Of_Death","floor":2.0},{"not_picked":["Chill_Blood","Bone_Bullets"],"picked":"Summon_Undead_Army","floor":3.0},{"not_picked":["Negative_Energy_Sphere","Blood_Whip"],"picked":"Stop_Heart","floor":5.0},{"not_picked":["Toxic_Smoke_Screen","Consume_Illness","Blood_Shield"],"picked":"SKIP","floor":7.0},{"not_picked":["Scare","Whirlwind_of_Bones","Finger_Of_Death"],"picked":"SKIP","floor":11.0},{"not_picked":["Death_Coil","Death_March_Dance"],"picked":"Summon_Vampire_Lady","floor":14.0},{"not_picked":["Skeleton_Dragon","Blood_Magic"],"picked":"Grasp_Heart","floor":16.0},{"not_picked":["Negative_Energy_Shield","Bone_Spikes","Bone_Shift","Finger_Of_Death"],"picked":"SKIP","floor":18.0},{"not_picked":["Bone_Bullets","Shade_Step","Chill_Blood"],"picked":"Negative_Energy_Sphere","floor":19.0},{"not_picked":["Life_Tap+1","Blood_Magic","Blood_Is_Power+1"],"picked":"Summon_Lich","floor":20.0},{"not_picked":["Vampiric_Strike","Bone_Armor","Blood_Curse"],"picked":"Shade_Step","floor":22}],"player_experience":261763,"relics_obtained":[{"floor":7.0,"key":"Toy Ornithopter"},{"floor":9.0,"key":"Regal Pillow"},{"floor":14.0,"key":"Meat on the Bone"},{"floor":17.0,"key":"MealTicket"},{"floor":17.0,"key":"Question Card"},{"floor":17.0,"key":"StoneCalendar"}],"event_choices":[{"damage_healed":0.0,"max_hp_gain":0.0,"max_hp_loss":0.0,"gold_gain":0.0,"event_name":"Big Fish","player_choice":"Box","floor":4.0,"gold_loss":0.0,"damage_taken":0.0,"relics_obtained":["Tiny Chest"],"cards_obtained":["Regret"]}],"is_beta":false,"boss_relics":[{"not_picked":["SlaversCollar","Busted Crown"],"picked":"Calling Bell"}],"items_purged_floors":[8,21],"is_endless":false,"potions_floor_spawned":[5,7,11,19,22],"killed_by":"Gremlin Leader","ascension_level":5}}