{"host":"p62uqwu04pp7leh9","time":1611547428,"event":{"mods":["BaseMod","Block Reminder","Colored Map","Colored Powertips","Minty Spire (QoL Compilation)","Relic Stats"],"gold_per_floor":[116,4,15,15,15,49,49,80,126,142,142,142,185,206,206,335,335,359,213,413,431,450,450,488,488,513,513,513],"floor_reached":27,"language":"ENG","playtime":1392,"items_purged":["Strike_R"],"score":274,"play_id":"b8210b10-cd47-4934-8253-56a6ef18c5db","local_time":"20210124220348","is_ascension_mode":true,"campfire_choices":[{"data":"Armaments","floor":7,"key":"SMITH"},{"floor":12,"key":"REST"},{"data":"1","floor":15,"key":"LIFT"},{"data":"2","floor":23,"key":"LIFT"},{"data":"Strike_R","floor":25,"key":"PURGE"}],"circlet_count":0,"master_deck":["Strike_R","Strike_R","Defend_R","Defend_R+1","Defend_R+1","Defend_R","Bash","Clothesline","Spot Weakness","Armaments+1","Uppercut","Cleave","Pommel Strike","Juggernaut","Iron Wave","Combust","Shrug It Off+1","Juggernaut","Pommel Strike","Cleave","Iron Wave"],"relics":["Snecko Eye","Golden Idol","Art of War","Vajra","Bag of Preparation","Girya","Fusion Hammer","Orrery","Peace Pipe","Tiny Chest"],"acts_visited":["Exordium","TheCity"],"potions_floor_usage":[8,18,27,27],"damage_taken":[{"damage":13,"enemies":"Jaw Worm","floor":1,"turns":4},{"damage":0,"enemies":"2 Louse","floor":3,"turns":2},{"damage":13,"enemies":"Lagavulin","floor":6,"turns":5},{"damage":7,"enemies":"Gremlin Nob","floor":8,"turns":3},{"damage":0,"enemies":"Cultist","floor":10,"turns":2},{"damage":3,"enemies":"Lagavulin","floor":13,"turns":4},{"damage":0,"enemies":"Blue Slaver","floor":14,"turns":2},{"damage":20,"enemies":"Hexaghost","floor":16,"turns":6},{"damage":25,"enemies":"2 Thieves","floor":18,"turns":3},{"damage":5,"enemies":"3 Byrds","floor":21,"turns":3},{"damage":19,"enemies":"3 Cultists","floor":22,"turns":4},{"damage":10,"enemies":"Slavers","floor":24,"turns":3},{"damage":23,"enemies":"Shelled Parasite and Fungi","floor":27,"turns":3}],"seed_played":"1394684897557393594","potions_obtained":[{"floor":1,"key":"SkillPotion"},{"floor":3,"key":"Swift Potion"},{"floor":14,"key":"SpeedPotion"},{"floor":22,"key":"SteroidPotion"}],"is_trial":false,"path_per_floor":["M","$","M","?","?","E","R","E","T","M","?","R","E","M","R","B",null,"M","$","?","M","M","R","E","R","T","M"],"character_chosen":"IRONCLAD","items_purchased":["Spot Weakness","Orrery"],"campfire_rested":1,"item_purchase_floors":[2,19],"current_hp_per_floor":[67,67,67,67,52,39,39,32,32,32,32,54,51,51,51,31,74,49,49,49,44,25,25,15,15,15,0,0],"gold":513,"neow_bonus":"BOSS_RELIC","is_daily":false,"chose_seed":false,"campfire_upgraded":1,"win_rate":0.0,"timestamp":1611547428,"path_taken":["M","$","M","?","?","E","R","E","T","M","?","R","E","?","R","BOSS","M","$","?","?","M","R","E","R","T","M"],"items_purchased_type":["Card","Relic"],"build_version":"2020-12-22","purchased_purges":1,"victory":false,"max_hp_per_floor":[80,80,80,74,74,74,74,74,74,74,74,74,74,74,74,74,74,74,74,74,74,74,74,74,74,74,74,74],"relic_stats":{"Peace Pipe":1,"counters":[13,44],"Golden Idol":76,"Snecko Eye":[86,80,82,96],"Tiny Chest":0,"Art of War":[0],"Bag of Preparation":[18],"obtain_stats":[{"Peace Pipe":24,"Girya":13,"Golden Idol":4,"Snecko Eye":0,"Vajra":8,"Orrery":19,"Tiny Chest":26,"Fusion Hammer":17,"Art of War":6,"Bag of Preparation":9,"Burning Blood":0},{"Peace Pipe":12,"Girya":6,"Golden Idol":2,"Snecko Eye":0,"Vajra":4,"Orrery":9,"Tiny Chest":12,"Fusion Hammer":8,"Art of War":3,"Bag of Preparation":4,"Burning Blood":0},{"Peace Pipe":41,"Girya":20,"Golden Idol":6,"Snecko Eye":0,"Vajra":14,"Orrery":31,"Tiny Chest":41,"Fusion Hammer":28,"Art of War":11,"Bag of Preparation":14,"Burning Blood":0}]},"card_choices":[{"not_picked":["Metallicize","Sword Boomerang"],"picked":"Clothesline","floor":1},{"not_picked":["Metallicize","Clothesline"],"picked":"Armaments","floor":3},{"not_picked":["Blood for Blood","Thunderclap"],"picked":"Uppercut","floor":6},{"not_picked":["Armaments","Rage"],"picked":"Cleave","floor":8},{"not_picked":["Clash","Thunderclap","Sword Boomerang"],"picked":"SKIP","floor":10},{"not_picked":["Clash","Seeing Red","Rampage"],"picked":"SKIP","floor":13},{"not_picked":["Power Through","Clothesline"],"picked":"Pommel Strike","floor":14},{"not_picked":["Impervious","Exhume"],"picked":"Juggernaut","floor":16},{"not_picked":["Twin Strike","Thunderclap"],"picked":"Iron Wave","floor":18},{"not_picked":["Second Wind","Shrug It Off"],"picked":"Combust","floor":19},{"not_picked":["Headbutt","Sword Boomerang+1"],"picked":"Shrug It Off+1","floor":19},{"not_picked":["Iron Wave","Dark Embrace+1"],"picked":"Juggernaut","floor":19},{"not_picked":["Twin Strike","Reckless Charge"],"picked":"Pommel Strike","floor":19},{"not_picked":["Feel No Pain","Clash"],"picked":"Cleave","floor":19},{"not_picked":["Sever Soul","Headbutt"],"picked":"Iron Wave","floor":21},{"not_picked":["Inflame","Headbutt","Sentinel"],"picked":"SKIP","floor":22},{"not_picked":["Thunderclap","Sentinel","Body Slam"],"picked":"SKIP","floor":24}],"player_experience":305914,"relics_obtained":[{"floor":6,"key":"Art of War"},{"floor":8,"key":"Vajra"},{"floor":9,"key":"Bag of Preparation"},{"floor":13,"key":"Girya"},{"floor":24,"key":"Peace Pipe"},{"floor":26,"key":"Tiny Chest"}],"event_choices":[{"damage_healed":0,"gold_gain":0,"player_choice":"Lose Max HP","damage_taken":0,"relics_obtained":["Golden Idol"],"max_hp_gain":0,"max_hp_loss":6,"event_name":"Golden Idol","floor":4,"gold_loss":0},{"damage_healed":0,"gold_gain":0,"player_choice":"Entered Light","damage_taken":15,"max_hp_gain":0,"max_hp_loss":0,"event_name":"Shining Light","floor":5,"gold_loss":0,"cards_upgraded":["Defend_R","Defend_R"]},{"cards_removed":["Strike_R"],"damage_healed":0,"gold_gain":0,"player_choice":"Purged","damage_taken":0,"max_hp_gain":0,"max_hp_loss":0,"event_name":"Purifier","floor":11,"gold_loss":0},{"damage_healed":0,"gold_gain":250,"player_choice":"Bet on Owner","damage_taken":0,"max_hp_gain":0,"max_hp_loss":0,"event_name":"The Joust","floor":20,"gold_loss":50}],"is_beta":false,"boss_relics":[{"not_picked":["Empty Cage","Coffee Dripper"],"picked":"Fusion Hammer"}],"items_purged_floors":[2],"is_endless":false,"potions_floor_spawned":[1,3,14,22],"killed_by":"Shelled Parasite and Fungi","ascension_level":2}}