{"host":"ndqo0ze3xqwwg5zo","time":1611567101,"event":{"mods":["BaseMod","Colored Powertips","Downfall","Hermit","Marisa????????","Minty Spire (QoL Compilation)","Permanent Neow","Replay The Spire","Shop Mod","StSLib","Td1madao Mod","The Cursed","The Disciple","The Hierophant","The Necromancer","The Runesmith","The Servant 0.9.4","The Wild Card"],"gold_per_floor":[117,131,131,56,74,74,84,94,94,94,94,112,129,146,146,250,250,250,250,250,250,250,250],"floor_reached":22,"language":"ENG","playtime":2438,"items_purged":[],"score":184,"play_id":"7a97e331-b8fa-4fa6-bf39-532c3dd65bf2","local_time":"20210125033141","is_ascension_mode":false,"campfire_choices":[{"data":"Runesmith:Firestorm","floor":6.0,"key":"SMITH"},{"data":"Runesmith:Refine","floor":10.0,"key":"SMITH"},{"data":"Runesmith:Grindstone","floor":15.0,"key":"SMITH"}],"circlet_count":0,"master_deck":["Runesmith:Strike_RS","Runesmith:Strike_RS","Runesmith:Strike_RS","Runesmith:Strike_RS","Runesmith:Defend_RS","Runesmith:Defend_RS","Runesmith:Defend_RS","Runesmith:Defend_RS","Runesmith:CraftFirestone","Runesmith:Fortify","Runesmith:Grindstone+1","Runesmith:Firestorm+1","Runesmith:Refine+1","Runesmith:CraftMagma","Runesmith:CraftIncendium","Runesmith:MetallurgicalResearch","Runesmith:LithiumIon","Runesmith:HammerThrow"],"relics":["Runesmith:BrokenRuby","Question Card","Ectoplasm"],"acts_visited":["Exordium","TheCity"],"potions_floor_usage":[22],"damage_taken":[{"damage":1.0,"enemies":"2 Louse","floor":1.0,"turns":3.0},{"damage":0.0,"enemies":"Cultist","floor":2.0,"turns":4.0},{"damage":2.0,"enemies":"Small Slimes","floor":5.0,"turns":5.0},{"damage":11.0,"enemies":"3 Louse","floor":7.0,"turns":4.0},{"damage":0.0,"enemies":"Looter","floor":8.0,"turns":4.0},{"damage":0.0,"enemies":"2 Fungi Beasts","floor":12.0,"turns":6.0},{"damage":6.0,"enemies":"Blue Slaver","floor":13.0,"turns":4.0},{"damage":0.0,"enemies":"3 Louse","floor":14.0,"turns":2.0},{"damage":18.0,"enemies":"Slime Boss","floor":16.0,"turns":8.0},{"damage":4.0,"enemies":"Shell Parasite","floor":18.0,"turns":7.0},{"damage":26.0,"enemies":"3 Byrds","floor":19.0,"turns":5.0},{"damage":25,"enemies":"Snake Plant","floor":20,"turns":5},{"damage":13,"enemies":"Centurion and Healer","floor":21,"turns":8},{"damage":8,"enemies":"Sentry and Sphere","floor":22,"turns":2}],"seed_played":"-2999727605505960746","potions_obtained":[{"floor":1.0,"key":"Explosive Potion"},{"floor":8.0,"key":"DistilledChaos"},{"floor":13.0,"key":"AttackPotion"},{"floor":19.0,"key":"Venom Potion"},{"floor":21,"key":"BlessingOfTheForge"}],"is_trial":false,"path_per_floor":["M","M","?","$","M","R","M","M","T","R","?","M","M","M","R","B",null,"M","M","M","M","M"],"character_chosen":"RUNESMITH_CLASS","items_purchased":["Runesmith:Firestorm"],"campfire_rested":0,"item_purchase_floors":[4],"current_hp_per_floor":[69,69,70,70,68,68,57,57,57,57,57,57,51,51,51,33,70,66,40,15,2,0,0],"gold":250,"neow_bonus":"RANDOM_COLORLESS","is_daily":false,"chose_seed":false,"campfire_upgraded":3,"win_rate":0.0,"timestamp":1611567101,"path_taken":["M","M","?","$","?","R","M","M","T","R","?","M","M","M","R","BOSS","M","M","M","M","M"],"items_purchased_type":["Card"],"build_version":"2020-12-22","purchased_purges":0,"victory":false,"max_hp_per_floor":[70,70,70,70,70,70,70,70,70,70,70,70,70,70,70,70,70,70,70,70,70,70,70],"card_choices":[{"not_picked":["Purity","Replay:Sssssssssstrike"],"picked":"Replay:Sssssssssshield","floor":0.0},{"not_picked":["Runesmith:HeatedChisel","Runesmith:HammerThrow"],"picked":"Runesmith:Grindstone","floor":1.0},{"not_picked":["Runesmith:CraftProtectio","Runesmith:HeatExchange","Runesmith:RuneHurl"],"picked":"SKIP","floor":2.0},{"not_picked":["Runesmith:NanitesCloud","Runesmith:EnergizedChisel"],"picked":"Runesmith:Refine","floor":5.0},{"not_picked":["Runesmith:Grindstone","Runesmith:RuneHurl"],"picked":"Runesmith:CraftMagma","floor":7.0},{"not_picked":["Runesmith:Firewall","Runesmith:Permafrost","Runesmith:EnergizedChisel"],"picked":"SKIP","floor":8.0},{"not_picked":["Runesmith:CraftSpiculum","Runesmith:StaticCage","Runesmith:MakeshiftArmor"],"picked":"Runesmith:CraftIncendium","floor":12.0},{"not_picked":["Runesmith:Firewall","Runesmith:HammerAndChisel","Runesmith:StaticCage","Runesmith:ShiftingStrike"],"picked":"SKIP","floor":13.0},{"not_picked":["Runesmith:ShiftingStrike","Runesmith:EnergizedChisel","Runesmith:PoweredAnvil","Runesmith:CraftVitae"],"picked":"SKIP","floor":14.0},{"not_picked":["Runesmith:LastStand","Runesmith:FissionHammer","Runesmith:Supernova"],"picked":"Runesmith:MetallurgicalResearch","floor":16.0},{"not_picked":["Runesmith:Grindstone","Runesmith:CraftProtectio+1","Runesmith:OneForEveryone"],"picked":"Runesmith:LithiumIon","floor":18.0},{"not_picked":["Runesmith:EarthShield","Runesmith:CraftMagma","Runesmith:Repurpose","Runesmith:UnstableHammer+1"],"picked":"SKIP","floor":19.0},{"not_picked":["Runesmith:CraftReservo","Runesmith:CraftMagma","Runesmith:Repurpose","Runesmith:PoweredAnvil"],"picked":"SKIP","floor":20},{"not_picked":["Runesmith:CreatorForm","Runesmith:Electrocute+1","Runesmith:PerfectChisel+1"],"picked":"Runesmith:HammerThrow","floor":21}],"player_experience":18778,"relics_obtained":[{"floor":9.0,"key":"Question Card"}],"event_choices":[{"cards_removed":["Replay:Sssssssssshield"],"damage_healed":1.0,"max_hp_gain":0.0,"max_hp_loss":0.0,"gold_gain":0.0,"event_name":"Bonfire Elementals","player_choice":"Offered Uncommon","floor":3.0,"gold_loss":0.0,"damage_taken":0.0},{"damage_healed":0.0,"max_hp_gain":0.0,"max_hp_loss":0.0,"gold_gain":0.0,"event_name":"Golden Idol","player_choice":"Ignored","floor":11.0,"gold_loss":0.0,"damage_taken":0.0}],"is_beta":false,"boss_relics":[{"not_picked":["ChewingGum","Cursed Key"],"picked":"Ectoplasm"}],"items_purged_floors":[],"is_endless":false,"potions_floor_spawned":[1,8,13,19,21],"killed_by":"Sentry and Sphere","ascension_level":0}}