{"host":"usdj552hvd2ulznm","time":1611555883,"event":{"mods":["Act Like it!","Aspiration","BaseMod","Better Third Choice","Colored Powertips","Conjunction","Conspire","DeckTracker","Dota2Spire","Downfall","Emptier Cage","Energized Spire","Gensokyo","GifTheSpireLib","GungeonMod","Halation","Hallownest","Hermit","Hubris","Infinite Spire","Key Reminder","Lobotomy","LobotomyExtend","Minty Spire (QoL Compilation)","MostiFishMod","Poem Panic","Quarter Circle Forward PUNCH!","Quick Restart","RNG Fix","Railgun Mod","Random Character Mod","Relic Stats","Reliquary","Replay The Spire","Reworked Bosses","Small Relic Pack","StSLib","Stuff the Spire","The Animator","The Blue Laboratory","The IronCluck","The Jungle","Uncapped","WarShipGirlsR/????R mod","Wide Potions","??????REMEMod"],"gold_per_floor":[114,189,114,134,148,148,144,144,144,144,164,164,196,212,212,314,314,326,341,26,44,52,79,59,59,127,127,154,154,154,168,168,264,264,81,95,95,54,79,79,114,114,114,138,138,138,138,157,61,75,75,75,75,75,75,75,75],"floor_reached":58,"language":"ENG","playtime":2929,"items_purged":["rmod:strick","rmod:defend"],"score":1708,"play_id":"9fb6969a-fc32-418d-b4f2-8802f4ee42da","local_time":"20210124232443","is_ascension_mode":false,"campfire_choices":[{"data":"rmod:maingunfire","floor":6,"key":"SMITH"},{"data":"rmod:supportaircraftcarrier","floor":8,"key":"SMITH"},{"floor":10,"key":"REST"},{"data":"rmod:ridicule","floor":15,"key":"SMITH"},{"floor":27,"key":"REST"},{"data":"rmod:secretscript","floor":29,"key":"SMITH"},{"floor":32,"key":"REST"},{"floor":40,"key":"REST"},{"data":"rmod:ridicule","floor":42,"key":"SMITH"},{"floor":51,"key":"RECALL"},{"data":"rmod:luckystar","floor":54,"key":"SMITH"}],"circlet_count":0,"master_deck":["WhiteNight","rmod:strick","rmod:strick","rmod:strick","rmod:defend","rmod:defend","rmod:basicallowance","rmod:maingunfire+1","LaLuna","rmod:steelsupply","Freischutz","rmod:acesubmarine","HereticApostle","rmod:supportaircraftcarrier+1","BlackSwan","rmod:openingtorpedo","GalaxyChild","rmod:diaomin","rmod:ridicule+1","rmod:desperatesituation","Scarecrow","WhitesApple","rmod:ammunitionsupply+1","Conjunction:Offense","Conjunction:Defense","Parasite","rmod:fletcherpendant","Parasite","GreedKing","SingingMachine","rmod:aluminumsupply+1","rmod:luckystar+1","Parasite","rmod:luckystar","rmod:gendarmerie","Yin","rmod:steelsupply","Parasite","rmod:ridicule+1","Parasite","QueenOfHatred","rmod:supportaircraftcarrier+1","BodiesMountain","rmod:fletcherpendant","rmod:fletcherpendant","Mercenary","rmod:luckystar+1","Variant","rmod:luckystar+1","Gensokyo:LockedMedkit","Gensokyo:TarnishedGold","rmod:windflower","Parasite","CENSORED","rmod:fuelsupply+1"],"relics":["rmod:firstchargereward","DaveBox","REME_ComplimentaryCards","CogitoBucket","Brimstone","SynthV:TestCard","LetterFromLob","Centennial Puzzle","The Courier","Dota2Spire:MagicBottle","AspirationHeart","RedMistMask","Honey Jar","Conjunction:SoulLantern","SkinProphecy","relicPack:NeonSign","Onion Ring","infinitespire:CheckeredPen","PatriotShield","Yang_Lob","ChangeAnything","StuffTheSpire:SapphireSignet","Dota2Spire:ShadowBlade","qcfpunch:Not_Strongest_Fighting_Style_Guidebook","relicPack:DarknessArmor","DeathAngel"],"acts_visited":["Exordium","TheCity","Gensokyo:Gensokyoest","TheEnding"],"potions_floor_usage":[14,22,33,35,57],"damage_taken":[{"damage":5,"enemies":"Jaw Worm","floor":1,"turns":3},{"damage":8,"enemies":"Cultist","floor":4,"turns":3},{"damage":2,"enemies":"Small Slimes","floor":5,"turns":2},{"damage":15,"enemies":"3 Sentries","floor":7,"turns":6},{"damage":7,"enemies":"2 Fungi Beasts","floor":11,"turns":2},{"damage":0,"enemies":"Gremlin Nob","floor":13,"turns":2},{"damage":16,"enemies":"Blue Slaver","floor":14,"turns":5},{"damage":0,"enemies":"Slime Boss","floor":16,"turns":1},{"damage":0,"enemies":"Shell Parasite","floor":18,"turns":2},{"damage":0,"enemies":"Spheric Guardian","floor":19,"turns":2},{"damage":10,"enemies":"conspire:HollyBat","floor":21,"turns":4},{"damage":85,"enemies":"Shelled Parasite and Fungi","floor":22,"turns":5},{"damage":0,"enemies":"REME_1_Revenger","floor":23,"turns":2},{"damage":18,"enemies":"conspire:SneckoGhost","floor":28,"turns":3},{"damage":4,"enemies":"Centurion and Healer","floor":31,"turns":2},{"damage":70,"enemies":"conspire:MysteriousRune","floor":33,"turns":6},{"damage":65,"enemies":"Gensokyo:3_Boulders","floor":35,"turns":5},{"damage":5,"enemies":"Gensokyo:AncientGuardian","floor":36,"turns":1},{"damage":0,"enemies":"Gensokyo:Kasen","floor":41,"turns":1},{"damage":0,"enemies":"Gensokyo:3_Boulders","floor":48,"turns":1},{"damage":0,"enemies":"Gensokyo:SeedOfUnknown","floor":50,"turns":1},{"damage":0,"enemies":"Gensokyo:Yuyuko","floor":52,"turns":1},{"damage":2,"enemies":"Shield and Spear","floor":56,"turns":3},{"damage":37,"enemies":"The Heart","floor":57,"turns":3}],"seed_played":"5213576909491362866","potions_obtained":[{"floor":1,"key":"blueLaboratory:HummingbirdPotion"},{"floor":4,"key":"DemoMod:LeadSkinPotion"},{"floor":13,"key":"Guardian:BlockOnCardUsePotion"},{"floor":19,"key":"DuplicationPotion"},{"floor":22,"key":"blueLaboratory:LouseDecoction"},{"floor":28,"key":"blueLaboratory:BottleOfRum"},{"floor":33,"key":"SkillPotion"},{"floor":35,"key":"REME_GoldPotion"}],"is_trial":false,"path_per_floor":["M","?","$","M","M","R","E","R","T","R","M","?","E","M","R","B",null,"M","M","$","M","M","E","$","?","T","R","E","R","E","M","R","B",null,"M","M","?","$","T","R","E","R","T","T","T","PTL","PTL","M","COS","M","R","B",null,"R","$","E","B",null],"character_chosen":"PRAEFECT","items_purchased":["Conjunction:SoulLantern","rmod:luckystar","rmod:fletcherpendant"],"campfire_rested":4,"item_purchase_floors":[20,24,38],"current_hp_per_floor":[70,63,63,55,53,53,38,38,38,60,53,75,75,69,69,69,85,85,85,85,75,2,4,4,33,33,59,45,45,45,42,69,4,93,34,35,45,45,45,74,73,73,73,73,73,73,73,72,72,70,70,70,107,107,107,111,92],"gold":75,"neow_bonus":"","is_daily":false,"chose_seed":false,"campfire_upgraded":6,"win_rate":0.0,"timestamp":1611555883,"path_taken":["M","?","$","M","?","R","E","R","T","R","M","?","E","M","R","BOSS","M","M","$","M","M","E","$","?","T","R","E","R","E","M","R","BOSS","M","M","?","$","?","R","E","R","T","?","?","PTL","PTL","M","COS","M","R","BOSS","R","$","E","BOSS"],"items_purchased_type":["Relic","Card","Card"],"build_version":"2020-12-22","purchased_purges":2,"victory":true,"max_hp_per_floor":[75,75,75,75,75,75,75,75,75,75,75,75,75,85,85,85,85,85,85,85,85,85,87,87,87,87,87,89,89,89,91,91,93,93,97,99,99,99,99,99,101,101,101,101,101,101,101,103,103,105,105,107,107,107,107,111,113],"relic_stats":{"Centennial Puzzle":[36],"counters":[28,71],"obtain_stats":[{"PatriotShield":34,"DaveBox":0,"qcfpunch:Not_Strongest_Fighting_Style_Guidebook":44,"Conjunction:SoulLantern":20,"DemoMod:GlassGuonStoneRelic":5,"Dota2Spire:ShadowBlade":43,"relicPack:DarknessArmor":45,"SkinProphecy":22,"Dota2Spire:MagicBottle":13,"Yang_Lob":33,"StuffTheSpire:SapphireSignet":41,"CogitoBucket":0,"Centennial Puzzle":7,"Honey Jar":17,"relicPack:NeonSign":23,"AspirationHeart":14,"The Courier":9,"infinitespire:CheckeredPen":28,"DeathAngel":56,"keyreminder:keyreminder":7,"SynthV:TestCard":1,"Brimstone":1,"Onion Ring":26,"RedMistMask":14,"rmod:firstchargereward":0,"LetterFromLob":1,"ChangeAnything":35,"REME_ComplimentaryCards":0},{"PatriotShield":18,"DaveBox":0,"qcfpunch:Not_Strongest_Fighting_Style_Guidebook":22,"Conjunction:SoulLantern":11,"DemoMod:GlassGuonStoneRelic":3,"Dota2Spire:ShadowBlade":22,"relicPack:DarknessArmor":22,"SkinProphecy":14,"Dota2Spire:MagicBottle":6,"Yang_Lob":18,"StuffTheSpire:SapphireSignet":22,"CogitoBucket":0,"Centennial Puzzle":4,"Honey Jar":9,"relicPack:NeonSign":15,"AspirationHeart":8,"The Courier":4,"infinitespire:CheckeredPen":16,"DeathAngel":27,"keyreminder:keyreminder":4,"SynthV:TestCard":1,"Brimstone":1,"Onion Ring":15,"RedMistMask":8,"rmod:firstchargereward":0,"LetterFromLob":1,"ChangeAnything":20,"REME_ComplimentaryCards":0},{"PatriotShield":52,"DaveBox":0,"qcfpunch:Not_Strongest_Fighting_Style_Guidebook":60,"Conjunction:SoulLantern":29,"DemoMod:GlassGuonStoneRelic":8,"Dota2Spire:ShadowBlade":60,"relicPack:DarknessArmor":60,"SkinProphecy":39,"Dota2Spire:MagicBottle":18,"Yang_Lob":52,"StuffTheSpire:SapphireSignet":60,"CogitoBucket":0,"Centennial Puzzle":14,"Honey Jar":25,"relicPack:NeonSign":41,"AspirationHeart":24,"The Courier":14,"infinitespire:CheckeredPen":44,"DeathAngel":68,"keyreminder:keyreminder":14,"SynthV:TestCard":3,"Brimstone":1,"Onion Ring":41,"RedMistMask":24,"rmod:firstchargereward":0,"LetterFromLob":3,"ChangeAnything":58,"REME_ComplimentaryCards":0}]},"card_choices":[{"not_picked":["CrumblingArmor","SpiderBud","LittlePrince"],"picked":"Singing Bowl","floor":1},{"not_picked":["Laetitia","CherryBlossoms"],"picked":"LaLuna","floor":1},{"not_picked":["rmod:victimresponsibility","rmod:unsinkable"],"picked":"rmod:steelsupply","floor":1},{"not_picked":["Scorched","UniverseFragment","MeatLantern"],"picked":"Singing Bowl","floor":4},{"not_picked":["OldLady","MeatLantern"],"picked":"Freischutz","floor":4},{"not_picked":["rmod:firesupport","rmod:aluminumsupply","rmod:intelligenceanalysis","rmod:steelsupply"],"picked":"rmod:acesubmarine","floor":4},{"not_picked":["Wellcheers","FairyFestival"],"picked":"LongBird","floor":5},{"not_picked":["rmod:aluminumsupply","rmod:luckystar","rmod:fletcherpendant","rmod:diaomin"],"picked":"rmod:secretscript","floor":5},{"not_picked":["MHz","Wellcheers","CherryBlossoms"],"picked":"Singing Bowl","floor":7},{"not_picked":["rmod:steelsupply","rmod:acesubmarine","rmod:gendarmerie","rmod:intelligenceanalysis"],"picked":"rmod:supportaircraftcarrier","floor":7},{"not_picked":["Funeral","SpiderBud"],"picked":"BlackSwan","floor":11},{"not_picked":["rmod:sl","rmod:fuelsupply","rmod:circuitoustactics","rmod:bulid"],"picked":"rmod:openingtorpedo","floor":11},{"not_picked":["CherryBlossoms","LittlePrince"],"picked":"GalaxyChild","floor":13},{"not_picked":["rmod:wolves","rmod:ammunitionsupply","rmod:circuitoustactics","rmod:expedition"],"picked":"rmod:diaomin","floor":13},{"not_picked":["MHz","CherryBlossoms","PunishingBird"],"picked":"Singing Bowl","floor":14},{"not_picked":["rmod:advancebysurprise","rmod:ammunitionsupply","rmod:fletcherpendant","rmod:combined"],"picked":"rmod:ridicule","floor":14},{"not_picked":["FieryBird","UniverseFragment","Scorched"],"picked":"Singing Bowl","floor":16},{"not_picked":["rmod:stealaluminum","rmod:auspiciousomen","rmod:timeschanged","rmod:windflower"],"picked":"rmod:desperatesituation","floor":16},{"not_picked":["UniverseFragment","SpiderBud"],"picked":"Scarecrow","floor":18},{"not_picked":["rmod:wolves","rmod:openingtorpedo","rmod:unsinkable","rmod:victimresponsibility+1","rmod:guardianhero"],"picked":"rmod:aviationdawn","floor":18},{"not_picked":["Scorched","Porccubus"],"picked":"WhitesApple","floor":19},{"not_picked":["rmod:capitalist+1","rmod:bulid+1","rmod:openingtorpedo","rmod:tearstotiara","rmod:generalist"],"picked":"rmod:ammunitionsupply+1","floor":19},{"not_picked":["VoidDream","LittlePrince","SpiderBud"],"picked":"Singing Bowl","floor":21},{"not_picked":["MeatLantern","Scorched"],"picked":"Funeral","floor":21},{"not_picked":["rmod:supportescort","rmod:circuitoustactics","rmod:shuttlebombing+1","rmod:aluminumsupply","rmod:steelsupply"],"picked":"rmod:fletcherpendant","floor":21},{"not_picked":["PunishingBird","Bloodbath","Laetitia"],"picked":"Singing Bowl","floor":22},{"not_picked":["OldLady","Woodsman"],"picked":"GreedKing","floor":22},{"not_picked":["rmod:steelsupply","rmod:tearstotiara","rmod:ammunitionsupply","rmod:aviationdawn","rmod:intelligenceanalysis+1"],"picked":"rmod:fuelsupply","floor":22},{"not_picked":["QueenOfHatred","VoidDream"],"picked":"SingingMachine","floor":23},{"not_picked":["rmod:timeschanged","rmod:launchingtorpedo","rmod:combined","rmod:supportescort+1","rmod:intelligenceanalysis+1"],"picked":"rmod:aluminumsupply+1","floor":23},{"not_picked":["SpiderBud","CrumblingArmor","OldLady"],"picked":"Singing Bowl","floor":28},{"not_picked":["rmod:maintain","rmod:unsinkable+1","rmod:combined","rmod:fletcherpendant","rmod:rockthrower+1"],"picked":"rmod:gendarmerie","floor":28},{"not_picked":["SnowQueen","Murderer"],"picked":"Yin","floor":31},{"not_picked":["rmod:guardianhero","rmod:diamondstrike+1","rmod:unsinkable","rmod:ammunitionsupply+1","rmod:tearstotiara"],"picked":"rmod:steelsupply","floor":31},{"not_picked":["rmod:abidefaith","rmod:timeschanged","rmod:auspiciousomen","rmod:acesubmarine","rmod:fletcher"],"picked":"rmod:ridicule","floor":33},{"not_picked":["ShyLook","RedShoes"],"picked":"QueenOfHatred","floor":35},{"not_picked":["rmod:intelligenceanalysis+1","rmod:shuttlebombing","rmod:fuelsupply","rmod:lonelyqueen","rmod:aluminumsupply"],"picked":"rmod:supportaircraftcarrier+1","floor":35},{"not_picked":["RedShoes","SnowQueen"],"picked":"BodiesMountain","floor":36},{"not_picked":["rmod:generalist","rmod:capitalist","rmod:maintain+1","rmod:circuitoustactics","rmod:ammunitionsupply"],"picked":"rmod:fletcherpendant","floor":36},{"not_picked":["DreamingCurrent","BigBird"],"picked":"Mercenary","floor":41},{"not_picked":["rmod:advancebysurprise","rmod:intelligenceanalysis+1","rmod:diamondstrike+1","rmod:steelsupply","rmod:combined"],"picked":"rmod:luckystar+1","floor":41},{"not_picked":["BigBird","Porccubus"],"picked":"Variant","floor":48},{"not_picked":["rmod:aluminumsupply+1","rmod:heivgo","rmod:firesupport+1","rmod:victimresponsibility+1","rmod:advancebysurprise"],"picked":"rmod:luckystar+1","floor":48},{"not_picked":["LittlePrince","BigBird"],"picked":"PlagueDoctor","floor":50},{"not_picked":["rmod:robin","rmod:guardianhero","rmod:garrisonisland","rmod:shuttlebombing","rmod:diamondstrike"],"picked":"rmod:windflower","floor":50},{"not_picked":["Porccubus","QueenBee"],"picked":"CENSORED","floor":56},{"not_picked":["rmod:slowdown+1","rmod:circuitoustactics","rmod:ammunitionsupply+1","rmod:maintain+1","rmod:goodfighter"],"picked":"rmod:fuelsupply+1","floor":56}],"player_experience":478457,"relics_obtained":[{"floor":1,"key":"SynthV:TestCard"},{"floor":1,"key":"LetterFromLob"},{"floor":7,"key":"Centennial Puzzle"},{"floor":9,"key":"The Courier"},{"floor":13,"key":"Dota2Spire:MagicBottle"},{"floor":14,"key":"RedMistMask"},{"floor":23,"key":"relicPack:NeonSign"},{"floor":26,"key":"Onion Ring"},{"floor":28,"key":"infinitespire:CheckeredPen"},{"floor":41,"key":"StuffTheSpire:SapphireSignet"},{"floor":43,"key":"Dota2Spire:ShadowBlade"},{"floor":44,"key":"qcfpunch:Not_Strongest_Fighting_Style_Guidebook"},{"floor":45,"key":"relicPack:DarknessArmor"},{"floor":56,"key":"DeathAngel"}],"event_choices":[{"damage_healed":0,"gold_gain":75,"player_choice":"Touch","damage_taken":7,"max_hp_gain":0,"max_hp_loss":0,"event_name":"FaceTrader","floor":2,"gold_loss":0},{"damage_healed":25,"gold_gain":0,"player_choice":"Banana","damage_taken":0,"max_hp_gain":0,"max_hp_loss":0,"event_name":"Big Fish","floor":12,"gold_loss":0},{"damage_healed":29,"gold_gain":0,"player_choice":"Heal","damage_taken":0,"max_hp_gain":0,"max_hp_loss":0,"event_name":"The Library","floor":25,"gold_loss":0}],"is_beta":false,"boss_relics":[{"not_picked":["Cursed Key","aspiration:RitualDagger"],"picked":"Honey Jar"},{"not_picked":["SacredBark","halation:Risk"],"picked":"PatriotShield"}],"items_purged_floors":[3,20],"is_endless":false,"potions_floor_spawned":[1,4,13,19,22,28,33,35,50],"ascension_level":0}}