{"host":"g5zc4ej6zn2at89o","time":1611580494,"event":{"mods":["2.2 Compatiblity","AchievementEnabler","BaseMod","Colored Map","DeckTracker","Highlight Path","KOR Keyword Fix","Keyboard Shortcuts","Minty Spire (QoL Compilation)","Permanent Neow","Quick Restart","Say the Spire","StSLib","SuperFastMode","everything is the same but u backflip on backflip"],"gold_per_floor":[114,80,80,99,110,110,124,124,151,151,167,167,180,193,193,298,298,316,349,349,319,319],"floor_reached":21,"language":"KOR","playtime":650,"items_purged":[],"score":197,"play_id":"13680917-2a0a-487f-b2a1-f5a3fe21c68c","local_time":"20210125221454","is_ascension_mode":true,"campfire_choices":[{"data":"Corruption","floor":6,"key":"SMITH"},{"data":"Uppercut","floor":10,"key":"SMITH"},{"floor":12,"key":"REST"},{"data":"Heavy Blade","floor":15,"key":"SMITH"}],"circlet_count":0,"master_deck":["Strike_R","Strike_R","Strike_R","Strike_R","Strike_R","Defend_R","Defend_R","Defend_R","Defend_R","Bash","Corruption+1","Heavy Blade+1","Hemokinesis","Double Tap","Uppercut+1","Flex","Burning Pact","Cleave","Flex","Limit Break","Seeing Red","Sword Boomerang","Madness"],"relics":["Burning Blood","Blue Candle","MealTicket","Red Skull","Philosopher\u0027s Stone","Red Mask"],"acts_visited":["Exordium","TheCity"],"potions_floor_usage":[16,16],"damage_taken":[{"damage":0,"enemies":"Cultist","floor":1,"turns":4},{"damage":6,"enemies":"Jaw Worm","floor":4,"turns":3},{"damage":10,"enemies":"Small Slimes","floor":5,"turns":3},{"damage":8,"enemies":"Looter","floor":7,"turns":2},{"damage":28,"enemies":"Lots of Slimes","floor":11,"turns":5},{"damage":13,"enemies":"Red Slaver","floor":13,"turns":2},{"damage":28,"enemies":"Exordium Thugs","floor":14,"turns":4},{"damage":31,"enemies":"Hexaghost","floor":16,"turns":6},{"damage":47,"enemies":"Shell Parasite","floor":18,"turns":5},{"damage":23,"enemies":"Masked Bandits","floor":19,"turns":3},{"damage":15,"enemies":"2 Thieves","floor":21,"turns":2}],"seed_played":"5444784220706725554","potions_obtained":[{"floor":4,"key":"FearPotion"},{"floor":7,"key":"Weak Potion"},{"floor":14,"key":"BloodPotion"},{"floor":16,"key":"Fruit Juice"}],"is_trial":false,"path_per_floor":["M","$","T","M","M","R","M","?","T","R","M","R","M","M","R","B",null,"M","?","?","M"],"character_chosen":"IRONCLAD","items_purchased":["Hemokinesis"],"campfire_rested":1,"item_purchase_floors":[2],"current_hp_per_floor":[72,72,72,72,68,68,66,59,59,59,37,58,51,29,29,23,77,36,19,19,4,4],"gold":319,"neow_bonus":"THREE_RARE_CARDS","is_daily":false,"chose_seed":false,"campfire_upgraded":3,"win_rate":0.0,"timestamp":1611580494,"path_taken":["M","$","?","M","M","R","M","?","T","R","M","R","M","M","R","BOSS","M","?","?","?"],"items_purchased_type":["Card"],"build_version":"2020-12-22","purchased_purges":0,"victory":false,"max_hp_per_floor":[72,72,72,72,72,72,72,72,72,72,72,72,72,72,72,77,77,77,77,77,77,77],"card_choices":[{"not_picked":["Reaper","Barricade"],"picked":"Corruption","floor":0},{"not_picked":["Pommel Strike","Shrug It Off"],"picked":"Heavy Blade","floor":1},{"not_picked":["Thunderclap","True Grit"],"picked":"Double Tap","floor":4},{"not_picked":["Clothesline","Sword Boomerang"],"picked":"Uppercut","floor":5},{"not_picked":["Iron Wave","Headbutt"],"picked":"Flex","floor":7},{"not_picked":["Shockwave","Barricade"],"picked":"Burning Pact","floor":11},{"not_picked":["Disarm","Dark Embrace"],"picked":"Cleave","floor":13},{"not_picked":["Heavy Blade","Burning Pact"],"picked":"Flex","floor":14},{"not_picked":["Barricade","Corruption"],"picked":"Limit Break","floor":16},{"not_picked":["Thunderclap","Flex"],"picked":"Seeing Red","floor":18},{"not_picked":["Twin Strike","Body Slam"],"picked":"Sword Boomerang","floor":19}],"player_experience":124464,"relics_obtained":[{"floor":3,"key":"Blue Candle"},{"floor":9,"key":"Red Skull"},{"floor":19,"key":"Red Mask"}],"event_choices":[{"damage_healed":0,"gold_gain":0,"player_choice":"Success","damage_taken":7,"relics_obtained":["MealTicket"],"max_hp_gain":0,"max_hp_loss":0,"event_name":"Scrap Ooze","floor":8,"gold_loss":0},{"damage_healed":0,"gold_gain":0,"player_choice":"Fought Bandits","damage_taken":0,"max_hp_gain":0,"max_hp_loss":0,"event_name":"Masked Bandits","floor":19,"gold_loss":0},{"damage_healed":0,"gold_gain":0,"player_choice":"1 cards matched","damage_taken":0,"max_hp_gain":0,"max_hp_loss":0,"event_name":"Match and Keep!","floor":20,"gold_loss":0,"cards_obtained":["Madness"]}],"is_beta":false,"boss_relics":[{"not_picked":["Ectoplasm","Mark of Pain"],"picked":"Philosopher\u0027s Stone"}],"items_purged_floors":[],"is_endless":false,"potions_floor_spawned":[4,7,14,16],"killed_by":"2 Thieves","ascension_level":3}}