{"host":"Chadow","time":1611549784,"event":{"mods":["BaseMod","Curses Come First","Minty Spire (QoL Compilation)","Quick Restart","Replay The Spire","StSLib"],"gold_per_floor":[114,114,39,53,53,87,87,102,102,102,121,121,136,154,154,257,257,274,189,189,89,89,89,89,101,148,160,192,192,67,85,85,85],"floor_reached":32,"language":"ENG","playtime":1247,"items_purged":["Strike_B","Strike_B","Strike_B"],"score":285,"play_id":"1646146e-0134-4421-93bc-90cf1915475b","local_time":"20210124234304","is_ascension_mode":false,"campfire_choices":[{"data":"ReplayGash","floor":12,"key":"SMITH"},{"data":"ReplayTheSpireMod:Calculation Training","floor":15,"key":"SMITH"},{"data":"Dualcast","floor":23,"key":"SMITH"},{"data":"ReplayTheSpireMod:GoodbyeWorld","floor":29,"key":"SMITH"}],"circlet_count":0,"master_deck":["Defend_B","Defend_B","Defend_B","Zap+1","Dualcast+1","Panic Button","Skim+1","Ball Lightning","Seek+1","Meteor Strike+1","ReplayGash+1","ReplayTheSpireMod:Calculation Training+1","Electrodynamics+1","ReplayTheSpireMod:GoodbyeWorld+1","ReplayTheSpireMod:Omega Cannon+1"],"relics":["Cracked Core","NeowsBlessing","Golden Egg","Boot","Blood Vial","ReplayTheSpireMod:DimensionalGlitch","Molten Egg 2","Replay:Antivirus Software","Incense Burner"],"acts_visited":["Exordium","TheCity"],"potions_floor_usage":[27],"damage_taken":[{"damage":0.0,"enemies":"Cultist","floor":1.0,"turns":1.0},{"damage":0.0,"enemies":"2 Louse","floor":4.0,"turns":1.0},{"damage":0.0,"enemies":"Lagavulin","floor":6.0,"turns":1.0},{"damage":1.0,"enemies":"Jaw Worm","floor":8.0,"turns":2.0},{"damage":0,"enemies":"3 Louse","floor":11,"turns":2},{"damage":2,"enemies":"Blue Slaver","floor":13,"turns":2},{"damage":6,"enemies":"Exordium Wildlife","floor":14,"turns":2},{"damage":38,"enemies":"Hexaghost","floor":16,"turns":8},{"damage":5,"enemies":"Spheric Guardian","floor":18,"turns":3},{"damage":0,"enemies":"Chosen","floor":25,"turns":3},{"damage":0,"enemies":"Snecko","floor":27,"turns":3},{"damage":44,"enemies":"Slavers","floor":28,"turns":3},{"damage":31,"enemies":"Sentry and Sphere","floor":31,"turns":4}],"seed_played":"1043198252710620963","potions_obtained":[{"floor":6.0,"key":"LiquidBronze"},{"floor":13,"key":"FairyPotion"},{"floor":14,"key":"Adrenaline Potion"}],"is_trial":false,"path_per_floor":["M","?","$","M","$","E","?","M","T","?","M","R","M","M","R","B",null,"M","?","?","$","?","R","$","M","T","M","E","R","$","M","R"],"character_chosen":"DEFECT","items_purchased":[],"campfire_rested":0,"item_purchase_floors":[],"current_hp_per_floor":[75,75,75,75,75,75,75,74,74,49,51,51,51,47,47,11,75,70,70,56,56,56,56,56,57,57,58,15,15,15,2,2,2],"gold":85,"neow_bonus":"THREE_ENEMY_KILL","is_daily":false,"chose_seed":false,"campfire_upgraded":4,"win_rate":0.0,"timestamp":1611549784,"path_taken":["M","?","$","M","$","E","?","?","T","?","M","R","M","M","R","BOSS","M","?","?","?","?","R","$","M","T","M","E","R","$","M","R"],"items_purchased_type":[],"build_version":"2020-12-18","purchased_purges":3,"victory":false,"max_hp_per_floor":[75,75,75,75,75,75,75,75,75,75,75,75,75,75,75,75,75,75,75,80,80,80,80,80,80,80,80,80,80,80,80,80,80],"card_choices":[{"not_picked":["Heatsinks","Blizzard"],"picked":"Panic Button","floor":1.0},{"not_picked":["Rebound","Leap"],"picked":"Ball Lightning","floor":4.0},{"not_picked":["Redo","Sweeping Beam"],"picked":"Seek","floor":6.0},{"not_picked":["Hologram","Sunder"],"picked":"ReplayGash","floor":8.0},{"not_picked":["Barrage","Rip and Tear","Steam"],"picked":"SKIP","floor":11},{"not_picked":["Ball Lightning","Redo"],"picked":"ReplayTheSpireMod:Calculation Training","floor":13},{"not_picked":["Panic Button","Hologram","Redo"],"picked":"SKIP","floor":14},{"not_picked":["Machine Learning","Rainbow"],"picked":"Electrodynamics","floor":16},{"not_picked":["BootSequence+1","Consume","Panic Button+1"],"picked":"SKIP","floor":18},{"not_picked":["Ball Lightning+1","Hologram"],"picked":"ReplayTheSpireMod:GoodbyeWorld","floor":25},{"not_picked":["Coolheaded+1","Leap"],"picked":"ReplayTheSpireMod:Omega Cannon+1","floor":27},{"not_picked":["BasicCrystalCard","FTL+1","Barrage+1"],"picked":"SKIP","floor":28},{"not_picked":["Fusion","ReplayTheSpireMod:GoodbyeWorld","Chill+1"],"picked":"SKIP","floor":31}],"player_experience":759944,"relics_obtained":[{"floor":6.0,"key":"Golden Egg"},{"floor":9.0,"key":"Boot"},{"floor":26,"key":"Replay:Antivirus Software"},{"floor":28,"key":"Incense Burner"}],"event_choices":[{"damage_healed":0.0,"max_hp_gain":0.0,"max_hp_loss":0.0,"gold_gain":0.0,"cards_transformed":["Strike_B"],"event_name":"Transmorgrifier","player_choice":"Transformed","floor":7.0,"gold_loss":0.0,"damage_taken":0.0,"cards_obtained":["Meteor Strike"]},{"damage_healed":0.0,"max_hp_gain":0.0,"max_hp_loss":0.0,"gold_gain":0.0,"event_name":"Scrap Ooze","player_choice":"Success","floor":10.0,"gold_loss":0.0,"damage_taken":25.0,"relics_obtained":["Blood Vial"]},{"damage_healed":0,"gold_gain":0,"player_choice":"Obtained Relic","damage_taken":0,"relics_obtained":["Molten Egg 2"],"max_hp_gain":0,"max_hp_loss":0,"event_name":"Addict","floor":19,"gold_loss":85},{"damage_healed":0,"gold_gain":0,"player_choice":"Shed Blood","damage_taken":19,"max_hp_gain":5,"max_hp_loss":0,"event_name":"Forgotten Altar","floor":20,"gold_loss":0},{"damage_healed":0,"gold_gain":0,"player_choice":"Upgraded","damage_taken":0,"max_hp_gain":0,"max_hp_loss":0,"event_name":"Upgrade Shrine","floor":22,"gold_loss":0,"cards_upgraded":["Zap"]}],"is_beta":true,"boss_relics":[{"not_picked":["Cursed Key","Runic Dome"],"picked":"ReplayTheSpireMod:DimensionalGlitch"}],"items_purged_floors":[3,21,30],"is_endless":false,"potions_floor_spawned":[6,13,14,16,18,25],"ascension_level":0}}