{"host":"17xjy7b7ubl548g2","time":1611554370,"event":{"mods":["2.2 Compatiblity","Act Like it!","Aspiration","Astrologer","Bard","BaseMod","Challenge The Spire","ChefMod","Colored Map","Colored Powertips","Conspire","Elementarium","Energized Spire","Gensokyo","GifTheSpireLib","Halation","Hallownest","Hubris","Infinite Spire","Jedi Mod","Jorbs\u0027s Wanderer Trilogy","Marisa（霧雨　魔理沙）","Marked Mod","Menagerie","Minty Spire (QoL Compilation)","Permanent Neow","Reliquary","Replay The Spire","Robot Space Explorer","Spicy Shops","Spire Arcade","StSLib","Stuff the Spire","The Blue Laboratory","The Bug Knight","The Construct","The Disciple","The Hayseed","The Hierophant","The Marked","The Runesmith","The Sage","TheFirefly"],"gold_per_floor":[213,213,26,41,41,41,52,82,82,82,82,101,133,144,144,223,223,235,235,252,265,13,13,31,64,64,64,74,74,106,106,106,200,200,238,251,281,281,315,315,315,315,315,368,2,352,352,383,383,478,577,577,577,577],"floor_reached":53,"language":"ENG","playtime":4947,"items_purged":["StuffTheSpire:BumpUp","Strike_R","Normality"],"score":1926,"play_id":"c685c7c4-e530-4a81-b15d-2009fe7aee8a","local_time":"20210125005930","is_ascension_mode":true,"campfire_choices":[{"data":"Bash","floor":6.0,"key":"SMITH"},{"data":"Armaments","floor":10.0,"key":"SMITH"},{"data":"Clothesline","floor":15.0,"key":"SMITH"},{"data":"Immolate","floor":23.0,"key":"SMITH"},{"data":"Berserk","floor":27,"key":"SMITH"},{"data":"True Grit","floor":29,"key":"SMITH"},{"data":"Elementarium:GildedForm","floor":32,"key":"SMITH"},{"data":"ReplayTheSpireMod:Muscle Training","floor":40,"key":"SMITH"},{"data":"infinitespire:Starlight","floor":42,"key":"SMITH"},{"data":"infinitespire:Menacing","floor":49,"key":"SMITH"}],"circlet_count":0,"master_deck":["AscendersBane","Strike_R","Defend_R","Defend_R","Defend_R","Defend_R","Bash+1","Ghostly Armor","Backstab","Dash","ReplayTheSpireMod:Stacked","Anger","Armaments+1","Cleave","Menagerie:LoxodonWarhammer","Clothesline+1","Thunderclap","Twin Strike","Immolate+1","Twin Strike","Shockwave","True Grit+1","Havoc+1","conspire:ExplosiveBarrier","Berserk+1","ReplayTheSpireMod:Muscle Training+1","Shrug It Off","Elementarium:GildedForm+1","Juggernaut","Spot Weakness+1","Inflame","infinitespire:Collect","infinitespire:Starlight+1","Parasite","Inflame+1","infinitespire:Gouge","infinitespire:Menacing+1","ReplayTheSpireMod:Muscle Training+1","Disarm","Headbutt","jedi:harder","Corruption","CurseOfTheBell"],"relics":["Burning Blood","Iron Hammer","StrikeDummy","halation:PromiseList","ChewingGum","Oddly Smooth Stone","reliquary:Stiletto","Sundial","jedi:Pinwheel","Question Card","Elementarium:ElementariumTrophy","Coffee Dripper","Pantograph","StuffTheSpire:GrapeVine","ReplayTheSpireMod:CursedCoin","Centennial Puzzle","Old Coin","Self Forming Clay","Calling Bell","Akabeko","HollowMod:StagPassRelic","sagemod:Creepy_Carousel"],"acts_visited":["Exordium","Menagerie:Menagerie","TheBeyond","Exordium"],"potions_floor_usage":[30,36,44,44,46,51],"damage_taken":[{"damage":15.0,"enemies":"Menagerie:WhisperingWraith","floor":1.0,"turns":6.0},{"damage":0.0,"enemies":"Menagerie:MonstrousExperiment","floor":4.0,"turns":5.0},{"damage":0.0,"enemies":"Menagerie:2_RABBITS","floor":7.0,"turns":3.0},{"damage":11.0,"enemies":"Menagerie:MaskedSummoner","floor":8.0,"turns":12.0},{"damage":2.0,"enemies":"Menagerie:KEEPER_AND_YOUNG_SUNEATER","floor":12.0,"turns":5.0},{"damage":6.0,"enemies":"Menagerie:Hydra","floor":13.0,"turns":2.0},{"damage":0.0,"enemies":"Menagerie:3_RABBITS","floor":14.0,"turns":3.0},{"damage":39.0,"enemies":"Menagerie:Chimera","floor":16.0,"turns":11.0},{"damage":4.0,"enemies":"Elementarium:MUD_AND_TAR_GOLEMS","floor":18.0,"turns":4.0},{"damage":0.0,"enemies":"Elementarium:VoidCorruption","floor":20.0,"turns":4.0},{"damage":0.0,"enemies":"Elementarium:STONE_GOLEMS","floor":21.0,"turns":3.0},{"damage":3.0,"enemies":"Elementarium:Hydrostalker","floor":24.0,"turns":5.0},{"damage":12,"enemies":"Elementarium:FIRE_NOBILITY","floor":25,"turns":5},{"damage":2,"enemies":"Elementarium:CYCLONE_AND_ORB_OF_FIRE","floor":28,"turns":4},{"damage":5,"enemies":"Elementarium:WarGolem","floor":30,"turns":3},{"damage":14,"enemies":"Elementarium:GoldenDragon","floor":33,"turns":9},{"damage":1,"enemies":"Orb Walker","floor":35,"turns":3},{"damage":11,"enemies":"3 Darklings","floor":36,"turns":4},{"damage":34,"enemies":"Jaw Worm Horde","floor":37,"turns":5},{"damage":0,"enemies":"Writhing Mass","floor":39,"turns":6},{"damage":0,"enemies":"Nightmare","floor":44,"turns":8},{"damage":23,"enemies":"HollowMod:StalkingDevout","floor":46,"turns":6},{"damage":12,"enemies":"Reptomancer","floor":48,"turns":4},{"damage":13,"enemies":"hubris:GrandSnecko","floor":50,"turns":8},{"damage":51,"enemies":"Donu and Deca","floor":51,"turns":8},{"damage":0,"enemies":"Small Slimes","floor":53,"turns":1}],"seed_played":"3884801219425289955","potions_obtained":[{"floor":1.0,"key":"blueLaboratory:BottleOfRum"},{"floor":7.0,"key":"FearPotion"},{"floor":13.0,"key":"blueLaboratory:Moonshine"},{"floor":18.0,"key":"Swift Potion"},{"floor":24.0,"key":"BlessingOfTheForge"},{"floor":25,"key":"Languid Potion"},{"floor":36,"key":"Reflective Coating"},{"floor":37,"key":"Block Potion"},{"floor":50,"key":"AttackPotion"},{"floor":51,"key":"AttackPotion"}],"is_trial":false,"path_per_floor":["M","?","$","M","$","R","M","E","T","R","?","M","E","M","R","B",null,"M","?","M","M","$","R","M","E","T","R","M","R","E","?","R","B",null,"M","M","M","AVR","M","R","?","R","T","NM","$","E","?","E","R","B","B",null,"M"],"character_chosen":"IRONCLAD","items_purchased":["ReplayTheSpireMod:Stacked","Havoc+1","reliquary:Stiletto","ReplayTheSpireMod:CursedCoin","Disarm","BloodPotion","Centennial Puzzle","BlessingOfTheForge"],"campfire_rested":0,"item_purchase_floors":[3,22,22,45,45,45,45,45],"current_hp_per_floor":[59,59,59,65,65,65,71,66,66,66,66,73,75,75,75,46,68,73,53,62,72,72,72,75,70,70,70,75,75,75,62,62,58,61,62,57,36,36,56,56,41,41,41,62,62,49,49,60,60,57,32,55,55,55],"gold":577,"neow_bonus":"HUNDRED_GOLD","is_daily":false,"chose_seed":false,"campfire_upgraded":10,"win_rate":0.0,"timestamp":1611554370,"path_taken":["M","?","$","?","?","R","M","E","T","R","?","M","E","M","R","BOSS","M","?","?","M","$","R","M","E","T","R","M","R","E","?","R","BOSS","M","M","M","AVR","M","R","?","R","T","NM","$","E","?","E","R","BOSS","BOSS","M"],"items_purchased_type":["Card","Card","Relic","Relic","Card","Potion","Relic","Potion"],"build_version":"2020-12-22","purchased_purges":3,"victory":false,"max_hp_per_floor":[75,75,75,75,75,75,75,75,75,75,75,75,75,75,75,75,75,75,75,75,75,75,75,75,75,75,75,75,75,75,62,62,62,62,62,62,62,62,62,62,62,62,62,62,62,62,62,62,62,62,62,62,62,62],"card_choices":[{"not_picked":["Wild Strike","Heavy Blade"],"picked":"Ghostly Armor","floor":1.0},{"not_picked":["Sever Soul","Headbutt"],"picked":"Anger","floor":4.0},{"not_picked":["Second Wind","Pommel Strike"],"picked":"Armaments","floor":7.0},{"not_picked":["Barricade","Juggernaut"],"picked":"Cleave","floor":8.0},{"not_picked":["Menagerie:LightningBolt","Menagerie:MirarisWake"],"picked":"Menagerie:LoxodonWarhammer","floor":11.0},{"not_picked":["Flex","Reckless Charge"],"picked":"Clothesline","floor":12.0},{"not_picked":["Clash","Perfected Strike"],"picked":"Thunderclap","floor":13.0},{"not_picked":["Body Slam","Clash"],"picked":"Twin Strike","floor":14.0},{"not_picked":["Offering","Barricade"],"picked":"Immolate","floor":16.0},{"not_picked":["jedi:fear","Heavy Blade"],"picked":"Twin Strike","floor":18.0},{"not_picked":["Heavy Blade","Reckless Charge+1"],"picked":"Shockwave","floor":20.0},{"not_picked":["Cleave","Infernal Blade"],"picked":"True Grit","floor":21.0},{"not_picked":["Uppercut","Abandon"],"picked":"conspire:ExplosiveBarrier","floor":24.0},{"not_picked":["StuffTheSpire:RockThrow","Feel No Pain"],"picked":"Berserk","floor":25},{"not_picked":["Clothesline","Run Through"],"picked":"ReplayTheSpireMod:Muscle Training","floor":28},{"not_picked":["Anger","ReplayTheSpireMod:Strike From Hell"],"picked":"Shrug It Off","floor":30},{"not_picked":["StuffTheSpire:TitanForm","Replay:Many Hands","Hemogenesis"],"picked":"Juggernaut","floor":33},{"not_picked":["hubris:CleavingFinish","Twin Strike","Flex"],"picked":"Spot Weakness+1","floor":35},{"not_picked":["Searing Blow","StuffTheSpire:RockThrow","StuffTheSpire:RagingBull"],"picked":"Inflame","floor":36},{"not_picked":["Abandon","Cleave","Clothesline","Iron Wave"],"picked":"SKIP","floor":37},{"not_picked":["Body Slam","ReplayTheSpireMod:Corrosion Curse","Wild Strike"],"picked":"Inflame+1","floor":39},{"not_picked":["ReplayTheSpireMod:Echoes of Time","infinitespire:FinalStrike"],"picked":"infinitespire:Gouge","floor":41},{"not_picked":["infinitespire:Punishment","infinitespire:FutureSight"],"picked":"infinitespire:Menacing","floor":44},{"not_picked":["Bludgeon","Run Through","Twin Strike"],"picked":"ReplayTheSpireMod:Muscle Training+1","floor":44},{"not_picked":["Clothesline","Cleave","Replay:Undeath\u0027s Touch","Run Through"],"picked":"SKIP","floor":46},{"not_picked":["Life Link","jedi:fear","Spot Weakness"],"picked":"Headbutt","floor":48},{"not_picked":["jedi:bloodyhammer","Exhume","Limit Break"],"picked":"jedi:harder","floor":50},{"not_picked":["Demonic Infusion","Eclipse","conspire:Purge"],"picked":"Corruption","floor":51}],"player_experience":1899737,"relics_obtained":[{"floor":8.0,"key":"Iron Hammer"},{"floor":9.0,"key":"StrikeDummy"},{"floor":13.0,"key":"halation:PromiseList"},{"floor":25,"key":"Sundial"},{"floor":26,"key":"jedi:Pinwheel"},{"floor":30,"key":"Question Card"},{"floor":43,"key":"Pantograph"},{"floor":44,"key":"StuffTheSpire:GrapeVine"},{"floor":46,"key":"Old Coin"},{"floor":48,"key":"Self Forming Clay"},{"floor":52,"key":"Akabeko"},{"floor":52,"key":"HollowMod:StagPassRelic"},{"floor":52,"key":"sagemod:Creepy_Carousel"}],"event_choices":[{"damage_healed":0.0,"max_hp_gain":0.0,"max_hp_loss":0.0,"gold_gain":0.0,"event_name":"Menagerie:OvergrownLibrary","player_choice":"Peek","floor":11.0,"gold_loss":0.0,"damage_taken":0.0},{"damage_healed":0,"gold_gain":0,"player_choice":"Dive in","damage_taken":0,"max_hp_gain":0,"max_hp_loss":13,"event_name":"Elementarium:FountainOfGold","floor":31,"gold_loss":0,"cards_obtained":["Elementarium:GildedForm"]},{"damage_healed":0,"gold_gain":0,"player_choice":"Ignored","damage_taken":0,"max_hp_gain":0,"max_hp_loss":0,"event_name":"Mysterious Sphere","floor":47,"gold_loss":0}],"is_beta":false,"boss_relics":[{"not_picked":["energizedSpire:OgreHead","Mark of Pain"],"picked":"ChewingGum"},{"not_picked":["aspiration:FutureDiary","reliquary:WritOfMandamus"],"picked":"Coffee Dripper"},{"not_picked":["Sozu","Electric Blood"],"picked":"Calling Bell"}],"items_purged_floors":[3,38,45],"is_endless":true,"potions_floor_spawned":[1,7,13,18,24,25,28,36,37,39,50,51],"killed_by":"Small Slimes","ascension_level":20}}