{"host":"uv5ws9rdk87e8i5k","time":1611534191,"event":{"mods":["AchievementEnabler","BaseMod","Colored Map","Minty Spire (QoL Compilation)","StSLib","SuperFastMode","The Necromancer"],"gold_per_floor":[119,135,145,159,159,194,213,242,242,242,317,317,327,354,354,451,451,462,478,498,511,179,209,227,227,227,257,257,257,288,288,288,391,391,409,429,446,460,471,502,517,535,535,535,159,159,170,188,188,188],"floor_reached":51,"language":"ENG","playtime":1588,"items_purged":["Strike_W","Strike_W"],"score":827,"play_id":"ee1e93af-fea9-44ae-8fc6-158322762aa8","local_time":"20210124182311","is_ascension_mode":true,"campfire_choices":[{"data":"Summon_Lich","floor":10,"key":"SMITH"},{"data":"Vampiric_Strike","floor":15,"key":"SMITH"},{"data":"Summon_Lich","floor":25,"key":"SMITH"},{"data":"Summon_Lich","floor":28,"key":"SMITH"},{"floor":32,"key":"REST"},{"data":"Summon_Vampire_Lady","floor":44,"key":"SMITH"},{"data":"Summon_Undead","floor":46,"key":"SMITH"},{"data":"Summon_Death_Knight","floor":49,"key":"SMITH"}],"circlet_count":0,"master_deck":["Strike_W","Defend_W+1","Defend_W","Defend_W","Defend_W","Negative_Energy_Arrows","Bone_Wall+1","Vampiric_Strike","Vampiric_Strike+1","Summon_Lich+1","Stop_Heart","Necrotic_Claws","Necrotic_Claws","Summon_Lich+1","Bone_Prison","Dramatic Entrance","Summon_Lich+1","Grasp_Heart","Summon_Vampire_Lady+1","Bone_Armor+1","Life_Tap","Shade_Step+1","Summon_Undead+1","Uncharnel","Summon_Death_Knight+1"],"relics":["Vampire_Amulet","Ancient Tea Set","War Paint","CaptainsWheel","Ornamental Fan","Tiny Chest","Velvet Choker","Ice Cream","Dream Catcher","The Courier","Nilry\u0027s Codex","Bird Faced Urn","Du-Vu Doll","Black Star","Strawberry","Gremlin Horn","Mummified Hand","Blood Vial","Strange Spoon"],"acts_visited":["Exordium","TheCity","TheBeyond"],"potions_floor_usage":[6,16,19,20,20,23,27,33,37,40,41,48,48,50,50],"damage_taken":[{"damage":0,"enemies":"2 Louse","floor":1,"turns":3},{"damage":0,"enemies":"Small Slimes","floor":2,"turns":4},{"damage":5,"enemies":"Jaw Worm","floor":3,"turns":4},{"damage":3,"enemies":"3 Louse","floor":4,"turns":3},{"damage":20,"enemies":"Lagavulin","floor":6,"turns":10},{"damage":10,"enemies":"Lots of Slimes","floor":7,"turns":3},{"damage":20,"enemies":"3 Sentries","floor":8,"turns":5},{"damage":7,"enemies":"Blue Slaver","floor":13,"turns":3},{"damage":10,"enemies":"Lagavulin","floor":14,"turns":6},{"damage":10,"enemies":"The Guardian","floor":16,"turns":8},{"damage":18,"enemies":"2 Thieves","floor":18,"turns":4},{"damage":0,"enemies":"Spheric Guardian","floor":19,"turns":4},{"damage":16,"enemies":"Shelled Parasite and Fungi","floor":20,"turns":3},{"damage":5,"enemies":"3 Cultists","floor":21,"turns":4},{"damage":10,"enemies":"Book of Stabbing","floor":23,"turns":5},{"damage":11,"enemies":"Snake Plant","floor":24,"turns":4},{"damage":16,"enemies":"Slavers","floor":27,"turns":3},{"damage":15,"enemies":"Book of Stabbing","floor":30,"turns":5},{"damage":51,"enemies":"Champ","floor":33,"turns":8},{"damage":15,"enemies":"Orb Walker","floor":35,"turns":3},{"damage":31,"enemies":"3 Shapes","floor":36,"turns":4},{"damage":8,"enemies":"Sphere and 2 Shapes","floor":37,"turns":4},{"damage":15,"enemies":"Maw","floor":38,"turns":7},{"damage":15,"enemies":"Writhing Mass","floor":39,"turns":6},{"damage":79,"enemies":"Giant Head","floor":40,"turns":10},{"damage":10,"enemies":"3 Darklings","floor":41,"turns":4},{"damage":57,"enemies":"Maw","floor":42,"turns":8},{"damage":0,"enemies":"Transient","floor":47,"turns":5},{"damage":17,"enemies":"Writhing Mass","floor":48,"turns":6},{"damage":57,"enemies":"Time Eater","floor":50,"turns":9}],"seed_played":"1815219846552247772","potions_obtained":[{"floor":1,"key":"Ancient Potion"},{"floor":8,"key":"GamblersBrew"},{"floor":13,"key":"SteroidPotion"},{"floor":14,"key":"Energy Potion"},{"floor":18,"key":"DistilledChaos"},{"floor":19,"key":"Fire Potion"},{"floor":21,"key":"FearPotion"},{"floor":33,"key":"EssenceOfSteel"},{"floor":36,"key":"Ancient Potion"},{"floor":38,"key":"SpeedPotion"},{"floor":40,"key":"Fire Potion"},{"floor":41,"key":"PowerPotion"},{"floor":42,"key":"ColorlessPotion"},{"floor":48,"key":"Dexterity Potion"}],"is_trial":false,"path_per_floor":["M","M","M","M","?","E","M","E","T","R","?","?","M","E","R","B",null,"M","M","M","M","$","E","M","R","T","E","R","?","E","T","R","B",null,"M","M","M","M","M","E","M","M","T","R","$","R","M","M","R","B",null],"character_chosen":"NECROMANCER","items_purchased":["Summon_Lich","Bone_Prison","Dramatic Entrance","PowerPotion","Blood Vial","Strange Spoon","Uncharnel"],"campfire_rested":1,"item_purchase_floors":[22,22,22,22,45,45,45],"current_hp_per_floor":[75,75,72,75,68,56,58,48,48,48,37,37,32,28,28,27,75,66,70,62,69,69,61,52,52,52,44,44,28,20,20,42,6,75,67,58,63,64,71,28,45,19,19,19,19,19,62,72,72,68],"gold":188,"neow_bonus":"RANDOM_COMMON_RELIC","is_daily":false,"chose_seed":false,"campfire_upgraded":7,"win_rate":0.0,"timestamp":1611534191,"path_taken":["M","M","M","M","?","E","M","E","T","R","?","?","M","E","R","BOSS","M","M","M","M","$","E","M","R","T","E","R","?","E","?","R","BOSS","M","M","M","M","M","E","M","M","T","R","$","R","M","M","R","BOSS"],"items_purchased_type":["Card","Card","Card","Potion","Relic","Relic","Card"],"build_version":"2020-12-22","purchased_purges":2,"victory":true,"max_hp_per_floor":[75,75,75,75,75,75,75,75,75,75,75,75,75,75,75,75,75,75,75,75,75,75,75,75,75,75,75,75,75,75,75,75,75,75,75,75,75,75,75,82,82,82,82,82,82,82,82,82,82,82],"card_choices":[{"not_picked":["Blood_Shield","Corrupt","Shackles_Of_Pain"],"picked":"SKIP","floor":1},{"not_picked":["Bone_Bullets","Chill_Blood"],"picked":"Vampiric_Strike","floor":2},{"not_picked":["Toxic_Smoke_Screen","Blood_Curse"],"picked":"Vampiric_Strike","floor":3},{"not_picked":["Negative_Energy_Mist","Blood_Whip"],"picked":"Summon_Lich","floor":4},{"not_picked":["Epidemic","Deaths_Shadow","Life_Drain"],"picked":"SKIP","floor":6},{"not_picked":["Negative_Energy_Javelin","Violent_Necrosis"],"picked":"Stop_Heart","floor":7},{"not_picked":["Blood_Curse","Toxic_Smoke_Screen"],"picked":"Necrotic_Claws","floor":8},{"not_picked":["Negative_Energy_Shield","Vampiric_Strike","Toxic_Smoke_Screen"],"picked":"SKIP","floor":13},{"not_picked":["Hellfire","Stop_Heart","Acid_Javelin"],"picked":"SKIP","floor":14},{"not_picked":["Blood_Whip","Negative_Energy_Mist","Bone_Armor"],"picked":"SKIP","floor":18},{"not_picked":["Chill_Blood","Bones_to_Steel","Toxic_Smoke_Screen"],"picked":"SKIP","floor":19},{"not_picked":["Blood_Curse+1","Negative_Energy_Javelin","Blood_Whip"],"picked":"SKIP","floor":20},{"not_picked":["Scare","Blood_Curse"],"picked":"Necrotic_Claws","floor":21},{"not_picked":["Bone_Spikes+1","Violent_Necrosis","Thousand_Bone_Knives+1"],"picked":"SKIP","floor":23},{"not_picked":["Death_Coil","Scare"],"picked":"Summon_Lich","floor":24},{"not_picked":["Finger_Of_Death+1","Corrupt"],"picked":"Grasp_Heart","floor":27},{"not_picked":["Bone_Armor","Negative_Energy_Javelin","Death_Knell"],"picked":"SKIP","floor":30},{"not_picked":["Negative_Energy_Bomb","Cloudkill"],"picked":"Summon_Vampire_Lady","floor":33},{"not_picked":["Bone_Armory+1","Scare","Flesh_Made_Foul+1"],"picked":"SKIP","floor":35},{"not_picked":["Bone_Bullets+1","Negative_Energy_Shield+1"],"picked":"Bone_Armor+1","floor":36},{"not_picked":["Vampiric_Strike+1","Blood_Wake","Toxic_Smoke_Screen"],"picked":"SKIP","floor":37},{"not_picked":["Bone_Shift+1","Life_Drain+1","Blood_Whip"],"picked":"SKIP","floor":38},{"not_picked":["Corrupt+1","Spectral_Walk+1"],"picked":"Life_Tap","floor":39},{"not_picked":["Bone_Spikes+1","Negative_Energy_Shield"],"picked":"Shade_Step+1","floor":40},{"not_picked":["Bone_Armory+1","Negative_Energy_Sphere+1"],"picked":"Summon_Undead","floor":41},{"not_picked":["Negative_Energy_Javelin+1","Scare+1","Blood_Whip"],"picked":"SKIP","floor":42},{"not_picked":["Chill_Blood+1","Blood_for_Blood+1"],"picked":"Summon_Death_Knight","floor":47},{"not_picked":["Shackles_Of_Pain+1","Strike_from_Beyond+1","Negative_Energy_Burst"],"picked":"SKIP","floor":48}],"player_experience":244334,"relics_obtained":[{"floor":6,"key":"War Paint"},{"floor":8,"key":"CaptainsWheel"},{"floor":9,"key":"Ornamental Fan"},{"floor":14,"key":"Tiny Chest"},{"floor":23,"key":"Ice Cream"},{"floor":26,"key":"Dream Catcher"},{"floor":27,"key":"The Courier"},{"floor":29,"key":"Nilry\u0027s Codex"},{"floor":30,"key":"Bird Faced Urn"},{"floor":31,"key":"Du-Vu Doll"},{"floor":40,"key":"Strawberry"},{"floor":40,"key":"Gremlin Horn"},{"floor":43,"key":"Mummified Hand"}],"event_choices":[{"cards_removed":["Strike_W"],"damage_healed":0,"gold_gain":0,"player_choice":"Card Removal","damage_taken":7,"max_hp_gain":0,"max_hp_loss":0,"event_name":"Golden Wing","floor":5,"gold_loss":0},{"damage_healed":0,"gold_gain":75,"player_choice":"Gather Gold","damage_taken":11,"max_hp_gain":0,"max_hp_loss":0,"event_name":"World of Goop","floor":11,"gold_loss":0},{"damage_healed":0,"gold_gain":0,"player_choice":"Searched \u00270\u0027 times","damage_taken":0,"max_hp_gain":0,"max_hp_loss":0,"event_name":"Dead Adventurer","floor":12,"gold_loss":0},{"damage_healed":0,"gold_gain":0,"player_choice":"Obtained Book","damage_taken":16,"max_hp_gain":0,"max_hp_loss":0,"event_name":"Cursed Tome","floor":29,"gold_loss":0}],"is_beta":false,"boss_relics":[{"not_picked":["Ectoplasm","Pandora\u0027s Box"],"picked":"Velvet Choker"},{"not_picked":["Empty Cage","SacredBark"],"picked":"Black Star"}],"items_purged_floors":[22,45],"is_endless":false,"potions_floor_spawned":[1,8,13,14,18,19,21,33,36,38,40,41,42,48],"ascension_level":1}}