{"host":"bpkhhmvsfrvlto2l","time":1611601692,"event":{"mods":["2.2 Compatiblity","AchievementEnabler","Act Like it!","AlwaysNeverKeys","Aspiration","BaseMod","Better Silent Start","Challenge The Spire","Colored Map","Colored Powertips","Custom Start","Energized Spire","Friendly Minions","GifTheSpireLib","Halation","Hubris","Infinite Spire","Ironclad Rager","Mimic Mod","Minty Spire (QoL Compilation)","Permanent Neow","Quick Restart","Random Character Button","Relic Sorter","Replay The Spire","Spikes Relics","StSLib","Stuff the Spire","Swap Starting Deck Mod","Trackpad"],"gold_per_floor":[111,111,111,35,50,83,83,109,109,121,132,165,185,185,185,280,280,292,292,292,312,328,354,354,389,389,403,403,422,422,202,202,303,303,314,314,314,314,330,74,93,93,110,110,150,166,166,166,196,246,246,249],"floor_reached":53,"language":"ENG","playtime":1176,"items_purged":["ReplayTheSpireMod:Splinters","CommonCold"],"score":1113,"play_id":"cedf08c3-90d1-4459-9bdd-9bf4f53528aa","local_time":"20210125140812","is_ascension_mode":true,"campfire_choices":[{"data":"Pummel","floor":7,"key":"SMITH"},{"data":"Flex","floor":15,"key":"SMITH"},{"floor":24,"key":"REST"},{"floor":28,"key":"REST"},{"data":"ReplayTheSpireMod:Black Plague","floor":32,"key":"SMITH"},{"data":"Spot Weakness","floor":42,"key":"SMITH"},{"data":"Flex","floor":44,"key":"SMITH"},{"data":"Rage","floor":51,"key":"SMITH"}],"circlet_count":0,"master_deck":["Anger","Twin Strike","Twin Strike","Twin Strike","Twin Strike","Rage","Rage+1","Rage+1","Rage+1","Flex+1","Pummel+1","Flex+1","Pummel+1","hubris:Fate","Spot Weakness+1","ReplayTheSpireMod:Black Plague+1","Flex+1","Spot Weakness+1"],"relics":["Burning Blood","StuffTheSpire:ForceGauntlet","War Paint","CherryCoatedStake","Blood Vial","StuffTheSpire:HeavyRock","Ring of Chaos","halation:WeightlessCrab","aspiration:TomeofQuesting","Replay:Ringing Soul","StuffTheSpire:EmeraldSignet","Orrery","Sandwich","infinitespire:Lucky Rock","Self Forming Clay","trackpad:BerserkersDraught","infinitespire:Broken Mirror","halation:IllGainedPizza","infinitespire:Golems Mask"],"acts_visited":["Exordium","TheCity","TheBeyond"],"potions_floor_usage":[16,16,18,27,33,49,52,52],"damage_taken":[{"damage":0,"enemies":"Small Slimes","floor":1,"turns":2},{"damage":0,"enemies":"Cultist","floor":5,"turns":2},{"damage":4,"enemies":"Lagavulin","floor":6,"turns":5},{"damage":16,"enemies":"Gremlin Nob","floor":8,"turns":3},{"damage":0,"enemies":"Jaw Worm","floor":10,"turns":3},{"damage":0,"enemies":"Red Slaver","floor":11,"turns":2},{"damage":1,"enemies":"3 Sentries","floor":12,"turns":4},{"damage":0,"enemies":"Looter","floor":13,"turns":2},{"damage":43,"enemies":"The Guardian","floor":16,"turns":12},{"damage":3,"enemies":"3 Byrds","floor":18,"turns":3},{"damage":0,"enemies":"Shell Parasite","floor":21,"turns":3},{"damage":18,"enemies":"Snecko","floor":22,"turns":3},{"damage":32,"enemies":"Book of Stabbing","floor":23,"turns":4},{"damage":41,"enemies":"Slavers","floor":25,"turns":3},{"damage":0,"enemies":"Cultist and Chosen","floor":27,"turns":3},{"damage":0,"enemies":"Centurion and Healer","floor":29,"turns":2},{"damage":23,"enemies":"Collector","floor":33,"turns":4},{"damage":0,"enemies":"Orb Walker","floor":35,"turns":2},{"damage":8,"enemies":"3 Shapes","floor":39,"turns":2},{"damage":21,"enemies":"Maw","floor":41,"turns":5},{"damage":15,"enemies":"4 Shapes","floor":43,"turns":1},{"damage":0,"enemies":"Writhing Mass","floor":45,"turns":3},{"damage":6,"enemies":"Writhing Mass","floor":46,"turns":2},{"damage":17,"enemies":"Nemesis","floor":49,"turns":3},{"damage":0,"enemies":"Mind Bloom Boss Battle","floor":50,"turns":2},{"damage":0,"enemies":"Donu and Deca","floor":52,"turns":2}],"seed_played":"1893361919510446787","potions_obtained":[{"floor":6,"key":"Ancient Potion"},{"floor":8,"key":"Dexterity Potion"},{"floor":12,"key":"Languid Potion"},{"floor":16,"key":"DistilledChaos"},{"floor":22,"key":"Ancient Potion"},{"floor":25,"key":"ColorlessPotion"},{"floor":33,"key":"DistilledChaos"},{"floor":41,"key":"PowerPotion"},{"floor":43,"key":"ColorlessPotion"},{"floor":49,"key":"FearPotion"}],"is_trial":false,"path_per_floor":["M","$","?","$","M","E","R","E","T","M","M","E","M","?","R","B",null,"M","?","AVR","M","M","E","R","E","T","M","R","M","?","$","R","B",null,"M","AVR","PTL","PTL","M","$","M","R","M","R","MIM","M","?","T","E","?","R","B",null],"character_chosen":"IRONCLAD","items_purchased":["Pummel","Orrery","Self Forming Clay"],"campfire_rested":2,"item_purchase_floors":[4,31,40],"current_hp_per_floor":[60,60,60,60,60,60,60,50,50,56,60,60,60,60,60,23,51,58,58,58,60,48,24,42,13,13,23,41,51,54,54,54,39,57,66,66,66,66,64,64,51,51,44,44,55,59,59,59,50,58,58,68],"gold":249,"neow_bonus":"","is_daily":false,"chose_seed":false,"campfire_upgraded":6,"win_rate":0.0,"timestamp":1611601692,"path_taken":["M","$","?","?","?","E","R","E","T","M","M","E","?","?","R","BOSS","M","?","AVR","M","?","E","R","E","T","M","R","M","?","?","R","BOSS","M","AVR","PTL","PTL","M","$","M","R","M","R","MIM","M","?","?","E","?","R","BOSS"],"items_purchased_type":["Card","Relic","Relic"],"build_version":"2020-12-22","purchased_purges":2,"victory":true,"max_hp_per_floor":[60,60,60,60,60,60,60,60,60,60,60,60,60,60,60,60,60,60,60,60,60,60,60,60,60,60,60,60,60,63,63,63,63,63,66,66,66,66,66,66,66,66,66,66,69,69,69,69,69,69,69,69],"card_choices":[{"not_picked":["Anger","Thunderclap"],"picked":"Flex","floor":5},{"not_picked":["Thunderclap","Cleave","Shrug It Off"],"picked":"SKIP","floor":18},{"not_picked":["Run Through","hubris:StunningStrike"],"picked":"Spot Weakness","floor":22},{"not_picked":["Heavy Blade","StuffTheSpire:RockThrow","Twin Strike"],"picked":"SKIP","floor":25},{"not_picked":["Abandon","Run Through","Second Wind+1"],"picked":"SKIP","floor":27},{"not_picked":["infinitespire:SevenWalls","infinitespire:UltimateForm"],"picked":"ReplayTheSpireMod:Black Plague","floor":30},{"not_picked":["StuffTheSpire:RagingBull","Abandon+1"],"picked":"Flex+1","floor":35},{"not_picked":["ReplayTheSpireMod:Strike From Hell+1","Flame Barrier+1","Armaments"],"picked":"SKIP","floor":41},{"not_picked":["Armaments","StuffTheSpire:Slingshot+1"],"picked":"Spot Weakness+1","floor":45}],"player_experience":115648,"relics_obtained":[{"floor":6,"key":"StuffTheSpire:ForceGauntlet"},{"floor":8,"key":"War Paint"},{"floor":9,"key":"CherryCoatedStake"},{"floor":12,"key":"Blood Vial"},{"floor":23,"key":"aspiration:TomeofQuesting"},{"floor":25,"key":"Replay:Ringing Soul"},{"floor":26,"key":"StuffTheSpire:EmeraldSignet"},{"floor":45,"key":"trackpad:BerserkersDraught"},{"floor":48,"key":"infinitespire:Broken Mirror"},{"floor":49,"key":"halation:IllGainedPizza"},{"floor":50,"key":"infinitespire:Golems Mask"}],"event_choices":[{"damage_healed":0,"gold_gain":0,"player_choice":"Ignored","damage_taken":0,"max_hp_gain":0,"max_hp_loss":0,"event_name":"Transmorgrifier","floor":3,"gold_loss":0},{"damage_healed":0,"gold_gain":0,"player_choice":"Gave Potion","damage_taken":0,"relics_obtained":["StuffTheSpire:HeavyRock"],"max_hp_gain":0,"max_hp_loss":0,"event_name":"WeMeetAgain","floor":14,"gold_loss":0},{"damage_healed":0,"gold_gain":0,"player_choice":"Copied","damage_taken":0,"max_hp_gain":0,"max_hp_loss":0,"event_name":"Duplicator","floor":19,"gold_loss":0,"cards_obtained":["Pummel"]},{"damage_healed":0,"gold_gain":0,"player_choice":"Fight","damage_taken":0,"max_hp_gain":0,"max_hp_loss":0,"event_name":"MindBloom","floor":50,"gold_loss":0}],"is_beta":false,"boss_relics":[{"not_picked":["Replay:Grab Bag","trackpad:Coffee"],"picked":"Ring of Chaos"},{"not_picked":["Busted Crown","aspiration:RitualDagger"],"picked":"Sandwich"}],"items_purged_floors":[31,36],"is_endless":false,"potions_floor_spawned":[6,8,12,13,16,22,25,33,41,43,49,50],"ascension_level":5}}