{"host":"df48i9djcn92c5sx","time":1611569792,"event":{"mods":["Act Like it!","Arknights The Spire","BaseMod","Decade(王小明)","Downfall","Gensokyo","Marisa（F雨　魔理沙）","Minty Spire (QoL Compilation)","READ ME - Guardian Mod","READ ME - Snecko Mod","Reimu（博丽灵梦）","Remilia（蕾米莉亚）","Shop Mod","StSLib","The Jungle","The Servant 0.9.4"],"gold_per_floor":[114,134,16,30,344,344,344],"floor_reached":6,"language":"ZHS","playtime":447,"items_purged":[],"score":57,"play_id":"deedc84f-8533-4998-9dce-846690b9d4e9","local_time":"20210125181632","is_ascension_mode":true,"campfire_choices":[],"circlet_count":0,"master_deck":["AscendersBane","Strike_RM","Strike_RM","Strike_RM","Strike_RM","Defend_RM","Defend_RM","Defend_RM","Defend_RM","RedMoon","ScarletShoot","UnstableMagic","ScarletDevilSign","BloodySeventeenLaser","VampireFantasy"],"relics":["ScarletHat","NeowsBlessing","Kunai"],"acts_visited":["Exordium"],"potions_floor_usage":[5],"damage_taken":[{"damage":0,"enemies":"Gensokyo:Gryphon","floor":1,"turns":1},{"damage":0,"enemies":"Gensokyo:3_Fairies","floor":2,"turns":2},{"damage":0,"enemies":"Gensokyo:2_Kodama","floor":4,"turns":4},{"damage":56,"enemies":"Gensokyo:5_Fairies","floor":5,"turns":16},{"damage":28,"enemies":"Gensokyo:Aya","floor":6,"turns":8}],"seed_played":"4193857918271285475","potions_obtained":[{"floor":4,"key":"Block Potion"}],"is_trial":false,"path_per_floor":["M","M","COS","M","M","E"],"character_chosen":"REMILIA","items_purchased":[],"campfire_rested":0,"item_purchase_floors":[],"current_hp_per_floor":[68,68,68,68,16,0,0],"gold":344,"neow_bonus":"THREE_ENEMY_KILL","is_daily":false,"chose_seed":false,"campfire_upgraded":0,"win_rate":0.0,"timestamp":1611569792,"path_taken":["M","M","COS","M","M","E"],"items_purchased_type":[],"build_version":"2020-12-22","purchased_purges":0,"victory":false,"max_hp_per_floor":[75,75,75,75,75,75,75],"card_choices":[{"not_picked":["Stigmanizer","BlasphemousPunishment"],"picked":"UnstableMagic","floor":1},{"not_picked":["CharismaGuard","ScarletImprint","EndlessAdversity"],"picked":"SKIP","floor":2},{"not_picked":["BloodHunter","ScarletNetherworld"],"picked":"ScarletDevilSign","floor":4},{"not_picked":["HeartBreak","HellCatastrophe"],"picked":"BloodySeventeenLaser","floor":5},{"not_picked":["RedRainbow","ScarletDevil"],"picked":"VampireFantasy","floor":5}],"player_experience":1473509,"relics_obtained":[],"event_choices":[],"is_beta":false,"boss_relics":[],"items_purged_floors":[],"is_endless":false,"potions_floor_spawned":[4],"killed_by":"Gensokyo:Aya","ascension_level":10}}