{"host":"l1ihaotq1cxp1b6b","time":1611592093,"event":{"mods":["AchievementEnabler","BaseMod","Colored Map","Custom Start","DeckTracker","Minty Spire (QoL Compilation)","StSLib","SuperFastMode","everything is the same but u backflip on backflip"],"gold_per_floor":[117,117,131,144,1,1,20,20,20,20,20,50,68,129,129,233,233,247,263,288,307,318,318,318,318,393,48,62,62,80,31,31,31,31],"floor_reached":33,"language":"KOR","playtime":1337,"items_purged":["Strike_G"],"score":433,"play_id":"d4fd0528-9c2d-40c6-872a-22c994d9f859","local_time":"20210126012813","is_ascension_mode":true,"campfire_choices":[{"data":"Calculated Gamble","floor":6,"key":"SMITH"},{"data":"Malaise","floor":8,"key":"SMITH"},{"data":"Blade Dance","floor":10,"key":"SMITH"},{"data":"PiercingWail","floor":15,"key":"SMITH"},{"floor":23,"key":"REST"},{"floor":25,"key":"REST"},{"floor":32,"key":"REST"}],"circlet_count":0,"master_deck":["AscendersBane","Strike_G","Defend_G","Defend_G","Defend_G","Defend_G","Survivor","Neutralize","Dagger Spray","PiercingWail+1","Blade Dance+1","Malaise+1","Cloak And Dagger","Leg Sweep","Calculated Gamble+1","Deadly Poison","Footwork","Crippling Poison","Acrobatics","Acrobatics","Quick Slash+1","Tactician+1","Underhanded Strike+1","Finisher","Eviscerate","Bouncing Flask","Flash of Steel","Concentrate+1","Reflex+1"],"relics":["Ring of the Snake","Boot","Orrery","InkBottle","Kunai","Strawberry","Astrolabe","Red Mask","Toxic Egg 2","Ancient Tea Set"],"acts_visited":["Exordium","TheCity"],"potions_floor_usage":[16,18,20,21,30,33,33],"damage_taken":[{"damage":5,"enemies":"Small Slimes","floor":1,"turns":4},{"damage":5,"enemies":"Cultist","floor":3,"turns":5},{"damage":10,"enemies":"Jaw Worm","floor":4,"turns":7},{"damage":3,"enemies":"Exordium Wildlife","floor":7,"turns":4},{"damage":18,"enemies":"Lagavulin","floor":12,"turns":8},{"damage":0,"enemies":"Looter","floor":13,"turns":3},{"damage":7,"enemies":"Gremlin Nob","floor":14,"turns":4},{"damage":6,"enemies":"Hexaghost","floor":16,"turns":17},{"damage":0,"enemies":"3 Byrds","floor":18,"turns":4},{"damage":0,"enemies":"Spheric Guardian","floor":19,"turns":1},{"damage":29,"enemies":"Masked Bandits","floor":20,"turns":4},{"damage":9,"enemies":"Snake Plant","floor":21,"turns":8},{"damage":23,"enemies":"Centurion and Healer","floor":22,"turns":8},{"damage":44,"enemies":"3 Cultists","floor":28,"turns":7},{"damage":1,"enemies":"Chosen and Byrds","floor":30,"turns":6},{"damage":49,"enemies":"Champ","floor":33,"turns":6}],"seed_played":"3135942591370766239","potions_obtained":[{"floor":12,"key":"EssenceOfSteel"},{"floor":13,"key":"DuplicationPotion"},{"floor":14,"key":"GhostInAJar"},{"floor":18,"key":"Fruit Juice"},{"floor":19,"key":"Regen Potion"},{"floor":30,"key":"FearPotion"}],"is_trial":false,"path_per_floor":["M","?","M","M","$","R","M","R","T","R","$","E","M","?","R","B",null,"M","M","?","M","M","R","?","R","T","$","M","?","M","$","R","B"],"character_chosen":"THE_SILENT","items_purchased":["Orrery","Ancient Tea Set","Flash of Steel","Concentrate+1","Energy Potion"],"campfire_rested":3,"item_purchase_floors":[5,27,27,27,31],"current_hp_per_floor":[58,58,53,43,43,43,40,40,40,40,40,22,22,22,22,16,62,67,67,38,43,20,44,28,54,54,54,10,10,9,9,35,0,0],"gold":31,"neow_bonus":"RANDOM_COMMON_RELIC","is_daily":false,"chose_seed":false,"campfire_upgraded":4,"win_rate":0.0,"timestamp":1611592093,"path_taken":["M","?","M","?","$","R","M","R","T","R","$","E","M","?","R","BOSS","M","M","?","M","M","R","?","R","T","$","M","?","M","$","R","BOSS"],"items_purchased_type":["Relic","Relic","Card","Card","Potion"],"build_version":"2020-12-22","purchased_purges":1,"victory":false,"max_hp_per_floor":[70,70,70,70,70,70,70,70,70,70,70,70,70,77,77,77,77,82,82,82,82,82,82,87,87,87,87,87,87,87,87,87,87,87],"card_choices":[{"not_picked":["Dodge and Roll","Bane"],"picked":"Dagger Spray","floor":1},{"not_picked":["Outmaneuver","Skewer"],"picked":"PiercingWail","floor":3},{"not_picked":["Infinite Blades","Outmaneuver"],"picked":"Blade Dance","floor":4},{"not_picked":["Slice","Sucker Punch"],"picked":"Malaise","floor":5},{"not_picked":["Endless Agony","Dagger Throw"],"picked":"Cloak And Dagger","floor":5},{"not_picked":["Deflect","Flechettes"],"picked":"Leg Sweep","floor":5},{"not_picked":["Storm of Steel","Outmaneuver"],"picked":"Calculated Gamble","floor":5},{"not_picked":["Deflect","Slice"],"picked":"Deadly Poison","floor":5},{"not_picked":["Dagger Spray","Underhanded Strike"],"picked":"Footwork","floor":7},{"not_picked":["Deflect","Footwork"],"picked":"Crippling Poison","floor":12},{"not_picked":["Flechettes","Phantasmal Killer"],"picked":"Acrobatics","floor":13},{"not_picked":["Caltrops","Noxious Fumes"],"picked":"Acrobatics","floor":14},{"not_picked":["Dagger Throw+1","Poisoned Stab"],"picked":"Finisher","floor":18},{"not_picked":["Leg Sweep","Concentrate"],"picked":"Eviscerate","floor":19},{"not_picked":["Catalyst","Riddle With Holes"],"picked":"Bouncing Flask","floor":20},{"not_picked":["Skewer+1","PiercingWail+1","Blade Dance"],"picked":"SKIP","floor":21},{"not_picked":["Dagger Spray","Underhanded Strike+1","Setup+1"],"picked":"SKIP","floor":22},{"not_picked":["Slice","Deadly Poison+1","Bane+1"],"picked":"SKIP","floor":28},{"not_picked":["Grand Finale","Noxious Fumes"],"picked":"Reflex+1","floor":30}],"player_experience":539017,"relics_obtained":[{"floor":9,"key":"InkBottle"},{"floor":12,"key":"Kunai"},{"floor":14,"key":"Strawberry"},{"floor":20,"key":"Red Mask"},{"floor":26,"key":"Toxic Egg 2"}],"event_choices":[{"cards_removed":["Strike_G"],"damage_healed":0,"gold_gain":0,"player_choice":"Purged","damage_taken":0,"max_hp_gain":0,"max_hp_loss":0,"event_name":"Purifier","floor":2,"gold_loss":0},{"damage_healed":0,"gold_gain":0,"player_choice":"Searched \u00272\u0027 times","damage_taken":0,"max_hp_gain":0,"max_hp_loss":0,"event_name":"Dead Adventurer","floor":14,"gold_loss":0},{"damage_healed":0,"gold_gain":0,"player_choice":"Fought Bandits","damage_taken":0,"max_hp_gain":0,"max_hp_loss":0,"event_name":"Masked Bandits","floor":20,"gold_loss":0},{"damage_healed":0,"gold_gain":0,"player_choice":"Shed Blood","damage_taken":21,"max_hp_gain":5,"max_hp_loss":0,"event_name":"Forgotten Altar","floor":24,"gold_loss":0},{"damage_healed":0,"gold_gain":0,"player_choice":"Ignored","damage_taken":0,"max_hp_gain":0,"max_hp_loss":0,"event_name":"Vampires","floor":29,"gold_loss":0}],"is_beta":false,"boss_relics":[{"not_picked":["Black Star","SlaversCollar"],"picked":"Astrolabe"}],"items_purged_floors":[27],"is_endless":false,"potions_floor_spawned":[12,13,14,18,19,30],"killed_by":"Champ","ascension_level":10}}