{"host":"jzehok24c0182h89","time":1611596979,"event":{"mods":["Bard","BaseMod","Bestiary","Colored Map","Colored Powertips","Downfall","Hermit","Marisa????????","Minty Spire (QoL Compilation)","Random Character Button","Shade Mod","StSLib","The Blackbeard","The Bug Knight","The Construct","The Cursed","The Disciple","The Dragon Tamer","The Hierophant","The Necromancer","The Servant 0.9.4"],"gold_per_floor":[15,35,53,70,35,35,60,73,98,133,133,149,181,203,203,203,203],"floor_reached":16,"language":"ENG","playtime":733,"items_purged":[],"score":226,"play_id":"f9ecfd3b-9b94-460e-b6b2-7006c842c90c","local_time":"20210125124939","is_ascension_mode":true,"campfire_choices":[{"data":"Inflame","floor":6,"key":"SMITH"},{"floor":11,"key":"DIG"},{"data":"Bash","floor":15,"key":"SMITH"}],"circlet_count":0,"master_deck":["AscendersBane","Strike_R","Strike_R","Strike_R","Strike_R","Strike_R","Defend_R","Defend_R","Defend_R","Defend_R","Bash+1","Inflame+1","Clothesline","Offering","Thunderclap","Feed","Power Through"],"relics":["Burning Blood","Shovel","Happy Flower","Smiling Mask","Toy Ornithopter","Orichalcum","Bird Faced Urn","Odd Mushroom"],"acts_visited":["Exordium"],"potions_floor_usage":[7,16,16],"damage_taken":[{"damage":9,"enemies":"2 Louse","floor":1,"turns":3},{"damage":9,"enemies":"Jaw Worm","floor":2,"turns":4},{"damage":14,"enemies":"Small Slimes","floor":3,"turns":4},{"damage":12,"enemies":"Exordium Wildlife","floor":4,"turns":4},{"damage":37,"enemies":"3 Sentries","floor":7,"turns":7},{"damage":1,"enemies":"2 Fungi Beasts","floor":8,"turns":4},{"damage":26,"enemies":"Lagavulin","floor":10,"turns":6},{"damage":6,"enemies":"Large Slime","floor":12,"turns":2},{"damage":8,"enemies":"Gremlin Nob","floor":13,"turns":4},{"damage":12,"enemies":"The Mushroom Lair","floor":14,"turns":3},{"damage":45,"enemies":"The Guardian","floor":16,"turns":14}],"seed_played":"9068885105388497358","potions_obtained":[{"floor":1,"key":"champ:CounterPotion"},{"floor":3,"key":"Energy Potion"},{"floor":13,"key":"Weak Potion"}],"is_trial":false,"path_per_floor":["M","M","M","M","?","R","E","M","T","E","R","M","E","?","R","B"],"character_chosen":"IRONCLAD","items_purchased":[],"campfire_rested":0,"item_purchase_floors":[],"current_hp_per_floor":[65,62,54,48,66,66,35,43,43,26,26,29,30,29,29,0,0],"gold":203,"neow_bonus":"ONE_RARE_RELIC","is_daily":false,"chose_seed":false,"campfire_upgraded":2,"win_rate":0.0,"timestamp":1611596979,"path_taken":["M","M","M","M","?","R","E","M","T","E","R","M","E","?","R","BOSS"],"items_purchased_type":[],"build_version":"2020-12-22","purchased_purges":0,"victory":false,"max_hp_per_floor":[75,75,75,75,75,75,75,78,78,81,81,84,87,90,90,90,90],"card_choices":[{"not_picked":["Entrench","Wild Strike"],"picked":"Inflame","floor":1},{"not_picked":["Headbutt","Wild Strike"],"picked":"Clothesline","floor":2},{"not_picked":["Cleave","Armaments"],"picked":"Offering","floor":3},{"not_picked":["Sword Boomerang","Warcry"],"picked":"Thunderclap","floor":4},{"not_picked":["Fire Breathing","Heavy Blade"],"picked":"Feed","floor":7},{"not_picked":["Cleave","Entrench","Headbutt"],"picked":"SKIP","floor":8},{"not_picked":["Thunderclap","Twin Strike","Body Slam"],"picked":"SKIP","floor":10},{"not_picked":["Infernal Blade","Seeing Red","Clash"],"picked":"SKIP","floor":12},{"not_picked":["Thunderclap","Clash","Flex"],"picked":"SKIP","floor":13},{"not_picked":["Infernal Blade","Anger"],"picked":"Power Through","floor":14}],"player_experience":809802,"relics_obtained":[{"floor":7,"key":"Happy Flower"},{"floor":9,"key":"Smiling Mask"},{"floor":10,"key":"Toy Ornithopter"},{"floor":11,"key":"Orichalcum"},{"floor":13,"key":"Bird Faced Urn"},{"floor":14,"key":"Odd Mushroom"}],"event_choices":[{"damage_healed":18,"gold_gain":0,"player_choice":"Healed","damage_taken":0,"max_hp_gain":0,"max_hp_loss":0,"event_name":"The Cleric","floor":5,"gold_loss":35},{"damage_healed":0,"gold_gain":0,"player_choice":"Fought Mushrooms","damage_taken":0,"max_hp_gain":0,"max_hp_loss":0,"event_name":"Mushrooms","floor":14,"gold_loss":0}],"is_beta":false,"boss_relics":[],"items_purged_floors":[],"is_endless":false,"potions_floor_spawned":[1,3,13,14],"killed_by":"The Guardian","ascension_level":17}}