{"host":"up2ld7cwom0c6tq3","time":1611562464,"event":{"mods":["Act Like it!","BaseMod","Conspire","Downfall","Gensokyo","Marisa£®ÏF”Í°°ƒß¿Ì…≥£©","Minty Spire (QoL Compilation)","StSLib","The Blackbeard","The Mystic","The Servant 0.9.4","Yuyuko"],"gold_per_floor":[112,62,0,0,0,30,30,30,56,56,391,391,391,10,10,10,10],"floor_reached":16,"language":"ZHS","playtime":1043,"items_purged":["Clumsy"],"score":152,"play_id":"02c05a13-8a07-4392-b390-a4ea3c140878","local_time":"20210125161424","is_ascension_mode":false,"campfire_choices":[{"data":"OpenUniverse","floor":7,"key":"SMITH"},{"data":"UpSweep","floor":13,"key":"SMITH"},{"data":"Gensokyo:BlessingOfVigor","floor":15,"key":"SMITH"}],"circlet_count":0,"master_deck":["Strike_MRS","Strike_MRS","Strike_MRS","Strike_MRS","Defend_MRS","Defend_MRS","Defend_MRS","Defend_MRS","MasterSpark","UpSweep+1","Gensokyo:BlessingOfVigor+1","OpenUniverse+1","WitchOfGreed+1"],"relics":["MiniHakkero","NeowsBlessing","Gensokyo:NagashiBinaDoll","Gensokyo:OccultBall","Frozen Egg 2","Bag of Marbles","Blue Candle","Toxic Egg 2","Strawberry","Potion Belt","Anchor","Juzu Bracelet"],"acts_visited":["Gensokyo:Gensokyo"],"potions_floor_usage":[16],"damage_taken":[{"damage":0,"enemies":"Gensokyo:Python","floor":1,"turns":1},{"damage":0,"enemies":"Gensokyo:Mamizou","floor":6,"turns":6},{"damage":0,"enemies":"Gensokyo:Aya","floor":11,"turns":2},{"damage":79,"enemies":"Gensokyo:Reimu","floor":16,"turns":9}],"seed_played":"-811803888224155732","potions_obtained":[{"floor":1,"key":"GamblersBrew"},{"floor":11,"key":"Block Potion"}],"is_trial":false,"path_per_floor":["M","?","COS","?","?","E","R","$","T","?","E","?","R","$","R","B"],"character_chosen":"MARISA","items_purchased":["Potion Belt","Anchor"],"campfire_rested":0,"item_purchase_floors":[14,14],"current_hp_per_floor":[75,75,75,75,75,75,75,75,75,70,70,67,67,67,67,0,0],"gold":10,"neow_bonus":"THREE_ENEMY_KILL","is_daily":false,"chose_seed":false,"campfire_upgraded":3,"win_rate":0.0,"timestamp":1611562464,"path_taken":["M","?","COS","?","?","E","R","$","T","?","E","?","R","?","R","BOSS"],"items_purchased_type":["Relic","Relic"],"build_version":"2020-12-22","purchased_purges":1,"victory":false,"max_hp_per_floor":[75,75,75,75,75,75,75,75,75,75,75,82,82,82,82,82,82],"card_choices":[{"not_picked":["Occultation","GravityBeat"],"picked":"Orbital","floor":1},{"not_picked":["GrandCross","GravityBeat"],"picked":"OpenUniverse","floor":6},{"not_picked":["AsteroidBelt+1","Acceleration+1"],"picked":"WitchOfGreed+1","floor":11}],"player_experience":69830,"relics_obtained":[{"floor":6,"key":"Frozen Egg 2"},{"floor":9,"key":"Bag of Marbles"},{"floor":11,"key":"Toxic Egg 2"}],"event_choices":[],"is_beta":false,"boss_relics":[],"items_purged_floors":[14],"is_endless":false,"potions_floor_spawned":[1,11],"killed_by":"Gensokyo:Reimu","ascension_level":0}}