{"host":"43gh4c2f6tt319we","time":1611546665,"event":{"mods":["ATMod(∞¢Ë™Mod)","Act Like it!","BaseMod","Gensokyo","Hallownest","KinomotoSakuraMod(ƒæ÷Æ±æ”£)","Lobotomy","Minty Spire (QoL Compilation)","Pale of the Ancients","Reimu£®≤©¿ˆ¡È√Œ£©","Remilia£®¿Ÿ√◊¿Ú—«£©","StSLib","The Alterego","The Bug Knight","Yakumo Yukari mod","Youmu£®ªÍ∆«—˝√Œ£©"],"gold_per_floor":[999,1010,1010,1010,1010,1023,1023,237,237,237,264,364,379,379,404,404,501,501,515,527,0,250,250,250,250,173,173,173,189,207,87,87,87,188,188,199,210,210,110,110,137,137,47,47,57,57,68,68,85,85,85,85,85,85,117,117],"floor_reached":107,"language":"ZHS","playtime":4394,"items_purged":["ClowCardTheShield","ClowCardTheFirey"],"score":1834,"play_id":"03ea07b4-7381-44b3-80eb-20b4ee3f4b0f","local_time":"20210125125105","is_ascension_mode":false,"campfire_choices":[{"data":"AT_FamilyPortrait","floor":57.0,"key":"SMITH"},{"data":"ClowCardTheLittle","floor":59.0,"key":"SMITH"},{"data":"Metamorphosis","floor":66.0,"key":"SMITH"},{"data":"ClowCardTheFight","floor":75.0,"key":"SMITH"},{"data":"ClowCardTheRain","floor":83.0,"key":"SMITH"},{"data":"ClowCardTheRain","floor":92.0,"key":"SMITH"},{"floor":96.0,"key":"RECALL"},{"data":"ClowCardTheEarthy","floor":100,"key":"SMITH"},{"data":"ClowCardTheFreeze","floor":103,"key":"SMITH"}],"circlet_count":0,"master_deck":["SakuraCardTheBig+","SakuraCardTheFight+","ClowCardTheSword+1","ClowCardTheSword+1","HereticApostle","ClowCardTheSword","ClowCardTheShield","ClowCardTheShield","ClowCardTheShield+1","SpellCardSeal","SpellCardRelease","AT_FamilyPortrait+1","ClowCardTheSand","ClowCardTheFloat+1","ClowCardTheFreeze+1","BlueStar","ClowCardTheEarthy+1","ClowCardTheLittle+1","ClowCardTheThunder+1","WhiteNight","AT_EmpoweredMortalDraw+1","ClowCardTheRain+1","ClowCardTheThrough","ClowCardTheReturn","Funeral","Gensokyo:CustomPotion","ClowCardTheFly+1","ClowCardTheBig+1"],"relics":["KSMOD_SealedBook","KSMOD_SealedWand","AT_ATBox","CogitoBucket","Gensokyo:NagashiBinaDoll","Gensokyo:PortableGap","AT_DeathDance","War Paint","Letter Opener","AT_MortalBlade","AT_GuinsooRageblade","Gensokyo:RedStar","Gensokyo:SpiderMask","KSMOD_DarknessWand","AT_SunfireAegis","Gremlin Horn","AtMidnight","KSMOD_SwordJade"],"acts_visited":["Exordium","Gensokyo:Gensokyo","Gensokyo:Gensokyoer","TheEnding"],"potions_floor_usage":[106,106],"damage_taken":[{"damage":2.0,"enemies":"Gensokyo:3_Fairies","floor":52.0,"turns":5.0},{"damage":6.0,"enemies":"Gensokyo:Gryphon","floor":56.0,"turns":3.0},{"damage":0.0,"enemies":"Gensokyo:Aya","floor":61.0,"turns":4.0},{"damage":0.0,"enemies":"Gensokyo:Python","floor":63.0,"turns":3.0},{"damage":20.0,"enemies":"Gensokyo:Cirno","floor":65.0,"turns":6.0},{"damage":6.0,"enemies":"Gensokyo:Reimu","floor":67.0,"turns":7.0},{"damage":7.0,"enemies":"Gensokyo:CosmicMonolith","floor":69.0,"turns":2.0},{"damage":0.0,"enemies":"Gensokyo:Chomper","floor":70.0,"turns":3.0},{"damage":7.0,"enemies":"Gensokyo:Swordslinger","floor":79.0,"turns":3.0},{"damage":0.0,"enemies":"Gensokyo:Wraith","floor":80.0,"turns":1.0},{"damage":35.0,"enemies":"Gensokyo:Kaguya","floor":84.0,"turns":8.0},{"damage":0.0,"enemies":"Gensokyo:3_Boulders","floor":86.0,"turns":1.0},{"damage":0.0,"enemies":"Gensokyo:AncientGuardian","floor":87.0,"turns":3.0},{"damage":10.0,"enemies":"Gensokyo:Doremy","floor":91.0,"turns":5.0},{"damage":4.0,"enemies":"Gensokyo:4_Bats","floor":95.0,"turns":2.0},{"damage":4.0,"enemies":"Gensokyo:Rafflesia","floor":97.0,"turns":5.0},{"damage":0,"enemies":"Gensokyo:3_Boulders","floor":99,"turns":5},{"damage":0,"enemies":"Gensokyo:Yuyuko","floor":101,"turns":6},{"damage":85,"enemies":"Shield and Spear","floor":105,"turns":5},{"damage":66,"enemies":"The Heart","floor":106,"turns":8}],"seed_played":"-7377361002673223500","potions_obtained":[{"floor":52.0,"key":"PowerPotion"},{"floor":63.0,"key":"DuplicationPotion"},{"floor":67.0,"key":"Energy Potion"},{"floor":70.0,"key":"ColorlessPotion"},{"floor":79.0,"key":"SteroidPotion"},{"floor":86.0,"key":"Explosive Potion"},{"floor":91.0,"key":"Fire Potion"}],"is_trial":false,"path_per_floor":["M","?","?","?","M","R","$","R","T","E","?","M","?","E","R","B",null,"M","M","?","?","?","?","R","$","T","?","M","M","?","$","R","B",null,"M","M","?","$","?","E","R","?","T","M","R","M","?","M","R","B",null,"R","$","E","B",null],"character_chosen":"KINOMOTOSAKURA","items_purchased":["Metamorphosis","AT_DeathDance","ClowCardTheEarthy","Oddly Smooth Stone","ClowCardTheLittle","ClowCardTheFirey"],"campfire_rested":0,"item_purchase_floors":[58,58,58,58,58,76],"current_hp_per_floor":[70,68,68,68,68,62,62,62,62,62,62,62,62,62,42,42,36,36,48,73,73,73,73,73,73,73,73,72,66,66,66,66,66,35,35,38,69,69,69,69,69,69,69,69,69,69,69,69,69,69,69,69,69,69,33,52],"gold":117,"neow_bonus":"","is_daily":false,"chose_seed":false,"campfire_upgraded":8,"win_rate":0.0,"timestamp":1611546665,"path_taken":["M","?","?","?","?","R","$","R","T","E","?","M","?","E","R","BOSS","M","M","?","?","?","?","R","?","T","?","?","M","?","$","R","BOSS","M","?","?","$","?","E","R","?","T","?","R","M","?","?","R","BOSS","R","$","E","BOSS"],"items_purchased_type":["Card","Relic","Card","Relic","Card","Card"],"build_version":"2020-12-22","purchased_purges":2,"victory":true,"max_hp_per_floor":[90,90,90,78,78,78,78,78,78,78,78,78,78,78,78,78,78,78,78,78,78,78,78,75,75,75,75,72,72,72,69,69,69,69,69,69,69,69,69,69,69,69,69,69,69,69,69,69,69,69,69,69,69,69,69,69],"card_choices":[{"not_picked":["ClowCardTheSnow","ClowCardTheCloud"],"picked":"ClowCardTheSand","floor":52.0},{"not_picked":["ClowCardThePower","ClowCardTheErase"],"picked":"ClowCardTheSilent","floor":55.0},{"not_picked":["ClowCardThePower","ClowCardTheSleep"],"picked":"ClowCardTheFloat","floor":55.0},{"not_picked":["ClowCardThePower","ClowCardTheSnow"],"picked":"ClowCardTheFreeze","floor":56.0},{"not_picked":["Variant","WhiteNight"],"picked":"BlueStar","floor":56.0},{"not_picked":["ClowCardTheSilent","ClowCardTheDream"],"picked":"ClowCardTheThunder","floor":61.0},{"not_picked":["SilentOrchestra","SingingMachine"],"picked":"LittleHelper","floor":61.0},{"not_picked":["ClowCardTheWatery","ClowCardTheMirror"],"picked":"ClowCardTheWave","floor":63.0},{"not_picked":["ClowCardTheVoice","ClowCardTheErase"],"picked":"ClowCardTheMist","floor":65.0},{"not_picked":["ClowCardTheLight","ClowCardTheDark"],"picked":"ClowCardTheFight","floor":67.0},{"not_picked":["SnowQueen","BodiesMountain"],"picked":"WhiteNight","floor":67.0},{"not_picked":["ClowCardTheSilent","ClowCardTheLock+1","ClowCardTheSand+1"],"picked":"SKIP","floor":69.0},{"not_picked":["ClowCardTheSilent","ClowCardTheLock+1","ClowCardTheSand+1"],"picked":"SKIP","floor":69.0},{"not_picked":["ClowCardTheWood","ClowCardTheDream+1","ClowCardTheEarthy+1"],"picked":"SKIP","floor":70.0},{"not_picked":["ClowCardTheIllusion+1","ClowCardTheErase","ClowCardTheVoice"],"picked":"SKIP","floor":79.0},{"not_picked":["ClowCardTheSand","ClowCardTheSnow"],"picked":"ClowCardTheRain","floor":80.0},{"not_picked":[],"picked":"Gensokyo:ShootingStar","floor":84.0},{"not_picked":["ClowCardTheReturn","ClowCardTheDash"],"picked":"ClowCardTheThrough","floor":84.0},{"not_picked":["ClowCardTheStorm","ClowCardTheWindy"],"picked":"ClowCardTheReturn","floor":86.0},{"not_picked":["BlackArmy","NothingThere"],"picked":"Funeral","floor":86.0},{"not_picked":["ClowCardTheWood+1","ClowCardTheDash"],"picked":"ClowCardTheBig+1","floor":87.0},{"not_picked":["Gensokyo:MorningMist","Gensokyo:NewMoon"],"picked":"Gensokyo:UnhurriedMind","floor":90.0},{"not_picked":["ClowCardTheLibra+1","ClowCardTheMist+1"],"picked":"ClowCardTheRain","floor":91.0},{"not_picked":["ClowCardTheShadow","ClowCardTheVoice"],"picked":"ClowCardTheFly+1","floor":95.0},{"not_picked":["ClowCardTheShot","ClowCardTheThunder","ClowCardTheErase"],"picked":"SKIP","floor":97.0},{"not_picked":["ClowCardTheChange","ClowCardTheWood+1","ClowCardTheMirror+1"],"picked":"SKIP","floor":99},{"not_picked":["ClowCardTheDream","ClowCardTheArrow+1"],"picked":"ClowCardTheBig+1","floor":105}],"player_experience":467606,"relics_obtained":[{"floor":61.0,"key":"War Paint"},{"floor":65.0,"key":"Letter Opener"},{"floor":77.0,"key":"AT_GuinsooRageblade"},{"floor":91.0,"key":"AT_SunfireAegis"},{"floor":94.0,"key":"Gremlin Horn"},{"floor":99,"key":"AtMidnight"},{"floor":105,"key":"KSMOD_SwordJade"}],"event_choices":[],"is_beta":false,"boss_relics":[{"not_picked":["Busted Crown","SlaversCollar"],"picked":"AT_MortalBlade"},{"not_picked":["Black Star","Pandora\u0027s Box"],"picked":"KSMOD_DarknessWand"}],"items_purged_floors":[58,89],"is_endless":false,"potions_floor_spawned":[52,63,67,70,79,86,91,99],"ascension_level":0}}