{"host":"srk2drlvga69hbot","time":1611568340,"event":{"mods":["BaseMod","Bestiary","Block Reminder","Colored Map","Colored Powertips","Dark Map","DeckTracker","Highlight Path","Minty Spire (QoL Compilation)","Quick Restart","Rare Cards Sparkle","Relic Stats","SuperFastMode","Unceasing Turn Reminder"],"gold_per_floor":[112,130,55,55,123,150,150,163,188,188,188],"floor_reached":10,"language":"ZHS","playtime":259,"items_purged":["Strike_G"],"score":99,"play_id":"e3febfbf-aae7-4b4e-ac50-d6be9ba4378d","local_time":"20210125175220","is_ascension_mode":true,"campfire_choices":[{"floor":7,"key":"REST"}],"circlet_count":0,"master_deck":["Strike_G","Strike_G","Strike_G","Strike_G","Defend_G","Defend_G","Defend_G","Defend_G","Defend_G","Survivor","Neutralize","Bouncing Flask","Escape Plan","Escape Plan"],"relics":["Ring of the Snake","NeowsBlessing","SsserpentHead","Happy Flower","Regal Pillow"],"acts_visited":["Exordium"],"potions_floor_usage":[10],"damage_taken":[{"damage":0,"enemies":"Jaw Worm","floor":1,"turns":1},{"damage":0,"enemies":"Cultist","floor":2,"turns":1},{"damage":0,"enemies":"2 Louse","floor":5,"turns":1},{"damage":57,"enemies":"Gremlin Nob","floor":6,"turns":5},{"damage":0,"enemies":"Looter","floor":8,"turns":4},{"damage":26,"enemies":"3 Sentries","floor":10,"turns":8}],"seed_played":"4963267367696641418","potions_obtained":[{"floor":6,"key":"GamblersBrew"}],"is_trial":false,"path_per_floor":["M","M","$","?","M","E","R","M","T","E"],"character_chosen":"THE_SILENT","items_purchased":[],"campfire_rested":1,"item_purchase_floors":[],"current_hp_per_floor":[63,63,63,63,63,6,27,27,27,1,1],"gold":188,"neow_bonus":"THREE_ENEMY_KILL","is_daily":false,"chose_seed":false,"campfire_upgraded":0,"win_rate":0.0,"timestamp":1611568340,"path_taken":["M","M","$","?","?","E","R","M","T","E"],"items_purchased_type":[],"build_version":"2020-12-22","purchased_purges":1,"victory":false,"max_hp_per_floor":[70,70,70,70,70,70,70,70,70,70,70],"relic_stats":{"SsserpentHead":50,"Regal Pillow":0,"Happy Flower":[4],"counters":[6,20],"obtain_stats":[{"SsserpentHead":4,"Regal Pillow":9,"NeowsBlessing":0,"Happy Flower":6,"Ring of the Snake":0},{"SsserpentHead":2,"Regal Pillow":5,"NeowsBlessing":0,"Happy Flower":4,"Ring of the Snake":0},{"SsserpentHead":2,"Regal Pillow":12,"NeowsBlessing":0,"Happy Flower":8,"Ring of the Snake":0}],"Ring of the Snake":[12]},"card_choices":[{"not_picked":["Poisoned Stab","Bane","Outmaneuver"],"picked":"SKIP","floor":1},{"not_picked":["Acrobatics","Dagger Throw"],"picked":"Bouncing Flask","floor":2},{"not_picked":["Dagger Throw","Prepared"],"picked":"Escape Plan","floor":5},{"not_picked":["Flying Knee","PiercingWail"],"picked":"Escape Plan","floor":6},{"not_picked":["Deflect","Bane","Flying Knee"],"picked":"SKIP","floor":8}],"player_experience":249435,"relics_obtained":[{"floor":6,"key":"Happy Flower"},{"floor":9,"key":"Regal Pillow"}],"event_choices":[{"damage_healed":0,"gold_gain":0,"player_choice":"Trade","damage_taken":0,"relics_obtained":["SsserpentHead"],"max_hp_gain":0,"max_hp_loss":0,"event_name":"FaceTrader","floor":4,"gold_loss":0}],"is_beta":false,"boss_relics":[],"items_purged_floors":[3],"is_endless":false,"potions_floor_spawned":[6],"killed_by":"3 Sentries","ascension_level":9}}