{"host":"78zdngn0u28jm0pp","time":1611552785,"event":{"mods":["BaseMod","Jorbs\u0027s Wanderer Trilogy","Minty Spire (QoL Compilation)","Permanent Neow","Quick Restart","Relic Stats","StSLib","Unceasing Turn Reminder"],"gold_per_floor":[111,261,261,273,29,61,80,80,129,143,174,26,26,37,37,110,110,122,134,134,134,160,160,175,205,205,222,222,234,234,269,269,269,269],"floor_reached":33,"language":"ENG","playtime":1249,"items_purged":["Doubt"],"score":690,"play_id":"8f68cbf1-82bb-4071-aa09-3e06e0ec3d0d","local_time":"20210124223305","is_ascension_mode":true,"campfire_choices":[{"data":"Finisher","floor":8,"key":"SMITH"},{"data":"Footwork","floor":15,"key":"SMITH"},{"floor":23,"key":"REST"},{"floor":30,"key":"REST"},{"floor":32,"key":"RECALL"}],"circlet_count":0,"master_deck":["AscendersBane","Strike_G+1","Strike_G+1","Defend_G+1","Defend_G+1","Defend_G+1","Defend_G+1","Defend_G+1","Survivor","Neutralize","Finisher+1","Dagger Spray","Footwork+1","Dagger Spray","Backflip","Flying Knee","Backstab","Blade Dance+1","Terror+1","Impatience+1","Slice","Malaise+1","Crippling Poison+1","Blur+1","PiercingWail+1","Deflect+1","Cloak And Dagger+1","Cloak And Dagger+1","Blade Dance+1","Prepared+1","Blade Dance+1"],"relics":["Ring of the Snake","NeowsBlessing","Pen Nib","Vajra","Toxic Egg 2","Potion Belt","Astrolabe","Red Mask","Darkstone Periapt","Gremlin Horn","Tough Bandages","Blood Vial"],"acts_visited":["Exordium","TheCity"],"potions_floor_usage":[11,16,22,25,31],"damage_taken":[{"damage":0,"enemies":"Cultist","floor":1,"turns":1},{"damage":0,"enemies":"Small Slimes","floor":4,"turns":1},{"damage":0,"enemies":"Lagavulin","floor":6,"turns":1},{"damage":0,"enemies":"Jaw Worm","floor":7,"turns":5},{"damage":0,"enemies":"2 Fungi Beasts","floor":10,"turns":1},{"damage":8,"enemies":"Gremlin Nob","floor":11,"turns":3},{"damage":0,"enemies":"Exordium Wildlife","floor":14,"turns":2},{"damage":5,"enemies":"Hexaghost","floor":16,"turns":6},{"damage":12,"enemies":"Shell Parasite","floor":18,"turns":5},{"damage":0,"enemies":"3 Byrds","floor":19,"turns":4},{"damage":8,"enemies":"Masked Bandits","floor":22,"turns":4},{"damage":12,"enemies":"Snecko","floor":24,"turns":7},{"damage":5,"enemies":"Gremlin Leader","floor":25,"turns":6},{"damage":1,"enemies":"Snake Plant","floor":27,"turns":3},{"damage":4,"enemies":"Centurion and Healer","floor":29,"turns":4},{"damage":0,"enemies":"Slavers","floor":31,"turns":2},{"damage":58,"enemies":"Collector","floor":33,"turns":7}],"seed_played":"1038713887164414942","potions_obtained":[{"floor":1,"key":"Dexterity Potion"},{"floor":14,"key":"Explosive Potion"},{"floor":19,"key":"PowerPotion"},{"floor":24,"key":"SkillPotion"},{"floor":25,"key":"LiquidBronze"}],"is_trial":false,"path_per_floor":["M","?","?","M","$","E","M","R","T","M","E","$","?","M","R","B",null,"M","M","?","?","?","R","M","E","T","M","T","M","R","E","R","B"],"character_chosen":"THE_SILENT","items_purchased":["Footwork","Dagger Spray","SkillPotion","Terror+1","Impatience+1"],"campfire_rested":2,"item_purchase_floors":[5,5,5,12,12],"current_hp_per_floor":[59,59,39,39,39,39,39,39,39,39,31,31,31,31,31,26,56,44,44,44,44,36,55,43,38,38,37,37,33,52,52,52,0,0],"gold":269,"neow_bonus":"THREE_ENEMY_KILL","is_daily":false,"chose_seed":false,"campfire_upgraded":2,"win_rate":0.0,"timestamp":1611552785,"path_taken":["M","?","?","M","$","E","M","R","T","M","E","$","?","M","R","BOSS","M","M","?","?","?","R","?","E","T","M","?","M","R","E","R","BOSS"],"items_purchased_type":["Card","Card","Potion","Card","Card"],"build_version":"2020-12-22","purchased_purges":1,"victory":false,"max_hp_per_floor":[66,66,66,66,66,66,66,66,66,66,66,66,66,66,66,66,66,66,66,66,66,66,66,66,66,66,66,66,66,66,66,66,66,66],"relic_stats":{"Darkstone Periapt":0,"Blood Vial":2,"Tough Bandages":[18],"Gremlin Horn":[5,5],"counters":[17,62],"Astrolabe":["Crippling Poison","Blur","PiercingWail"],"Pen Nib":[18],"obtain_stats":[{"Potion Belt":13,"Darkstone Periapt":25,"Blood Vial":31,"Tough Bandages":28,"NeowsBlessing":0,"Gremlin Horn":26,"Astrolabe":17,"Vajra":9,"Pen Nib":6,"Red Mask":22,"Toxic Egg 2":11,"Ring of the Snake":0},{"Potion Belt":6,"Darkstone Periapt":13,"Blood Vial":16,"Tough Bandages":14,"NeowsBlessing":0,"Gremlin Horn":13,"Astrolabe":8,"Vajra":4,"Pen Nib":3,"Red Mask":11,"Toxic Egg 2":6,"Ring of the Snake":0},{"Potion Belt":12,"Darkstone Periapt":46,"Blood Vial":55,"Tough Bandages":49,"NeowsBlessing":0,"Gremlin Horn":46,"Astrolabe":20,"Vajra":8,"Pen Nib":3,"Red Mask":33,"Toxic Egg 2":12,"Ring of the Snake":0}],"Ring of the Snake":[34]},"card_choices":[{"not_picked":["Setup","Flying Knee"],"picked":"Finisher","floor":1},{"not_picked":["Blur","Noxious Fumes"],"picked":"Dagger Spray","floor":4},{"not_picked":["Caltrops","Heel Hook"],"picked":"Backflip","floor":6},{"not_picked":["Well Laid Plans","Acrobatics"],"picked":"Flying Knee","floor":7},{"not_picked":["Dagger Spray","Deadly Poison"],"picked":"Backstab","floor":10},{"not_picked":["Acrobatics+1","Underhanded Strike"],"picked":"Blade Dance+1","floor":11},{"not_picked":["Dagger Spray","Dagger Throw"],"picked":"Slice","floor":14},{"not_picked":["Doppelganger+1","Glass Knife"],"picked":"Malaise+1","floor":16},{"not_picked":["Outmaneuver+1","Blur+1"],"picked":"Deflect+1","floor":18},{"not_picked":["Heel Hook","Deadly Poison+1"],"picked":"Cloak And Dagger+1","floor":19},{"not_picked":["Outmaneuver+1","Quick Slash"],"picked":"Cloak And Dagger+1","floor":24},{"not_picked":["Bane+1","Acrobatics+1"],"picked":"Blade Dance+1","floor":25},{"not_picked":["Tactician+1","Infinite Blades+1"],"picked":"Prepared+1","floor":27},{"not_picked":["Crippling Poison+1","Catalyst+1","Well Laid Plans"],"picked":"SKIP","floor":29},{"not_picked":["Dagger Spray","Infinite Blades"],"picked":"Blade Dance+1","floor":31}],"player_experience":239374,"relics_obtained":[{"floor":6,"key":"Pen Nib"},{"floor":9,"key":"Vajra"},{"floor":11,"key":"Toxic Egg 2"},{"floor":22,"key":"Red Mask"},{"floor":25,"key":"Darkstone Periapt"},{"floor":26,"key":"Gremlin Horn"},{"floor":28,"key":"Tough Bandages"},{"floor":31,"key":"Blood Vial"}],"event_choices":[{"damage_healed":0,"gold_gain":150,"player_choice":"AGREE","damage_taken":0,"max_hp_gain":0,"max_hp_loss":0,"event_name":"Liars Game","floor":2,"gold_loss":0,"cards_obtained":["Doubt"]},{"damage_healed":0,"gold_gain":0,"player_choice":"Entered Light","damage_taken":20,"max_hp_gain":0,"max_hp_loss":0,"event_name":"Shining Light","floor":3,"gold_loss":0,"cards_upgraded":["Defend_G","Defend_G"]},{"damage_healed":0,"gold_gain":0,"player_choice":"Searched \u00271\u0027 times","damage_taken":0,"relics_obtained":["Potion Belt"],"max_hp_gain":0,"max_hp_loss":0,"event_name":"Dead Adventurer","floor":13,"gold_loss":0},{"damage_healed":0,"gold_gain":0,"player_choice":"Simplicity","damage_taken":0,"max_hp_gain":0,"max_hp_loss":0,"event_name":"Back to Basics","floor":20,"gold_loss":0,"cards_upgraded":["Strike_G","Strike_G","Defend_G","Defend_G","Defend_G"]},{"damage_healed":0,"gold_gain":0,"player_choice":"Ignored","damage_taken":0,"max_hp_gain":0,"max_hp_loss":0,"event_name":"Cursed Tome","floor":21,"gold_loss":0},{"damage_healed":0,"gold_gain":0,"player_choice":"Fought Bandits","damage_taken":0,"max_hp_gain":0,"max_hp_loss":0,"event_name":"Masked Bandits","floor":22,"gold_loss":0}],"is_beta":false,"boss_relics":[{"not_picked":["Sozu","Empty Cage"],"picked":"Astrolabe"}],"items_purged_floors":[5],"is_endless":false,"potions_floor_spawned":[1,14,19,24,25],"killed_by":"Collector","ascension_level":20}}