{"host":"xsuxkwaivmtd234a","time":1611589300,"event":{"mods":["BaseMod","Colored Map","Filter the Spire","Minty Spire (QoL Compilation)","Relic Stats","StSLib"],"gold_per_floor":[99,99,99,99,99,99,99,99,99,99,99,69,69,69,69,69,69,69,69,69,69,69,69,69,69,69,69,69,69,69,69,69,69,69,69,17,17,17,17,17,17,17,17,17,17,17,17,17,17,17,17,17,17,17,17],"floor_reached":56,"language":"ENG","playtime":3634,"items_purged":[],"score":1673,"play_id":"982263a1-1c87-4213-a020-0dd0329c4763","local_time":"20210125104140","is_ascension_mode":true,"campfire_choices":[{"data":"Sweeping Beam","floor":7,"key":"SMITH"},{"data":"Go for the Eyes","floor":10,"key":"SMITH"},{"data":"Defragment","floor":15,"key":"SMITH"},{"data":"Seek","floor":23,"key":"SMITH"},{"floor":25,"key":"REST"},{"data":"Hologram","floor":32,"key":"SMITH"},{"floor":49,"key":"RECALL"},{"data":"Buffer","floor":52,"key":"SMITH"}],"circlet_count":0,"master_deck":["Zap","Dualcast","Ball Lightning","Ball Lightning","Sweeping Beam+1","Go for the Eyes+1","Conserve Battery","Defragment+1","Hologram+1","Cold Snap","Seek+1","Self Repair+1","BootSequence+1","Glacier","Doom and Gloom","Buffer+1","Echo Form","Amplify","Seek","Coolheaded","Thunder Strike","Leap","Reboot","Static Discharge","Stack+1","Heatsinks+1","Aggregate","BootSequence+1"],"relics":["Ectoplasm","Bronze Scales","Odd Mushroom","Whetstone","Gremlin Horn","Pen Nib","Emotion Chip","Snecko Eye","Nilry\u0027s Codex","CaptainsWheel","Strawberry","Turnip","Pandora\u0027s Box","Unceasing Top","Dead Branch","DataDisk","Pear","Blue Candle","Letter Opener","Art of War","TungstenRod"],"acts_visited":["Exordium","TheCity","TheBeyond","TheEnding"],"potions_floor_usage":[6,11,27,29,29,37,37,48,48,48,48,50,54],"damage_taken":[{"damage":1.0,"enemies":"Cultist","floor":1.0,"turns":4.0},{"damage":0,"enemies":"2 Louse","floor":3,"turns":2},{"damage":7,"enemies":"Jaw Worm","floor":4,"turns":2},{"damage":4,"enemies":"2 Fungi Beasts","floor":5,"turns":3},{"damage":20,"enemies":"3 Sentries","floor":6,"turns":5},{"damage":0,"enemies":"The Mushroom Lair","floor":8,"turns":2},{"damage":16,"enemies":"Lagavulin","floor":11,"turns":4},{"damage":0,"enemies":"Looter","floor":12,"turns":3},{"damage":13,"enemies":"3 Sentries","floor":13,"turns":3},{"damage":0,"enemies":"Hexaghost","floor":16,"turns":7},{"damage":4,"enemies":"3 Byrds","floor":18,"turns":2},{"damage":0,"enemies":"Spheric Guardian","floor":20,"turns":3},{"damage":8,"enemies":"Snake Plant","floor":24,"turns":3},{"damage":23,"enemies":"Slavers","floor":27,"turns":3},{"damage":0,"enemies":"Centurion and Healer","floor":28,"turns":4},{"damage":10,"enemies":"Gremlin Leader","floor":29,"turns":7},{"damage":17,"enemies":"Slavers","floor":31,"turns":4},{"damage":29,"enemies":"Collector","floor":33,"turns":7},{"damage":0,"enemies":"3 Darklings","floor":35,"turns":3},{"damage":12,"enemies":"2 Orb Walkers","floor":37,"turns":4},{"damage":22,"enemies":"3 Shapes","floor":39,"turns":6},{"damage":0,"enemies":"Giant Head","floor":40,"turns":12},{"damage":21,"enemies":"Nemesis","floor":42,"turns":7},{"damage":11,"enemies":"Jaw Worm Horde","floor":44,"turns":3},{"damage":42,"enemies":"Giant Head","floor":45,"turns":10},{"damage":7,"enemies":"4 Shapes","floor":46,"turns":2},{"damage":0,"enemies":"Spire Growth","floor":47,"turns":4},{"damage":18,"enemies":"Reptomancer","floor":48,"turns":4},{"damage":22,"enemies":"Time Eater","floor":50,"turns":15},{"damage":85,"enemies":"Shield and Spear","floor":54,"turns":6},{"damage":10,"enemies":"The Heart","floor":55,"turns":12}],"seed_played":"-1976262441884700817","potions_obtained":[{"floor":5,"key":"AttackPotion"},{"floor":6,"key":"EssenceOfSteel"},{"floor":13,"key":"FocusPotion"},{"floor":16,"key":"Dexterity Potion"},{"floor":24,"key":"PowerPotion"},{"floor":31,"key":"Explosive Potion"},{"floor":35,"key":"Regen Potion"},{"floor":40,"key":"Fruit Juice"},{"floor":45,"key":"EntropicBrew"},{"floor":48,"key":"Swift Potion"}],"is_trial":false,"path_per_floor":["M","?","M","M","M","E","R","?","T","R","E","M","E","T","R","B",null,"M","?","M","?","?","R","M","R","T","E","M","E","?","E","R","B",null,"M","$","?","?","M","E","T","E","T","M","E","M","M","E","R","B",null,"R","$","E","B",null],"character_chosen":"DEFECT","items_purchased":["PowerPotion"],"campfire_rested":1,"item_purchase_floors":[36],"current_hp_per_floor":[74,74,74,67,63,43,43,43,43,43,27,27,14,14,14,14,60,56,56,66,66,50,50,42,64,64,41,51,58,82,75,75,56,76,82,82,82,82,80,82,82,91,91,92,70,83,92,88,88,76,92,92,92,27,27],"gold":17,"neow_bonus":"BOSS_RELIC","is_daily":false,"chose_seed":false,"campfire_upgraded":6,"win_rate":0.0,"timestamp":1611589300,"path_taken":["M","?","?","M","M","E","R","?","T","R","E","M","E","?","R","BOSS","M","?","M","?","?","R","M","R","T","E","M","E","?","E","R","BOSS","M","?","?","?","?","E","?","E","T","?","E","M","M","E","R","BOSS","R","$","E","BOSS"],"items_purchased_type":["Potion"],"build_version":"2020-12-22","purchased_purges":0,"victory":true,"max_hp_per_floor":[75,75,75,75,75,75,75,75,75,75,75,75,75,75,75,75,75,75,75,75,75,75,75,75,75,75,75,75,82,82,82,82,82,82,82,82,82,82,82,82,82,92,92,92,92,92,92,97,97,97,97,97,97,97,97],"relic_stats":{"Gremlin Horn":[32,32],"counters":[31,156],"Dead Branch":[28],"Blue Candle":[0],"Pen Nib":[25],"Whetstone":["Strike_B","Strike_B"],"Letter Opener":[95],"Emotion Chip":[40,25,7,8,0],"Bronze Scales":[542],"Snecko Eye":[259,233,235,238],"Pandora\u0027s Box":["Echo Form","Amplify","Steam Power","Seek","Coolheaded","Thunder Strike","Leap","Reboot"],"Ectoplasm":1063,"Turnip":[5],"Art of War":[12],"obtain_stats":[{"Pear":42,"Gremlin Horn":11,"Nilry\u0027s Codex":22,"Dead Branch":40,"Blue Candle":43,"Pen Nib":13,"Whetstone":9,"Letter Opener":45,"Odd Mushroom":8,"Emotion Chip":14,"CaptainsWheel":27,"DataDisk":41,"Bronze Scales":6,"Strawberry":29,"Snecko Eye":17,"Pandora\u0027s Box":34,"Ectoplasm":0,"Turnip":31,"Art of War":48,"Cracked Core":0,"Unceasing Top":37,"TungstenRod":54},{"Pear":23,"Gremlin Horn":7,"Nilry\u0027s Codex":12,"Dead Branch":22,"Blue Candle":23,"Pen Nib":9,"Whetstone":6,"Letter Opener":25,"Odd Mushroom":6,"Emotion Chip":9,"CaptainsWheel":14,"DataDisk":22,"Bronze Scales":5,"Strawberry":16,"Snecko Eye":10,"Pandora\u0027s Box":18,"Ectoplasm":0,"Turnip":17,"Art of War":28,"Cracked Core":0,"Unceasing Top":20,"TungstenRod":30},{"Pear":100,"Gremlin Horn":22,"Nilry\u0027s Codex":40,"Dead Branch":93,"Blue Candle":100,"Pen Nib":28,"Whetstone":18,"Letter Opener":113,"Odd Mushroom":18,"Emotion Chip":28,"CaptainsWheel":46,"DataDisk":93,"Bronze Scales":16,"Strawberry":57,"Snecko Eye":35,"Pandora\u0027s Box":68,"Ectoplasm":0,"Turnip":61,"Art of War":123,"Cracked Core":0,"Unceasing Top":75,"TungstenRod":144}],"Unceasing Top":[1],"TungstenRod":7},"card_choices":[{"not_picked":["Barrage","Redo"],"picked":"Melter","floor":1.0},{"not_picked":["Coolheaded","Compile Driver"],"picked":"Ball Lightning","floor":3},{"not_picked":["Darkness","Coolheaded"],"picked":"Ball Lightning","floor":4},{"not_picked":["Steam","Force Field"],"picked":"Sweeping Beam","floor":5},{"not_picked":["Meteor Strike","Compile Driver"],"picked":"Go for the Eyes","floor":6},{"not_picked":["Streamline","Beam Cell"],"picked":"Conserve Battery","floor":8},{"not_picked":["Reboot","Stack"],"picked":"Defragment","floor":11},{"not_picked":["Barrage","Streamline"],"picked":"Hologram","floor":12},{"not_picked":["Heatsinks","Barrage"],"picked":"Cold Snap","floor":13},{"not_picked":["Machine Learning","Rainbow"],"picked":"Seek","floor":16},{"not_picked":["Sweeping Beam","Stack+1"],"picked":"Self Repair+1","floor":18},{"not_picked":["Gash","Turbo","Cold Snap"],"picked":"SKIP","floor":20},{"not_picked":["Compile Driver+1","Double Energy"],"picked":"BootSequence+1","floor":24},{"not_picked":["Conserve Battery","FTL"],"picked":"Glacier","floor":27},{"not_picked":["Hologram","Beam Cell","Heatsinks"],"picked":"SKIP","floor":28},{"not_picked":["Streamline","Conserve Battery","Thunder Strike"],"picked":"SKIP","floor":29},{"not_picked":["Rip and Tear","Sweeping Beam"],"picked":"Doom and Gloom","floor":31},{"not_picked":["All For One","Thunder Strike"],"picked":"Buffer","floor":33},{"not_picked":["Genetic Algorithm+1","Scrape+1","Rebound+1"],"picked":"SKIP","floor":35},{"not_picked":["Barrage","Reprogram","Conserve Battery"],"picked":"SKIP","floor":39},{"not_picked":["Rip and Tear","Fusion+1","Reinforced Body"],"picked":"SKIP","floor":40},{"not_picked":["Sweeping Beam+1","FTL"],"picked":"Static Discharge","floor":42},{"not_picked":["Steam","Sunder+1","Fission"],"picked":"SKIP","floor":44},{"not_picked":["Streamline+1","Gash"],"picked":"Stack+1","floor":45},{"not_picked":["Lockon","Rebound+1","Streamline+1"],"picked":"SKIP","floor":46},{"not_picked":["Sweeping Beam","Stack+1"],"picked":"Heatsinks+1","floor":47},{"not_picked":["Steam+1","Cold Snap"],"picked":"Aggregate","floor":48},{"not_picked":["Go for the Eyes","Hologram"],"picked":"BootSequence+1","floor":54}],"player_experience":1187535,"relics_obtained":[{"floor":6,"key":"Bronze Scales"},{"floor":8,"key":"Odd Mushroom"},{"floor":9,"key":"Whetstone"},{"floor":11,"key":"Gremlin Horn"},{"floor":13,"key":"Pen Nib"},{"floor":14,"key":"Emotion Chip"},{"floor":22,"key":"Nilry\u0027s Codex"},{"floor":27,"key":"CaptainsWheel"},{"floor":29,"key":"Strawberry"},{"floor":31,"key":"Turnip"},{"floor":37,"key":"Unceasing Top"},{"floor":40,"key":"Dead Branch"},{"floor":41,"key":"DataDisk"},{"floor":42,"key":"Pear"},{"floor":43,"key":"Blue Candle"},{"floor":45,"key":"Letter Opener"},{"floor":48,"key":"Art of War"},{"floor":54,"key":"TungstenRod"}],"event_choices":[{"damage_healed":0,"gold_gain":100,"player_choice":"Pray","damage_taken":0,"max_hp_gain":0,"max_hp_loss":0,"event_name":"Golden Shrine","floor":2,"gold_loss":0},{"damage_healed":0,"gold_gain":0,"player_choice":"Fought Mushrooms","damage_taken":0,"max_hp_gain":0,"max_hp_loss":0,"event_name":"Mushrooms","floor":8,"gold_loss":0},{"damage_healed":0,"gold_gain":0,"player_choice":"Simplicity","damage_taken":0,"max_hp_gain":0,"max_hp_loss":0,"event_name":"Back to Basics","floor":19,"gold_loss":0,"cards_upgraded":["Strike_B","Strike_B","Defend_B","Defend_B","Defend_B","Defend_B"]},{"damage_healed":0,"gold_gain":99,"player_choice":"Stole From Cult","damage_taken":0,"max_hp_gain":0,"max_hp_loss":0,"event_name":"Nest","floor":21,"gold_loss":0},{"damage_healed":0,"gold_gain":0,"player_choice":"Obtained Book","damage_taken":16,"max_hp_gain":0,"max_hp_loss":0,"event_name":"Cursed Tome","floor":22,"gold_loss":0},{"cards_removed":["Melter"],"damage_healed":24,"gold_gain":0,"player_choice":"Offered Uncommon","damage_taken":0,"max_hp_gain":0,"max_hp_loss":0,"event_name":"Bonfire Elementals","floor":30,"gold_loss":0},{"damage_healed":0,"gold_gain":0,"player_choice":"Fight","damage_taken":0,"max_hp_gain":0,"max_hp_loss":0,"event_name":"Mysterious Sphere","floor":37,"gold_loss":0},{"cards_removed":["Steam Power"],"damage_healed":0,"gold_gain":0,"player_choice":"Purged","damage_taken":0,"max_hp_gain":0,"max_hp_loss":0,"event_name":"Purifier","floor":38,"gold_loss":0}],"is_beta":false,"boss_relics":[{"not_picked":["Sozu","Coffee Dripper"],"picked":"Snecko Eye"},{"not_picked":["Philosopher\u0027s Stone","Fusion Hammer"],"picked":"Pandora\u0027s Box"}],"items_purged_floors":[],"is_endless":false,"potions_floor_spawned":[5,6,13,16,24,31,35,40,45,46,48],"ascension_level":5}}