{"host":"qnw6fh3z6mhgqap2","time":1611606060,"event":{"mods":["BaseMod","Downfall","Minty Spire (QoL Compilation)","Quick Restart","Replay The Spire","StSLib","SuperFastMode"],"gold_per_floor":[113,113,133,133,148,183,183,57,133,68,87,107,35,65,65,162,162,182,197,211,211,226,226,226],"floor_reached":23,"language":"ENG","playtime":1577,"items_purged":["Defend_B"],"score":224,"play_id":"9e1a1084-4513-499e-b636-dc3ca464e304","local_time":"20210125212100","is_ascension_mode":true,"campfire_choices":[{"data":"Mayhem","floor":7,"key":"SMITH"},{"floor":15,"key":"REST"}],"circlet_count":0,"master_deck":["Strike_B+1","Strike_B+1","Strike_B+1","Defend_B+1","Defend_B+1","Defend_B+1","Zap","Dualcast","Mayhem+1","Sweeping Beam","Skim","Lockon","Mirror Shield","Zap","White Noise","BootSequence","Heatsinks+1","Seek","FIFO Queue","Time Bomb","Amplify","CurseOfTheBell","Go for the Eyes+1","Rip and Tear+1","Cold Snap+1","White Noise+1"],"relics":["Cracked Core","Regal Pillow","Iron Hammer","Centennial Puzzle","Gremlin Horn","Calling Bell","Omamori","Chameleon Ring","Torii"],"acts_visited":["Exordium","TheCity"],"potions_floor_usage":[14,16,16,16],"damage_taken":[{"damage":1,"enemies":"Cultist","floor":1,"turns":4},{"damage":0,"enemies":"2 Louse","floor":3,"turns":2},{"damage":11,"enemies":"Jaw Worm","floor":5,"turns":3},{"damage":27,"enemies":"3 Sentries","floor":6,"turns":6},{"damage":4,"enemies":"Lagavulin","floor":10,"turns":7},{"damage":0,"enemies":"Lots of Slimes","floor":11,"turns":3},{"damage":4,"enemies":"Exordium Thugs","floor":12,"turns":4},{"damage":4,"enemies":"3 Sentries","floor":14,"turns":7},{"damage":22,"enemies":"The Guardian","floor":16,"turns":8},{"damage":31,"enemies":"Chosen","floor":18,"turns":7},{"damage":18,"enemies":"Spheric Guardian","floor":19,"turns":4},{"damage":6,"enemies":"Snecko","floor":20,"turns":5},{"damage":7,"enemies":"Centurion and Healer","floor":22,"turns":7},{"damage":9,"enemies":"Book of Stabbing","floor":23,"turns":4}],"seed_played":"3078173018387510910","potions_obtained":[{"floor":3,"key":"Dexterity Potion"},{"floor":5,"key":"ColorlessPotion"},{"floor":11,"key":"DistilledChaos"},{"floor":14,"key":"sneckomod:MuddlingPotion"},{"floor":19,"key":"champ:CounterPotion"}],"is_trial":false,"path_per_floor":["M","?","M","?","M","E","R","$","T","E","M","M","$","E","R","B",null,"M","M","M","?","M","E"],"character_chosen":"DEFECT","items_purchased":["Heatsinks+1","FIFO Queue"],"campfire_rested":1,"item_purchase_floors":[8,13],"current_hp_per_floor":[67,60,60,60,49,22,22,22,22,18,18,14,14,10,45,23,68,37,19,13,13,6,0,0],"gold":226,"neow_bonus":"RANDOM_COLORLESS_2","is_daily":false,"chose_seed":false,"campfire_upgraded":1,"win_rate":0.0,"timestamp":1611606060,"path_taken":["M","?","M","?","M","E","R","$","T","E","M","?","?","E","R","BOSS","M","?","M","?","M","E"],"items_purchased_type":["Card","Card"],"build_version":"2020-12-22","purchased_purges":1,"victory":false,"max_hp_per_floor":[68,68,68,68,68,68,68,68,68,68,68,68,68,68,68,68,68,68,68,68,68,68,68,68],"card_choices":[{"not_picked":["Transmutation","The Bomb"],"picked":"Mayhem","floor":0},{"not_picked":["Beam Cell","Panic Button"],"picked":"Sweeping Beam","floor":1},{"not_picked":["Leap","Barrage"],"picked":"Skim","floor":3},{"not_picked":["Panic Button","Genetic Algorithm"],"picked":"White Noise","floor":5},{"not_picked":["Force Field","Sweeping Beam"],"picked":"BootSequence","floor":6},{"not_picked":["Streamline","Stack"],"picked":"Seek","floor":10},{"not_picked":["Recycle","Go for the Eyes","Ball Lightning"],"picked":"SKIP","floor":11},{"not_picked":["Stack","Leap","Recycle"],"picked":"SKIP","floor":12},{"not_picked":["Stack","Turbo"],"picked":"Time Bomb","floor":14},{"not_picked":["Meteor Strike","All For One"],"picked":"Amplify","floor":16},{"not_picked":["Barrage","Hologram"],"picked":"Go for the Eyes+1","floor":18},{"not_picked":["Genetic Algorithm","Redo"],"picked":"Rip and Tear+1","floor":19},{"not_picked":["FTL","Gash"],"picked":"Cold Snap+1","floor":20},{"not_picked":["Skim","Hello World+1"],"picked":"White Noise+1","floor":22}],"player_experience":175118,"relics_obtained":[{"floor":6,"key":"Regal Pillow"},{"floor":9,"key":"Iron Hammer"},{"floor":10,"key":"Centennial Puzzle"},{"floor":14,"key":"Gremlin Horn"},{"floor":17,"key":"Omamori"},{"floor":17,"key":"Chameleon Ring"},{"floor":17,"key":"Torii"}],"event_choices":[{"cards_removed":["Strike_B"],"damage_healed":0,"gold_gain":0,"player_choice":"Card Removal","damage_taken":7,"max_hp_gain":0,"max_hp_loss":0,"event_name":"Golden Wing","floor":2,"gold_loss":0},{"damage_healed":0,"gold_gain":0,"player_choice":"4 cards matched","damage_taken":0,"max_hp_gain":0,"max_hp_loss":0,"event_name":"Match and Keep!","floor":4,"gold_loss":0,"cards_obtained":["Lockon","Mirror Shield","ReplayTheSpireMod:IOU","Zap"]},{"damage_healed":0,"gold_gain":0,"player_choice":"4 cards matched","damage_taken":0,"max_hp_gain":0,"max_hp_loss":0,"event_name":"Match and Keep!","floor":4,"gold_loss":0,"cards_obtained":["Lockon","Mirror Shield","ReplayTheSpireMod:IOU","Zap"]},{"damage_healed":0,"gold_gain":0,"player_choice":"Simplicity","damage_taken":0,"max_hp_gain":0,"max_hp_loss":0,"event_name":"Back to Basics","floor":21,"gold_loss":0,"cards_upgraded":["Strike_B","Strike_B","Strike_B","Defend_B","Defend_B","Defend_B"]}],"is_beta":false,"boss_relics":[{"not_picked":["bronze:MakeshiftBattery","Snecko Eye"],"picked":"Calling Bell"}],"items_purged_floors":[8],"is_endless":false,"potions_floor_spawned":[3,5,11,14,19],"killed_by":"Book of Stabbing","ascension_level":1}}