{"host":"m7hmf0kk5ackmwlk","time":1611586637,"event":{"mods":["AchievementEnabler","BaseMod","Downfall","Minty Spire (QoL Compilation)","Shop Mod","StSLib"],"gold_per_floor":[99,117,217,28,47,60,87,99,99,199,99,111,125,10,26,26,26,26],"floor_reached":16,"language":"ENG","playtime":1177,"items_purged":["Normality","downfall:Bewildered"],"score":94,"play_id":"4a9ec917-0aa2-4bbc-b273-1b5f6ef3937b","local_time":"20210125202717","is_ascension_mode":false,"campfire_choices":[{"floor":1,"key":"RECALL"},{"floor":11,"key":"REST"}],"circlet_count":0,"master_deck":["champ:Strike","champ:Strike","champ:Strike","champ:Strike","champ:Defend","champ:Defend","champ:Defend","champ:Defend","champ:Execute","champ:Taunt+1","Writhe","champ:MurderStrike","champ:BringItOn","champ:LastStand","Shame","downfall:Bewildered","champ:BerserkersShout","champ:AdrenalArmor","champ:DefensiveShout","champ:RecklessLeap","champ:FanOfKnives","Parasite","champ:DeathBlow","champ:RisingSlash","champ:IronFortress","champ:FaceSlap"],"relics":["champ:ChampionCrown","downfall:ExtraCursedKey","downfall:HeartBlessingRed"],"acts_visited":["Exordium"],"potions_floor_usage":[2,16,16,16],"damage_taken":[{"damage":24,"enemies":"Cultist","floor":2,"turns":4},{"damage":15,"enemies":"downfall:FleeingMerchant","floor":4,"turns":4},{"damage":25,"enemies":"Small Slimes","floor":5,"turns":4},{"damage":6,"enemies":"Jaw Worm","floor":6,"turns":4},{"damage":34,"enemies":"2 Fungi Beasts","floor":8,"turns":4},{"damage":36,"enemies":"Lots of Slimes","floor":12,"turns":3},{"damage":39,"enemies":"Exordium Wildlife","floor":13,"turns":3},{"damage":35,"enemies":"downfall:FleeingMerchant","floor":14,"turns":4},{"damage":23,"enemies":"2 Fungi Beasts","floor":15,"turns":4},{"damage":52,"enemies":"IC_STATUS_ARCHETYPE","floor":16,"turns":6}],"seed_played":"82632111080654336","potions_obtained":[{"floor":2,"key":"EntropicBrew"},{"floor":15,"key":"Energy Potion"}],"is_trial":false,"path_per_floor":["R","M","?","$","M","M","T","M","?","?","R","M","M","$","M","B"],"character_chosen":"THE_CHAMP","items_purchased":["champ:AdrenalArmor","champ:DefensiveShout"],"campfire_rested":1,"item_purchase_floors":[4,4],"current_hp_per_floor":[90,86,91,86,81,80,80,61,61,61,89,73,54,49,46,0,0,0],"gold":26,"neow_bonus":"THREE_RARE_CARDS","is_daily":false,"chose_seed":false,"campfire_upgraded":0,"win_rate":0.0,"timestamp":1611586637,"path_taken":["R","M","?","$","M","M","T","M","?","?","R","M","M","$","M","BOSS"],"items_purchased_type":["Card","Card"],"build_version":"2020-12-22","purchased_purges":2,"victory":false,"max_hp_per_floor":[90,90,95,95,95,95,95,95,95,95,95,95,95,95,95,95,95,95],"card_choices":[{"not_picked":["champ:VampiricStrike","champ:DancingMaster"],"picked":"champ:MurderStrike","floor":0},{"not_picked":["champ:Shatter","champ:Haymaker"],"picked":"champ:BringItOn","floor":2},{"not_picked":["champ:SetATrap","champ:CalledShot"],"picked":"champ:BerserkersShout","floor":4},{"not_picked":["champ:DefensiveShout","champ:AdrenalArmor"],"picked":"champ:RecklessLeap","floor":5},{"not_picked":["champ:BerserkersShout","champ:SetATrap"],"picked":"champ:FanOfKnives","floor":6},{"not_picked":["champ:BringItOn","champ:Circumvent"],"picked":"champ:DeathBlow","floor":8},{"not_picked":["champ:EndlessRage","champ:SkillfulDodge"],"picked":"champ:RisingSlash","floor":12},{"not_picked":["champ:Haymaker","champ:DeathBlow"],"picked":"champ:IronFortress","floor":13},{"not_picked":["champ:Shatter","champ:HeavySlash","champ:RapidStrikes"],"picked":"SKIP","floor":14},{"not_picked":["champ:Haymaker","champ:DefensiveShout"],"picked":"champ:FaceSlap","floor":15}],"player_experience":47908,"relics_obtained":[],"event_choices":[{"damage_healed":0,"gold_gain":0,"player_choice":"Grow","damage_taken":0,"max_hp_gain":0,"max_hp_loss":0,"event_name":"Living Wall","floor":9,"gold_loss":0,"cards_upgraded":["champ:Taunt"]}],"is_beta":false,"boss_relics":[],"items_purged_floors":[4,14],"is_endless":false,"potions_floor_spawned":[2,6,12,15],"killed_by":"IC_STATUS_ARCHETYPE","ascension_level":0}}