{"host":"1zwnl30z3cyaxn7y","time":1611590752,"event":{"mods":["BaseMod","Downfall","Marisa£®ÏF”Í°°ƒß¿Ì…≥£©","Minty Spire (QoL Compilation)","Replay The Spire","StSLib","The Bug Knight","The Servant 0.9.4","Warlord Emblem"],"gold_per_floor":[112,37,37,48,64,64,64,64,64,82,82,100,112,138,138,241,241,252,267,267,367,379,379,392,392,392],"floor_reached":25,"language":"ZHS","playtime":954,"items_purged":["WarlordEmblem:RuneStrike"],"score":230,"play_id":"c1326803-3edb-440f-8d2c-d733b32dbd05","local_time":"20210126000552","is_ascension_mode":false,"campfire_choices":[{"data":"WarlordEmblem:DiseaseStrike","floor":6,"key":"SMITH"},{"data":"WarlordEmblem:EvilSee","floor":8,"key":"SMITH"},{"data":"WarlordEmblem:DiseaseCloud","floor":15,"key":"SMITH"},{"data":"WarlordEmblem:EvilPower","floor":23,"key":"SMITH"}],"circlet_count":0,"master_deck":["WarlordEmblem:RuneStrike","WarlordEmblem:RuneStrike","WarlordEmblem:Defend_DK","WarlordEmblem:Defend_DK","WarlordEmblem:Defend_DK","WarlordEmblem:RuneDefend","WarlordEmblem:DiseaseStrike+1","WarlordEmblem:FrozenStrike","WarlordEmblem:EvilSee+1","WarlordEmblem:EvilWorm","WarlordEmblem:DiseaseCloud+1","WarlordEmblem:HeartOfDeath","WarlordEmblem:EvilPower+1"],"relics":["WarlordEmblem:RuneSword","WarlordEmblem:EvilRealm","Lizard Tail","WarlordEmblem:Abhor","WarlordEmblem:QuestShaman","Empty Cage"],"acts_visited":["Exordium","TheCity"],"potions_floor_usage":[16,16,22,24,24],"damage_taken":[{"damage":0,"enemies":"2 Louse","floor":1,"turns":2},{"damage":0,"enemies":"Small Slimes","floor":4,"turns":4},{"damage":0,"enemies":"Jaw Worm","floor":5,"turns":5},{"damage":7,"enemies":"Exordium Thugs","floor":10,"turns":4},{"damage":0,"enemies":"2 Fungi Beasts","floor":12,"turns":2},{"damage":1,"enemies":"Blue Slaver","floor":13,"turns":3},{"damage":0,"enemies":"HollowMod:MossKnight","floor":14,"turns":5},{"damage":46,"enemies":"Hexaghost","floor":16,"turns":6},{"damage":13,"enemies":"Spheric Guardian","floor":18,"turns":5},{"damage":12,"enemies":"Shell Parasite","floor":19,"turns":4},{"damage":17,"enemies":"Cultist and Chosen","floor":22,"turns":5},{"damage":43,"enemies":"Shelled Parasite and Fungi","floor":24,"turns":5},{"damage":47,"enemies":"Slavers","floor":25,"turns":2}],"seed_played":"869273512780356216","potions_obtained":[{"floor":5,"key":"Milkshake"},{"floor":10,"key":"WarlordEmblem:DKPoisonPotion"},{"floor":14,"key":"PowerPotion"},{"floor":16,"key":"Swift Potion"},{"floor":22,"key":"Ancient Potion"}],"is_trial":false,"path_per_floor":["M","$","?","M","M","R","$","R","T","M","?","M","M","E","R","B",null,"M","M","?","?","M","R","M","E"],"character_chosen":"DeathKnight","items_purchased":[],"campfire_rested":0,"item_purchase_floors":[],"current_hp_per_floor":[80,80,80,80,80,80,80,80,80,73,73,73,72,72,72,26,80,67,55,55,55,38,38,40,0,0],"gold":392,"neow_bonus":"ONE_RARE_RELIC","is_daily":false,"chose_seed":false,"campfire_upgraded":4,"win_rate":0.0,"timestamp":1611590752,"path_taken":["M","$","?","M","M","R","$","R","T","M","?","M","M","E","R","BOSS","M","M","?","?","M","R","?","E"],"items_purchased_type":[],"build_version":"2020-12-22","purchased_purges":1,"victory":false,"max_hp_per_floor":[80,80,80,80,80,80,80,80,80,80,80,80,80,80,80,80,80,80,80,80,80,80,80,80,80,80],"card_choices":[{"not_picked":["WarlordEmblem:DeathStrike","WarlordEmblem:FrozenDeath","WarlordEmblem:Annihilation"],"picked":"SKIP","floor":1},{"not_picked":["WarlordEmblem:NoLightShield","WarlordEmblem:FrozenWill"],"picked":"WarlordEmblem:EvilSee","floor":4},{"not_picked":["WarlordEmblem:RuneBlade","WarlordEmblem:RuneRecast","WarlordEmblem:Potential"],"picked":"SKIP","floor":5},{"not_picked":["WarlordEmblem:RealmStorm","WarlordEmblem:Withstand"],"picked":"WarlordEmblem:EvilWorm","floor":10},{"not_picked":["WarlordEmblem:VoidDefend","WarlordEmblem:RuneRecast","WarlordEmblem:CurseStrike"],"picked":"SKIP","floor":12},{"not_picked":["WarlordEmblem:NoLightShield","WarlordEmblem:RuneRecover"],"picked":"WarlordEmblem:DiseaseCloud","floor":13},{"not_picked":["WarlordEmblem:RunePerfusion","WarlordEmblem:RuneBlade","WarlordEmblem:RealmStorm"],"picked":"SKIP","floor":14},{"not_picked":["WarlordEmblem:RealmRider","WarlordEmblem:RuneMultiplex"],"picked":"WarlordEmblem:HeartOfDeath","floor":16},{"not_picked":["WarlordEmblem:RuneRegen","WarlordEmblem:DeathGateway"],"picked":"WarlordEmblem:EvilPower","floor":18},{"not_picked":["WarlordEmblem:EvilSee","WarlordEmblem:BodyStrike+1","WarlordEmblem:RuneBlade"],"picked":"SKIP","floor":19},{"not_picked":["WarlordEmblem:Execute","WarlordEmblem:Potential+1","WarlordEmblem:CurseStrike"],"picked":"SKIP","floor":22},{"not_picked":["WarlordEmblem:SevereWinter","WarlordEmblem:RealmStorm","WarlordEmblem:EvilSee"],"picked":"SKIP","floor":24}],"player_experience":308666,"relics_obtained":[{"floor":9,"key":"WarlordEmblem:Abhor"},{"floor":14,"key":"WarlordEmblem:QuestShaman"}],"event_choices":[{"damage_healed":0,"gold_gain":0,"player_choice":"Leave","damage_taken":0,"max_hp_gain":0,"max_hp_loss":0,"event_name":"The Cleric","floor":3,"gold_loss":0},{"cards_removed":["Strike_P"],"damage_healed":0,"gold_gain":0,"player_choice":"Forget","damage_taken":0,"max_hp_gain":0,"max_hp_loss":0,"event_name":"Living Wall","floor":11,"gold_loss":0},{"damage_healed":0,"gold_gain":0,"player_choice":"Ignored","damage_taken":0,"max_hp_gain":0,"max_hp_loss":0,"event_name":"Vampires","floor":20,"gold_loss":0},{"damage_healed":0,"gold_gain":100,"player_choice":"Pray","damage_taken":0,"max_hp_gain":0,"max_hp_loss":0,"event_name":"Golden Shrine","floor":21,"gold_loss":0}],"is_beta":false,"boss_relics":[{"not_picked":["Snecko Eye","SacredBark"],"picked":"Empty Cage"}],"items_purged_floors":[2],"is_endless":false,"potions_floor_spawned":[5,10,14,16,22],"killed_by":"Slavers","ascension_level":0}}