{"host":"1c17lcvl7acx821p","time":1611602976,"event":{"mods":["AchievementEnabler","BaseMod","Colored Map","Minty Spire (QoL Compilation)","Quick Restart","Relic Sorter","StSLib"],"gold_per_floor":[110,123,48,48,58,99,127,127,127],"floor_reached":8,"language":"ENG","playtime":306,"items_purged":["Strike_G"],"score":90,"play_id":"346c0bc7-2abd-4d59-a8a7-d0a4de2d234c","local_time":"20210125212936","is_ascension_mode":true,"campfire_choices":[],"circlet_count":0,"master_deck":["AscendersBane","Strike_G","Strike_G","Strike_G","Defend_G","Defend_G","Defend_G","Defend_G","Defend_G","Survivor","Neutralize","Dagger Spray","Skewer","Deadly Poison","Quick Slash","Wraith Form v2"],"relics":["Ring of the Snake","NeowsBlessing","CeramicFish"],"acts_visited":["Exordium"],"potions_floor_usage":[],"damage_taken":[{"damage":0.0,"enemies":"Cultist","floor":1.0,"turns":1.0},{"damage":0.0,"enemies":"Jaw Worm","floor":2.0,"turns":1.0},{"damage":0.0,"enemies":"2 Louse","floor":5.0,"turns":1.0},{"damage":56.0,"enemies":"3 Sentries","floor":6.0,"turns":15.0},{"damage":4.0,"enemies":"Large Slime","floor":7.0,"turns":6.0},{"damage":3,"enemies":"Lagavulin","floor":8,"turns":4}],"seed_played":"5002369992022454022","potions_obtained":[{"floor":5.0,"key":"Explosive Potion"}],"is_trial":false,"path_per_floor":["M","M","$","?","M","E","M","E"],"character_chosen":"THE_SILENT","items_purchased":[],"campfire_rested":0,"item_purchase_floors":[],"current_hp_per_floor":[63,63,63,63,63,7,3,0,0],"gold":127,"neow_bonus":"THREE_ENEMY_KILL","is_daily":false,"chose_seed":false,"campfire_upgraded":0,"win_rate":0.0,"timestamp":1611602976,"path_taken":["M","?","$","?","?","E","M","E"],"items_purchased_type":[],"build_version":"2020-12-22","purchased_purges":1,"victory":false,"max_hp_per_floor":[70,70,70,70,70,70,70,70,70],"card_choices":[{"not_picked":["Flying Knee","Quick Slash"],"picked":"Dagger Spray","floor":1.0},{"not_picked":["Quick Slash","Poisoned Stab"],"picked":"Skewer","floor":2.0},{"not_picked":["Underhanded Strike","Blade Dance"],"picked":"Deadly Poison","floor":5.0},{"not_picked":["Backstab","PiercingWail"],"picked":"Quick Slash","floor":6.0},{"not_picked":["Slice","Blur"],"picked":"Wraith Form v2","floor":7.0}],"player_experience":201787,"relics_obtained":[{"floor":6.0,"key":"CeramicFish"}],"event_choices":[{"cards_removed":["Strike_G"],"damage_healed":0.0,"max_hp_gain":0.0,"max_hp_loss":0.0,"gold_gain":0.0,"event_name":"Bonfire Elementals","player_choice":"Offered Basic","floor":4.0,"gold_loss":0.0,"damage_taken":0.0}],"is_beta":false,"boss_relics":[],"items_purged_floors":[3],"is_endless":false,"potions_floor_spawned":[5],"killed_by":"Lagavulin","ascension_level":11}}