{"host":"dth8fvkfiulu86fi","time":1611566305,"event":{"mods":["2.2 Compatiblity","AchievementEnabler","BaseMod","Better Third Choice","Colored Map","Colored Powertips","Minty Spire (QoL Compilation)","Rare Cards Sparkle","StSLib","SuperFastMode","Synergy Search"],"gold_per_floor":[114,114,64,79,79,79,94,124,149,164,179,194,224,239,239,339,339,354,54,69,69,69],"floor_reached":21,"language":"ENG","playtime":549,"items_purged":[],"score":243,"play_id":"562725b9-2530-4709-a82b-a674b8f61ea9","local_time":"20210125101825","daily_mods":["Chimera","Time Dilation","Lethality"],"is_ascension_mode":false,"campfire_choices":[{"floor":6.0,"key":"REST"},{"floor":15.0,"key":"REST"}],"circlet_count":0,"master_deck":["Survivor","Zap","Eruption","Strike_R","Strike_G","Strike_B+1","Defend_R+1","Defend_G","Defend_P","Seeing Red","Power Through","Ghostly Armor","Flex","Double Tap","Power Through","Impervious","Heavy Blade+1"],"relics":["Burning Blood","Darkstone Periapt","Omamori","Du-Vu Doll","Sozu","Bag of Marbles","Regal Pillow"],"acts_visited":["Exordium","TheCity"],"potions_floor_usage":[21],"damage_taken":[{"damage":0.0,"enemies":"Cultist","floor":1.0,"turns":2.0},{"damage":20.0,"enemies":"2 Louse","floor":4.0,"turns":2.0},{"damage":3.0,"enemies":"Small Slimes","floor":7.0,"turns":3.0},{"damage":18.0,"enemies":"Gremlin Nob","floor":8.0,"turns":3.0},{"damage":12.0,"enemies":"Exordium Thugs","floor":10.0,"turns":3.0},{"damage":18.0,"enemies":"Exordium Wildlife","floor":11.0,"turns":3.0},{"damage":18.0,"enemies":"Looter","floor":12.0,"turns":2.0},{"damage":36.0,"enemies":"Lagavulin","floor":13.0,"turns":9.0},{"damage":0.0,"enemies":"2 Fungi Beasts","floor":14.0,"turns":3.0},{"damage":0,"enemies":"Slime Boss","floor":16,"turns":5},{"damage":52,"enemies":"2 Thieves","floor":18,"turns":5},{"damage":26,"enemies":"Chosen","floor":20,"turns":4},{"damage":19,"enemies":"3 Cultists","floor":21,"turns":2}],"seed_played":"7295166269203286773","potions_obtained":[{"floor":1.0,"key":"FearPotion"},{"floor":4.0,"key":"DistilledChaos"},{"floor":7.0,"key":"Strength Potion"},{"floor":8.0,"key":"Explosive Potion"}],"is_trial":false,"path_per_floor":["M","?","?","M","?","R","M","E","T","M","M","M","E","M","R","B",null,"M","$","M","M"],"character_chosen":"IRONCLAD","items_purchased":["Bag of Marbles","Regal Pillow"],"campfire_rested":2,"item_purchase_floors":[19,19],"current_hp_per_floor":[80,85,85,71,54,79,82,70,70,64,52,40,10,16,41,47,85,39,39,19,0,0],"gold":69,"neow_bonus":"","is_daily":true,"chose_seed":false,"campfire_upgraded":0,"win_rate":0.0,"timestamp":1611566305,"path_taken":["M","?","?","M","?","R","M","E","T","M","M","M","E","M","R","BOSS","M","$","M","M"],"items_purchased_type":["Relic","Relic"],"build_version":"2020-12-22","purchased_purges":0,"victory":false,"max_hp_per_floor":[80,85,85,85,85,85,85,85,85,85,85,85,85,85,85,85,85,85,85,85,85,85],"card_choices":[{"not_picked":["Bloodletting","Clothesline","Whirlwind"],"picked":"SKIP","floor":1.0},{"not_picked":["Pommel Strike","Disarm"],"picked":"Seeing Red","floor":4.0},{"not_picked":["Fire Breathing","Cleave"],"picked":"Power Through","floor":7.0},{"not_picked":["Thunderclap","Havoc","Whirlwind"],"picked":"SKIP","floor":8.0},{"not_picked":["Body Slam","Headbutt"],"picked":"Ghostly Armor","floor":10.0},{"not_picked":["Blood for Blood","Clothesline"],"picked":"Flex","floor":11.0},{"not_picked":["Headbutt","Searing Blow","Sword Boomerang"],"picked":"SKIP","floor":12.0},{"not_picked":["Iron Wave","Headbutt"],"picked":"Double Tap","floor":13.0},{"not_picked":["Rampage","Burning Pact"],"picked":"Power Through","floor":14.0},{"not_picked":["Berserk","Bludgeon"],"picked":"Impervious","floor":16},{"not_picked":["Burning Pact","Shrug It Off"],"picked":"Heavy Blade+1","floor":18},{"not_picked":["Disarm","Body Slam","Whirlwind"],"picked":"SKIP","floor":20}],"player_experience":1161299,"relics_obtained":[{"floor":8.0,"key":"Darkstone Periapt"},{"floor":9.0,"key":"Omamori"},{"floor":13.0,"key":"Du-Vu Doll"}],"event_choices":[{"damage_healed":0.0,"max_hp_gain":5.0,"max_hp_loss":0.0,"gold_gain":0.0,"event_name":"Big Fish","player_choice":"Donut","floor":2.0,"gold_loss":0.0,"damage_taken":0.0},{"cards_removed":["Bash"],"damage_healed":0.0,"max_hp_gain":0.0,"max_hp_loss":0.0,"gold_gain":0.0,"event_name":"The Cleric","player_choice":"Card Removal","floor":3.0,"gold_loss":50.0,"damage_taken":0.0},{"damage_healed":71.0,"max_hp_gain":0.0,"max_hp_loss":85.0,"gold_gain":0.0,"event_name":"betterThird:BetterShining","player_choice":"Upgrade","floor":5.0,"gold_loss":0.0,"damage_taken":17.0,"cards_upgraded":["Defend_R","Strike_B"]}],"is_beta":false,"boss_relics":[{"not_picked":["Pandora\u0027s Box","Fusion Hammer"],"picked":"Sozu"}],"items_purged_floors":[],"is_endless":false,"potions_floor_spawned":[1,4,7,8],"killed_by":"3 Cultists","ascension_level":0}}