{"host":"1tl36azeqm6yhdgj","time":1611601153,"event":{"mods":["AchievementEnabler","BaseMod","Minty Spire (QoL Compilation)","StSLib","The IronCluck","everything is the same but u backflip on backflip"],"gold_per_floor":[114,114,15,28,43,71,71,82,82,357,357,357],"floor_reached":11,"language":"ENG","playtime":181,"items_purged":[],"score":146,"play_id":"cbc6a16c-e682-497d-96ca-03208e11b8f4","local_time":"20210125135913","is_ascension_mode":true,"campfire_choices":[{"data":"Flex","floor":7,"key":"SMITH"}],"circlet_count":0,"master_deck":["AscendersBane","Strike_R","Strike_R","Strike_R","Strike_R","Defend_R","Defend_R","Defend_R","Defend_R","Bash","Thunderclap","Whirlwind","Fire Breathing","Flex+1","Cleave","Armaments","Reckless Charge","Body Slam","Regret"],"relics":["Burning Blood","NeowsBlessing","Frozen Egg 2","Torii"],"acts_visited":["Exordium"],"potions_floor_usage":[6],"damage_taken":[{"damage":0,"enemies":"2 Louse","floor":1,"turns":1},{"damage":0,"enemies":"Cultist","floor":4,"turns":1},{"damage":0,"enemies":"Small Slimes","floor":5,"turns":1},{"damage":35,"enemies":"Lagavulin","floor":6,"turns":7},{"damage":9,"enemies":"Exordium Wildlife","floor":8,"turns":4},{"damage":73,"enemies":"Gremlin Nob","floor":11,"turns":4}],"seed_played":"7100771270858948293","potions_obtained":[{"floor":1,"key":"Energy Potion"},{"floor":6,"key":"Dexterity Potion"}],"is_trial":false,"path_per_floor":["M","?","$","M","M","E","R","M","T","?","E"],"character_chosen":"IRONCLAD","items_purchased":["Fire Breathing","Flex"],"campfire_rested":0,"item_purchase_floors":[3,3],"current_hp_per_floor":[74,74,74,75,75,46,46,43,43,43,0,0],"gold":357,"neow_bonus":"THREE_ENEMY_KILL","is_daily":false,"chose_seed":false,"campfire_upgraded":1,"win_rate":0.0,"timestamp":1611601153,"path_taken":["M","?","?","M","M","E","R","M","T","?","E"],"items_purchased_type":["Card","Card"],"build_version":"2020-12-22","purchased_purges":0,"victory":false,"max_hp_per_floor":[75,75,75,75,75,75,75,75,75,75,75,75],"card_choices":[{"not_picked":["Battle Trance","Sword Boomerang"],"picked":"Thunderclap","floor":1},{"not_picked":["Second Wind","Dark Embrace"],"picked":"Cleave","floor":4},{"not_picked":["Twin Strike","Dark Embrace"],"picked":"Armaments","floor":5},{"not_picked":["Headbutt","Clothesline"],"picked":"Reckless Charge","floor":6},{"not_picked":["Sword Boomerang","Havoc"],"picked":"Body Slam","floor":8}],"player_experience":2053609,"relics_obtained":[{"floor":6,"key":"Frozen Egg 2"},{"floor":9,"key":"Torii"}],"event_choices":[{"damage_healed":0,"gold_gain":0,"cards_transformed":["Strike_R"],"player_choice":"Transformed","damage_taken":0,"max_hp_gain":0,"max_hp_loss":0,"event_name":"Transmorgrifier","floor":2,"gold_loss":0,"cards_obtained":["Whirlwind"]},{"damage_healed":0,"gold_gain":275,"player_choice":"Desecrate","damage_taken":0,"max_hp_gain":0,"max_hp_loss":0,"event_name":"Golden Shrine","floor":10,"gold_loss":0,"cards_obtained":["Regret"]}],"is_beta":false,"boss_relics":[],"items_purged_floors":[],"is_endless":false,"potions_floor_spawned":[1,6],"killed_by":"Gremlin Nob","ascension_level":20}}