{"host":"uv5ws9rdk87e8i5k","time":1611559019,"event":{"mods":["AchievementEnabler","BaseMod","Colored Map","Minty Spire (QoL Compilation)","StSLib","SuperFastMode","The Necromancer"],"gold_per_floor":[117,117,131,144,157,186,186,201,201,1,1,1,20,51,51,155,155,168,185,100,113,132,157,157,191,217,233,268,281,281,381,381,486,486,504,519,533,533,96,96,108,108,108,143,159,188,0,30,30,30],"floor_reached":51,"language":"ENG","playtime":1761,"items_purged":["Regret","Strike_W"],"score":1030,"play_id":"1ffda8db-224e-4ea7-8f23-f8c08584d159","local_time":"20210125011659","is_ascension_mode":true,"campfire_choices":[{"data":"Summon_Death_Knight","floor":7.0,"key":"SMITH"},{"data":"Summon_Death_Knight","floor":11.0,"key":"SMITH"},{"floor":15.0,"key":"REST"},{"floor":24.0,"key":"REST"},{"data":"Summon_Undead_Army","floor":30,"key":"SMITH"},{"data":"Spectral_Walk","floor":32,"key":"SMITH"},{"data":"Summon_Lich","floor":40,"key":"SMITH"},{"data":"Summon_Lich","floor":42,"key":"SMITH"},{"data":"Summon_Lich","floor":49,"key":"SMITH"}],"circlet_count":0,"master_deck":["Strike_W","Strike_W","Strike_W","Defend_W","Defend_W","Defend_W","Defend_W","Negative_Energy_Arrows","Bone_Wall","Summon_Death_Knight+1","Negative_Energy_Javelin","Summon_Undead_Army+1","Spectral_Walk+1","Summon_Death_Knight+1","Summon_Lich+1","Shade_Step","Summon_Vampire_Lady","Summon_Undead","Stop_Heart","Bone_Prison","Spectral_Walk+1","Summon_Undead+1","Summon_Lich+1","Summon_Undead","Summon_Lich+1","Summon_Vampire_Lady","Negative_Energy_Burst","Regret","Summon_Death_Knight"],"relics":["Vampire_Amulet","Shuriken","Happy Flower","Bag of Marbles","InkBottle","Snecko Eye","Blood Vial","Smiling Mask","Juzu Bracelet","Centennial Puzzle","Dead Branch","Ginger","Bottled Flame","Cursed Key","Membership Card","Toy Ornithopter","Toxic Egg 2","Oddly Smooth Stone","MealTicket","Red Mask","Kunai"],"acts_visited":["Exordium","TheCity","TheBeyond"],"potions_floor_usage":[29,31,33,36,41,44,46,50],"damage_taken":[{"damage":4.0,"enemies":"2 Louse","floor":1.0,"turns":3.0},{"damage":10.0,"enemies":"Small Slimes","floor":3.0,"turns":4.0},{"damage":9.0,"enemies":"Jaw Worm","floor":4.0,"turns":4.0},{"damage":10.0,"enemies":"Blue Slaver","floor":5.0,"turns":4.0},{"damage":12.0,"enemies":"Gremlin Nob","floor":6.0,"turns":4.0},{"damage":17.0,"enemies":"Exordium Thugs","floor":8.0,"turns":6.0},{"damage":6.0,"enemies":"3 Louse","floor":13.0,"turns":4.0},{"damage":10.0,"enemies":"Lagavulin","floor":14.0,"turns":5.0},{"damage":16.0,"enemies":"The Guardian","floor":16.0,"turns":12.0},{"damage":9.0,"enemies":"Spheric Guardian","floor":18.0,"turns":4.0},{"damage":2.0,"enemies":"Chosen","floor":19.0,"turns":4.0},{"damage":19.0,"enemies":"3 Cultists","floor":21.0,"turns":5.0},{"damage":13.0,"enemies":"Snake Plant","floor":22.0,"turns":3.0},{"damage":52.0,"enemies":"Slavers","floor":23.0,"turns":5.0},{"damage":15.0,"enemies":"Gremlin Leader","floor":25.0,"turns":6.0},{"damage":0.0,"enemies":"Centurion and Healer","floor":27.0,"turns":5.0},{"damage":0.0,"enemies":"Book of Stabbing","floor":28.0,"turns":5.0},{"damage":38,"enemies":"Shelled Parasite and Fungi","floor":29,"turns":5},{"damage":6,"enemies":"Colosseum Slavers","floor":31,"turns":2},{"damage":25,"enemies":"Colosseum Nobs","floor":31,"turns":4},{"damage":21,"enemies":"Automaton","floor":33,"turns":7},{"damage":0,"enemies":"Orb Walker","floor":35,"turns":3},{"damage":20,"enemies":"3 Darklings","floor":36,"turns":4},{"damage":3,"enemies":"Spire Growth","floor":37,"turns":4},{"damage":17,"enemies":"Maw","floor":41,"turns":5},{"damage":35,"enemies":"Reptomancer","floor":44,"turns":4},{"damage":25,"enemies":"4 Shapes","floor":45,"turns":2},{"damage":28,"enemies":"Giant Head","floor":46,"turns":8},{"damage":20,"enemies":"Reptomancer","floor":48,"turns":4},{"damage":76,"enemies":"Awakened One","floor":50,"turns":10}],"seed_played":"4659037081716552492","potions_obtained":[{"floor":3.0,"key":"DuplicationPotion"},{"floor":5.0,"key":"Energy Potion"},{"floor":8.0,"key":"Dexterity Potion"},{"floor":16.0,"key":"EssenceOfSteel"},{"floor":22.0,"key":"Strength Potion"},{"floor":25.0,"key":"Swift Potion"},{"floor":28.0,"key":"Strength Potion"},{"floor":31,"key":"Regen Potion"},{"floor":33,"key":"DistilledChaos"},{"floor":35,"key":"AttackPotion"},{"floor":37,"key":"Weak Potion"},{"floor":41,"key":"Regen Potion"},{"floor":46,"key":"Block Potion"}],"is_trial":false,"path_per_floor":["M","?","M","M","M","E","R","M","T","$","R","?","M","E","R","B",null,"M","M","?","M","M","E","R","E","T","M","E","M","R","?","R","B",null,"M","M","M","?","$","R","M","R","T","E","M","E","?","E","R","B",null],"character_chosen":"NECROMANCER","items_purchased":["Summon_Lich","AttackPotion","Membership Card","Summon_Vampire_Lady","Toy Ornithopter","FairyPotion","Negative_Energy_Burst"],"campfire_rested":2,"item_purchase_floors":[10,10,39,39,39,39,39],"current_hp_per_floor":[75,75,67,60,52,42,42,29,29,29,29,29,29,21,43,29,64,69,75,75,71,67,23,45,57,57,75,75,53,53,55,55,75,75,75,66,75,75,75,75,75,75,75,70,61,75,75,69,69,75],"gold":30,"neow_bonus":"ONE_RANDOM_RARE_CARD","is_daily":false,"chose_seed":false,"campfire_upgraded":7,"win_rate":0.0,"timestamp":1611559019,"path_taken":["M","?","M","M","M","E","R","M","T","$","R","?","M","E","R","BOSS","M","M","?","M","M","E","R","E","T","M","E","M","R","?","R","BOSS","M","M","M","?","$","R","M","R","T","E","M","E","?","E","R","BOSS"],"items_purchased_type":["Card","Potion","Relic","Card","Relic","Potion","Card"],"build_version":"2020-12-22","purchased_purges":2,"victory":true,"max_hp_per_floor":[75,75,75,75,75,75,75,75,75,75,75,75,75,75,75,75,75,75,75,75,75,75,75,75,75,75,75,75,75,75,75,75,75,75,75,75,75,75,75,75,75,75,75,75,75,75,75,75,75,75],"card_choices":[{"not_picked":["Consume_Illness","Pandemic"],"picked":"Negative_Energy_Javelin","floor":1.0},{"not_picked":["Bones_to_Steel","Acid_Javelin"],"picked":"Summon_Undead_Army","floor":3.0},{"not_picked":["Summon_Undead_Army","Consume_Illness"],"picked":"Spectral_Walk","floor":4.0},{"not_picked":["Blood_Curse","Necromantic_Selection"],"picked":"Summon_Death_Knight","floor":5.0},{"not_picked":["Chill_Blood","Bone_Spikes","Bone_Armor"],"picked":"SKIP","floor":6.0},{"not_picked":["Blood_Curse","Whirlwind_of_Bones","Negative_Energy_Javelin"],"picked":"SKIP","floor":8.0},{"not_picked":["Siphon_Strength","Bone_Bullets","Finger_Of_Death"],"picked":"SKIP","floor":13.0},{"not_picked":["Negative_Energy_Shield","Shackles_Of_Pain"],"picked":"Shade_Step","floor":14.0},{"not_picked":["Hellfire","Negative_Energy_Bomb"],"picked":"Summon_Vampire_Lady","floor":16.0},{"not_picked":["Necrotic_Claws","Blood_Whip","Blood_Curse"],"picked":"SKIP","floor":18.0},{"not_picked":["Blood_Curse","Spectral_Walk"],"picked":"Summon_Undead","floor":19.0},{"not_picked":["Bone_Shift+1","Negative_Energy_Sphere"],"picked":"Stop_Heart","floor":21.0},{"not_picked":["Death_March_Dance","Detonate_Bones","Strike_from_Beyond"],"picked":"SKIP","floor":22.0},{"not_picked":["Blood_for_Blood","Blood_Shield"],"picked":"Bone_Prison","floor":23.0},{"not_picked":["Shackles_Of_Pain","Cloudkill"],"picked":"Spectral_Walk+1","floor":25.0},{"not_picked":["Violent_Necrosis","Death_March_Dance"],"picked":"Summon_Undead+1","floor":27.0},{"not_picked":["Bone_Armor","Bone_Spikes"],"picked":"Summon_Lich","floor":28.0},{"not_picked":["Life_Drain","Negative_Energy_Burst","Vampiric_Strike"],"picked":"SKIP","floor":29},{"not_picked":["Necromantic_Selection","Finger_Of_Death+1"],"picked":"Summon_Undead","floor":35},{"not_picked":["Bone_Spikes+1","Pandemic+1"],"picked":"Summon_Lich","floor":36},{"not_picked":["Deaths_Shadow+1","Bone_Armor","Thousand_Bone_Knives+1"],"picked":"SKIP","floor":37},{"not_picked":["Strike_from_Beyond+1","Death_March_Dance+1","Bone_Shift"],"picked":"SKIP","floor":41},{"not_picked":["Toxic_Smoke_Screen+1","Bones_to_Steel+1","Bone_Spikes+1"],"picked":"SKIP","floor":44},{"not_picked":["Negative_Energy_Sphere+1","Negative_Energy_Mist+1","Chill_Blood+1"],"picked":"SKIP","floor":45},{"not_picked":["Consume_Illness+1","Flesh_Made_Foul"],"picked":"Summon_Death_Knight","floor":46},{"not_picked":["Plague_Bolt","Death_March_Dance","Acid_Javelin"],"picked":"SKIP","floor":48}],"player_experience":262258,"relics_obtained":[{"floor":6.0,"key":"Happy Flower"},{"floor":9.0,"key":"Bag of Marbles"},{"floor":14.0,"key":"InkBottle"},{"floor":23.0,"key":"Smiling Mask"},{"floor":25.0,"key":"Juzu Bracelet"},{"floor":26.0,"key":"Centennial Puzzle"},{"floor":28.0,"key":"Dead Branch"},{"floor":31,"key":"Ginger"},{"floor":31,"key":"Bottled Flame"},{"floor":43,"key":"Toxic Egg 2"},{"floor":44,"key":"Oddly Smooth Stone"},{"floor":46,"key":"MealTicket"},{"floor":48,"key":"Kunai"}],"event_choices":[{"damage_healed":0.0,"max_hp_gain":0.0,"max_hp_loss":0.0,"gold_gain":0.0,"event_name":"Big Fish","player_choice":"Box","floor":2.0,"gold_loss":0.0,"damage_taken":0.0,"relics_obtained":["Shuriken"],"cards_obtained":["Regret"]},{"damage_healed":0.0,"max_hp_gain":0.0,"max_hp_loss":0.0,"gold_gain":0.0,"event_name":"Liars Game","player_choice":"Ignored","floor":12.0,"gold_loss":0.0,"damage_taken":0.0},{"damage_healed":0.0,"max_hp_gain":0.0,"max_hp_loss":0.0,"gold_gain":0.0,"event_name":"Addict","player_choice":"Obtained Relic","floor":20.0,"gold_loss":85.0,"damage_taken":0.0,"relics_obtained":["Blood Vial"]},{"damage_healed":0,"gold_gain":0,"player_choice":"Fight","damage_taken":0,"max_hp_gain":0,"max_hp_loss":0,"event_name":"Colosseum","floor":31,"gold_loss":0},{"damage_healed":0,"gold_gain":0,"player_choice":"Fought Nobs","damage_taken":0,"max_hp_gain":0,"max_hp_loss":0,"event_name":"Colosseum","floor":31,"gold_loss":0},{"damage_healed":0,"gold_gain":0,"player_choice":"Memory 1","damage_taken":0,"max_hp_gain":0,"max_hp_loss":0,"event_name":"SensoryStone","floor":38,"gold_loss":0},{"damage_healed":0,"gold_gain":0,"player_choice":"Paid","damage_taken":0,"relics_obtained":["Red Mask"],"max_hp_gain":0,"max_hp_loss":0,"event_name":"Tomb of Lord Red Mask","floor":47,"gold_loss":188}],"is_beta":false,"boss_relics":[{"not_picked":["Ectoplasm","Astrolabe"],"picked":"Snecko Eye"},{"not_picked":["Sozu","Coffee Dripper"],"picked":"Cursed Key"}],"items_purged_floors":[10,39],"is_endless":false,"potions_floor_spawned":[3,5,8,16,22,25,28,31,33,35,37,41,46],"ascension_level":5}}