{"host":"92108ef2q9tm8rod","time":1611568423,"event":{"mods":["BaseMod","Defuse TimeMaze Blight","Minty Spire (QoL Compilation)","StSLib","The Jungle"],"gold_per_floor":[110,122,142,142,156,185,185,203,203,217,217,228,244,261,261,363,363,383,161,161,181,198,198,224,224,224,234,234,248,259,289,289,394,394,405,455,474,474,474,474,321,321,344,344,371,371,176,186,186,186],"floor_reached":51,"language":"ENG","playtime":2974,"items_purged":["Poisoned Stab"],"score":871,"play_id":"0cda52a6-aab8-413a-bb8e-237ba84d668e","local_time":"20210125095343","daily_mods":["SealedDeck","Heirloom"],"is_ascension_mode":false,"campfire_choices":[{"data":"Deflect","floor":7,"key":"SMITH"},{"data":"Setup","floor":11,"key":"SMITH"},{"data":"Noxious Fumes","floor":15,"key":"SMITH"},{"data":"Blur","floor":23,"key":"SMITH"},{"data":"Venomology","floor":25,"key":"SMITH"},{"data":"Bouncing Flask","floor":32,"key":"SMITH"},{"data":"Adrenaline","floor":40,"key":"SMITH"},{"data":"Backflip","floor":42,"key":"SMITH"},{"data":"Adrenaline","floor":46,"key":"SMITH"},{"data":"Sadistic Nature","floor":49,"key":"SMITH"}],"circlet_count":0,"master_deck":["Sucker Punch","Setup+1","Poisoned Stab","Deflect+1","Backflip+1","Noxious Fumes+1","Escape Plan","Bouncing Flask+1","Blur+1","Deadly Poison","Venomology+1","Adrenaline+1","Noxious Fumes+1","Adrenaline+1","Sadistic Nature+1","Catalyst+1"],"relics":["Ring of the Serpent","TungstenRod","Potion Belt","Vajra","Letter Opener","HoveringKite","Omamori","Sundial","Mummified Hand","Singing Bowl","DollysMirror","Centennial Puzzle","Orichalcum"],"acts_visited":["Exordium","Exordium","TheBeyond"],"potions_floor_usage":[12,16,27,29,30,31,31,33,33,36,37,37,45,45,50,50,50,50,50,50],"damage_taken":[{"damage":0,"enemies":"Jaw Worm","floor":1,"turns":4},{"damage":0,"enemies":"Small Slimes","floor":2,"turns":3},{"damage":0,"enemies":"2 Louse","floor":3,"turns":2},{"damage":3,"enemies":"Blue Slaver","floor":5,"turns":4},{"damage":9,"enemies":"3 Sentries","floor":6,"turns":7},{"damage":0,"enemies":"Gremlin Gang","floor":8,"turns":5},{"damage":0,"enemies":"Exordium Thugs","floor":10,"turns":4},{"damage":0,"enemies":"Large Slime","floor":12,"turns":4},{"damage":0,"enemies":"2 Fungi Beasts","floor":13,"turns":2},{"damage":0,"enemies":"Lots of Slimes","floor":14,"turns":3},{"damage":5,"enemies":"Slime Boss","floor":16,"turns":7},{"damage":0,"enemies":"theJungle:Flameango_and_Byrd","floor":18,"turns":4},{"damage":0,"enemies":"theJungle:5_Spyders","floor":21,"turns":6},{"damage":2,"enemies":"theJungle:SlimyTreeVines","floor":22,"turns":7},{"damage":0,"enemies":"theJungle:Cassacara","floor":24,"turns":6},{"damage":0,"enemies":"theJungle:JungleHuntersEncounter","floor":27,"turns":5},{"damage":1,"enemies":"theJungle:2_Snecko_Cultists","floor":29,"turns":3},{"damage":1,"enemies":"theJungle:2_Flameangoes","floor":30,"turns":5},{"damage":0,"enemies":"theJungle:MamaSnecko","floor":31,"turns":5},{"damage":0,"enemies":"theJungle:FunGuy","floor":33,"turns":8},{"damage":0,"enemies":"Orb Walker","floor":35,"turns":2},{"damage":1,"enemies":"Mind Bloom Boss Battle","floor":36,"turns":5},{"damage":0,"enemies":"3 Shapes","floor":37,"turns":3},{"damage":0,"enemies":"Giant Head","floor":45,"turns":7},{"damage":0,"enemies":"Maw","floor":48,"turns":4},{"damage":2,"enemies":"Donu and Deca","floor":50,"turns":6}],"seed_played":"-4963221001872934478","potions_obtained":[{"floor":3,"key":"Dexterity Potion"},{"floor":5,"key":"GamblersBrew"},{"floor":10,"key":"Swift Potion"},{"floor":13,"key":"Dexterity Potion"},{"floor":16,"key":"Dexterity Potion"},{"floor":27,"key":"FearPotion"},{"floor":29,"key":"Ancient Potion"},{"floor":30,"key":"GamblersBrew"},{"floor":31,"key":"PowerPotion"},{"floor":35,"key":"LiquidBronze"},{"floor":37,"key":"Fruit Juice"},{"floor":45,"key":"Fruit Juice"}],"is_trial":true,"path_per_floor":["M","M","M","?","M","E","R","M","T","M","R","M","M","M","R","B",null,"M","$","?","M","M","R","E","R","T","M","?","M","M","E","R","B",null,"M","?","M","$","?","R","$","R","T","?","E","R","$","M","R","B",null],"character_chosen":"THE_SILENT","items_purchased":["Omamori","DollysMirror","Sadistic Nature"],"campfire_rested":0,"item_purchase_floors":[19,41,47],"current_hp_per_floor":[70,70,70,65,62,53,53,53,53,53,53,53,53,53,53,48,70,70,70,70,70,69,69,69,69,69,69,70,69,68,70,70,70,72,74,75,82,82,83,83,83,83,83,83,88,88,88,88,88,86],"gold":186,"neow_bonus":"","is_daily":false,"chose_seed":false,"campfire_upgraded":10,"win_rate":0.0,"timestamp":1611568423,"path_taken":["M","M","M","?","M","E","R","M","T","M","R","M","M","M","R","BOSS","M","$","?","M","M","R","E","R","T","M","?","M","M","E","R","BOSS","M","?","M","$","?","R","$","R","T","?","E","R","?","M","R","BOSS"],"items_purchased_type":["Relic","Relic","Card"],"build_version":"2020-12-22","purchased_purges":1,"victory":true,"max_hp_per_floor":[70,70,70,70,70,70,70,70,70,70,70,70,70,70,70,70,70,70,70,70,70,70,70,70,70,70,70,70,70,70,72,72,72,72,74,76,83,83,83,83,83,83,83,83,88,88,88,88,88,88],"card_choices":[{"not_picked":["Dagger Spray","Accuracy"],"picked":"Deadly Poison","floor":1},{"not_picked":["Eviscerate","Concentrate","Distraction"],"picked":"SKIP","floor":2},{"not_picked":["Sucker Punch","Deadly Poison","Poisoned Stab"],"picked":"SKIP","floor":3},{"not_picked":["Prepared","Quick Slash","Outmaneuver"],"picked":"SKIP","floor":5},{"not_picked":["Blade Dance","Skewer","Dagger Throw"],"picked":"SKIP","floor":6},{"not_picked":["Backstab","Expertise","Backflip"],"picked":"SKIP","floor":8},{"not_picked":["Envenom","Slice","Accuracy"],"picked":"SKIP","floor":10},{"not_picked":["Bane","Cloak And Dagger","Flying Knee"],"picked":"SKIP","floor":12},{"not_picked":["Dodge and Roll","Dagger Throw","Slice"],"picked":"SKIP","floor":13},{"not_picked":["PiercingWail","Terror","Quick Slash"],"picked":"SKIP","floor":14},{"not_picked":["Poisoned Stab+1","Finisher","Prepared"],"picked":"SKIP","floor":18},{"not_picked":["Infinite Blades","Cloak And Dagger","Dagger Spray+1"],"picked":"SKIP","floor":21},{"not_picked":["Acrobatics","Backflip","Sucker Punch+1"],"picked":"SKIP","floor":22},{"not_picked":["Outmaneuver","Concentrate"],"picked":"Venomology","floor":24},{"not_picked":["Quick Slash","Bouncing Flask","All Out Attack"],"picked":"SKIP","floor":27},{"not_picked":["Dash+1","Concentrate+1","Flying Knee"],"picked":"SKIP","floor":29},{"not_picked":["Quick Slash","Concentrate","Cloak And Dagger"],"picked":"SKIP","floor":30},{"not_picked":["Tactician","Expertise","Deadly Poison+1"],"picked":"Singing Bowl","floor":31},{"not_picked":["Envenom","Unload"],"picked":"Adrenaline","floor":33},{"not_picked":["Masterful Stab","Backflip","Flying Knee+1"],"picked":"Singing Bowl","floor":35},{"not_picked":["Backstab+1","Underhanded Strike+1","Deflect+1"],"picked":"Singing Bowl","floor":36},{"not_picked":["Distraction","Deadly Poison","Slice"],"picked":"Singing Bowl","floor":37},{"not_picked":["Acrobatics+1","Eviscerate"],"picked":"Adrenaline","floor":45},{"not_picked":["Acrobatics","Caltrops+1"],"picked":"Catalyst+1","floor":48}],"player_experience":3338832,"relics_obtained":[{"floor":6,"key":"Vajra"},{"floor":9,"key":"Letter Opener"},{"floor":24,"key":"Sundial"},{"floor":26,"key":"Mummified Hand"},{"floor":31,"key":"Singing Bowl"},{"floor":43,"key":"Centennial Puzzle"},{"floor":45,"key":"Orichalcum"}],"event_choices":[{"damage_healed":0,"gold_gain":0,"player_choice":"Success","damage_taken":7,"relics_obtained":["Potion Belt"],"max_hp_gain":0,"max_hp_loss":0,"event_name":"Scrap Ooze","floor":4,"gold_loss":0},{"damage_healed":0,"gold_gain":0,"player_choice":"Fight","damage_taken":0,"max_hp_gain":0,"max_hp_loss":0,"event_name":"MindBloom","floor":36,"gold_loss":0},{"damage_healed":21,"gold_gain":0,"player_choice":"Writhe","damage_taken":0,"max_hp_gain":0,"max_hp_loss":0,"event_name":"Winding Halls","floor":39,"gold_loss":0,"cards_obtained":["Writhe"]},{"damage_healed":0,"gold_gain":0,"player_choice":"Ignored","damage_taken":0,"max_hp_gain":0,"max_hp_loss":0,"event_name":"Mysterious Sphere","floor":44,"gold_loss":0}],"is_beta":false,"boss_relics":[{"not_picked":["Runic Pyramid","Calling Bell"],"picked":"HoveringKite"},{"not_picked":["SlaversCollar","Black Star"],"picked":"Ring of the Serpent"}],"items_purged_floors":[19],"is_endless":false,"potions_floor_spawned":[3,5,10,13,16,27,29,30,31,35,37,45],"ascension_level":0}}