{"host":"jzehok24c0182h89","time":1611598365,"event":{"mods":["Bard","BaseMod","Bestiary","Colored Map","Colored Powertips","Downfall","Hermit","Marisa????????","Minty Spire (QoL Compilation)","Random Character Button","Shade Mod","StSLib","The Blackbeard","The Bug Knight","The Construct","The Cursed","The Disciple","The Dragon Tamer","The Hierophant","The Necromancer","The Servant 0.9.4"],"gold_per_floor":[118,64,78,97,97,97,127,127,179,197,208,242,242,275,275,351,351,369,382,392,392,392,392,403,434,459,476,476,476],"floor_reached":28,"language":"ENG","playtime":1369,"items_purged":[],"score":481,"play_id":"f3f3c11b-5207-44ad-94ed-01e6079ef056","local_time":"20210125131245","is_ascension_mode":true,"campfire_choices":[{"data":"Metallicize","floor":6,"key":"SMITH"},{"data":"Bash","floor":13,"key":"SMITH"},{"data":"Dark Embrace","floor":15,"key":"SMITH"},{"floor":23,"key":"REST"}],"circlet_count":0,"master_deck":["AscendersBane","Strike_R","Strike_R","Strike_R+1","Strike_R+1","Defend_R","Defend_R","Defend_R","Defend_R","Bash+1","Metallicize+1","Dark Embrace+1","Anger","CurseOfTheBell","CurseOfTheBell","True Grit","Fiend Fire","Inflame","Inflame","Juggernaut","Shrug It Off","Thunderclap","RitualDagger","Offering","Pummel+1","Hemokinesis","Shrug It Off+1"],"relics":["SlaversCollar","Vajra","downfall:ExtraCursedBell","Blood Vial","Ornamental Fan","Du-Vu Doll","Whetstone","Potion Belt","Lizard Tail","Toy Ornithopter","Runic Pyramid","Dream Catcher","Bag of Marbles"],"acts_visited":["Exordium","TheCity"],"potions_floor_usage":[7,12,16,18,19,25,27],"damage_taken":[{"damage":7,"enemies":"Small Slimes","floor":1,"turns":4},{"damage":0,"enemies":"Cultist","floor":3,"turns":4},{"damage":4,"enemies":"2 Louse","floor":4,"turns":4},{"damage":13,"enemies":"3 Sentries","floor":7,"turns":8},{"damage":9,"enemies":"Looter","floor":10,"turns":3},{"damage":18,"enemies":"Large Slime","floor":11,"turns":5},{"damage":12,"enemies":"Lagavulin","floor":12,"turns":5},{"damage":7,"enemies":"3 Sentries","floor":14,"turns":6},{"damage":5,"enemies":"The Guardian","floor":16,"turns":6},{"damage":8,"enemies":"Chosen","floor":18,"turns":4},{"damage":27,"enemies":"3 Byrds","floor":19,"turns":5},{"damage":26,"enemies":"Snake Plant","floor":20,"turns":4},{"damage":27,"enemies":"Centurion and Healer","floor":24,"turns":4},{"damage":31,"enemies":"Book of Stabbing","floor":25,"turns":3},{"damage":15,"enemies":"3 Cultists","floor":27,"turns":5},{"damage":19,"enemies":"Gremlin Leader","floor":28,"turns":2}],"seed_played":"3244185782324866138","potions_obtained":[{"floor":3,"key":"Ancient Potion"},{"floor":4,"key":"SteroidPotion"},{"floor":7,"key":"Swift Potion"},{"floor":11,"key":"Energy Potion"},{"floor":14,"key":"SkillPotion"},{"floor":16,"key":"SkillPotion"},{"floor":19,"key":"sneckomod:MuddlingPotion"},{"floor":20,"key":"LiquidBronze"},{"floor":25,"key":"DistilledChaos"}],"is_trial":false,"path_per_floor":["M","?","M","M","?","R","E","?","T","M","M","E","R","E","R","B",null,"M","M","M","?","?","R","M","E","T","M","E"],"character_chosen":"IRONCLAD","items_purchased":[],"campfire_rested":1,"item_purchase_floors":[],"current_hp_per_floor":[61,61,61,57,57,57,46,39,39,32,16,6,6,1,1,3,57,56,36,12,6,6,28,3,22,22,14,0,0],"gold":476,"neow_bonus":"BOSS_RELIC","is_daily":false,"chose_seed":false,"campfire_upgraded":3,"win_rate":0.0,"timestamp":1611598365,"path_taken":["M","?","?","?","?","R","E","?","T","M","M","E","R","E","R","BOSS","M","M","M","?","?","R","M","E","T","M","E"],"items_purchased_type":[],"build_version":"2020-12-22","purchased_purges":0,"victory":false,"max_hp_per_floor":[75,75,75,75,75,75,75,75,75,75,75,75,75,75,75,75,75,75,75,75,75,75,75,75,75,75,75,75,75],"card_choices":[{"not_picked":["Thunderclap","Warcry"],"picked":"Metallicize","floor":1},{"not_picked":["Sentinel","Armaments"],"picked":"Dark Embrace","floor":3},{"not_picked":["Dual Wield","Body Slam"],"picked":"Anger","floor":4},{"not_picked":["Armaments","Blood for Blood","Headbutt"],"picked":"SKIP","floor":7},{"not_picked":["Burning Pact","Wild Strike"],"picked":"True Grit","floor":10},{"not_picked":["Body Slam","Pommel Strike"],"picked":"Fiend Fire","floor":11},{"not_picked":["Wild Strike","Intimidate"],"picked":"Inflame","floor":12},{"not_picked":["Seeing Red","Flex"],"picked":"Inflame","floor":14},{"not_picked":["Bludgeon","Barricade"],"picked":"Juggernaut","floor":16},{"not_picked":["Flex","Twin Strike+1"],"picked":"Shrug It Off","floor":18},{"not_picked":["Cleave","Clash","Anger"],"picked":"SKIP","floor":19},{"not_picked":["Perfected Strike","Flex"],"picked":"Thunderclap","floor":20},{"not_picked":["Thunderclap","Rampage"],"picked":"Pummel+1","floor":24},{"not_picked":["Twin Strike","Infernal Blade"],"picked":"Hemokinesis","floor":25},{"not_picked":["Exhume","Twin Strike"],"picked":"Shrug It Off+1","floor":27}],"player_experience":810535,"relics_obtained":[{"floor":5,"key":"Blood Vial"},{"floor":5,"key":"Ornamental Fan"},{"floor":5,"key":"Du-Vu Doll"},{"floor":7,"key":"Whetstone"},{"floor":9,"key":"Potion Belt"},{"floor":12,"key":"Lizard Tail"},{"floor":14,"key":"Toy Ornithopter"},{"floor":25,"key":"Dream Catcher"},{"floor":26,"key":"Bag of Marbles"}],"event_choices":[{"damage_healed":0,"gold_gain":0,"player_choice":"Paid Gold","damage_taken":0,"relics_obtained":["Vajra"],"max_hp_gain":0,"max_hp_loss":0,"event_name":"WeMeetAgain","floor":2,"gold_loss":54},{"cards_removed":["Strike_R"],"damage_healed":0,"gold_gain":0,"player_choice":"Card Removal","damage_taken":7,"max_hp_gain":0,"max_hp_loss":0,"event_name":"Golden Wing","floor":8,"gold_loss":0},{"damage_healed":0,"gold_gain":0,"player_choice":"Joined the Cult","damage_taken":6,"max_hp_gain":0,"max_hp_loss":0,"event_name":"Nest","floor":21,"gold_loss":0,"cards_obtained":["RitualDagger"]},{"damage_healed":0,"gold_gain":0,"player_choice":"1 cards matched","damage_taken":0,"max_hp_gain":0,"max_hp_loss":0,"event_name":"Match and Keep!","floor":22,"gold_loss":0,"cards_obtained":["Offering"]}],"is_beta":false,"boss_relics":[{"not_picked":["Astrolabe","Philosopher\u0027s Stone"],"picked":"Runic Pyramid"}],"items_purged_floors":[],"is_endless":false,"potions_floor_spawned":[3,4,7,11,14,16,19,20,25],"killed_by":"Gremlin Leader","ascension_level":17}}