{"host":"8d3fefv2347kqkpz","time":1611546960,"event":{"mods":["AchievementEnabler","Act Like it!","Aspiration","BaseMod","Better Vampires","Colored Map","Colored Powertips","Conspire","GifTheSpireLib","Hermit","Highlight Path","Hubris","Marisa£®ÏF”Í°°ƒß¿Ì…≥£©","Mimic Mod","Minty Spire (QoL Compilation)","Quick Restart","Rare Cards Sparkle","Reimu£®≤©¿ˆ¡È√Œ£©","Relic Stats","Remilia£®¿Ÿ√◊¿Ú—«£©","Replay The Spire","Spicy Shops","StSLib","The Cursed","The Jungle","The Servant 0.9.4","Waifu the Spire","Youmu£®ªÍ∆«—˝√Œ£©"],"gold_per_floor":[12,12,26,26,26,26,41,41,41,41,41,60,60,85,85,210,273,292,292,307,332,332,332,123,123,123],"floor_reached":25,"language":"ZHS","playtime":1352,"items_purged":[],"score":191,"play_id":"0b96857d-0b54-49f4-a96b-58fb0ebd6ce4","local_time":"20210125115600","is_ascension_mode":false,"campfire_choices":[{"data":"hermit:Showdown","floor":6,"key":"SMITH"},{"data":"hermit:Ricochet","floor":8,"key":"SMITH"},{"data":"hermit:Glare","floor":11,"key":"SMITH"},{"data":"hermit:Manifest","floor":15,"key":"SMITH"},{"floor":23,"key":"REST"}],"circlet_count":0,"master_deck":["hermit:Strike_Hermit","hermit:Strike_Hermit","hermit:Strike_Hermit+1","hermit:Defend_Hermit","hermit:Snapshot","hermit:Covet","hermit:Showdown+1","hermit:Glare+1","hermit:Determination","Injury","hermit:Ricochet+1","hermit:HeroicBravado","hermit:Manifest+1","hermit:HighNoon","hermit:Gambit","hermit:GhostlyPresence+1","hermit:Maintenance","hermit:HighCaliber"],"relics":["hermit:Momento","CultistMask","Golden Idol","Singing Bowl","Tiny House"],"acts_visited":["Exordium","TheCity"],"potions_floor_usage":[20,20],"damage_taken":[{"damage":0.0,"enemies":"Small Slimes","floor":1.0,"turns":2.0},{"damage":7,"enemies":"Cultist","floor":3,"turns":4},{"damage":3,"enemies":"Jaw Worm","floor":7,"turns":3},{"damage":2,"enemies":"Looter","floor":12,"turns":2},{"damage":8,"enemies":"3 Louse","floor":14,"turns":4},{"damage":31,"enemies":"Hexaghost","floor":16,"turns":9},{"damage":1,"enemies":"Chosen","floor":18,"turns":5},{"damage":66,"enemies":"3 Byrds","floor":20,"turns":7},{"damage":4,"enemies":"conspire:HollyBat","floor":21,"turns":8},{"damage":40,"enemies":"Book of Stabbing","floor":25,"turns":5}],"seed_played":"-6828823006930584958","potions_obtained":[{"floor":7,"key":"ZuzhouPotion:ReiMu"},{"floor":12,"key":"SkillPotion"},{"floor":17,"key":"hermit:Tonic"},{"floor":20,"key":"GamblersBrew"}],"is_trial":false,"path_per_floor":["M","?","M","$","?","R","M","R","T","?","R","M","?","M","R","B",null,"M","?","M","M","?","R","$","E"],"character_chosen":"HERMIT","items_purchased":["hermit:Maintenance","hermit:HighCaliber"],"campfire_rested":1,"item_purchase_floors":[24,24],"current_hp_per_floor":[75,75,68,68,68,68,65,65,65,65,65,63,63,55,55,24,82,81,81,15,13,13,38,38,0,0],"gold":123,"neow_bonus":"TRANSFORM_TWO_CARDS","is_daily":false,"chose_seed":false,"campfire_upgraded":4,"win_rate":0.0,"timestamp":1611546960,"path_taken":["M","?","?","$","?","R","M","R","T","?","R","M","?","M","R","BOSS","M","?","M","M","?","R","$","E"],"items_purchased_type":["Card","Card"],"build_version":"2020-12-22","purchased_purges":0,"victory":false,"max_hp_per_floor":[75,75,75,75,75,75,75,75,75,75,75,75,75,75,75,75,82,82,82,82,84,84,84,84,84,84],"relic_stats":{"Singing Bowl":4,"counters":[10,49],"Golden Idol":62,"obtain_stats":[{"Tiny House":17,"Singing Bowl":9,"Golden Idol":5,"CultistMask":2,"hermit:Momento":0},{"Tiny House":6,"Singing Bowl":3,"Golden Idol":2,"CultistMask":1,"hermit:Momento":0},{"Tiny House":24,"Singing Bowl":9,"Golden Idol":6,"CultistMask":2,"hermit:Momento":0}]},"card_choices":[{"not_picked":["hermit:ItchyTrigger","hermit:Roulette"],"picked":"hermit:Determination","floor":1.0},{"not_picked":["hermit:Coalescence","hermit:Glare","hermit:Vantage"],"picked":"SKIP","floor":3},{"not_picked":["hermit:CalledShot","hermit:Desperado"],"picked":"hermit:Ricochet","floor":7},{"not_picked":["hermit:DeadMansHand","hermit:Feint"],"picked":"hermit:HeroicBravado","floor":12},{"not_picked":["hermit:EyeOfTheStorm","hermit:Snipe"],"picked":"hermit:Manifest","floor":14},{"not_picked":["hermit:Roughhouse","hermit:Adapt"],"picked":"hermit:HighNoon","floor":16},{"not_picked":["hermit:BodyArmor","hermit:Manifest","hermit:Desperado"],"picked":"Singing Bowl","floor":17},{"not_picked":["hermit:Deadeye","hermit:ShadowCloak"],"picked":"hermit:Gambit","floor":18},{"not_picked":["hermit:Headshot","hermit:Manifest+1"],"picked":"hermit:GhostlyPresence+1","floor":20},{"not_picked":["hermit:HoleUp+1","hermit:Vantage","hermit:CalledShot"],"picked":"Singing Bowl","floor":21}],"player_experience":184098,"relics_obtained":[{"floor":9,"key":"Singing Bowl"}],"event_choices":[{"damage_healed":0.0,"max_hp_gain":0.0,"max_hp_loss":0.0,"gold_gain":0.0,"event_name":"FaceTrader","player_choice":"Trade","floor":2.0,"gold_loss":0.0,"damage_taken":0.0,"relics_obtained":["CultistMask"]},{"damage_healed":0,"gold_gain":0,"player_choice":"Take Wound","damage_taken":0,"relics_obtained":["Golden Idol"],"max_hp_gain":0,"max_hp_loss":0,"event_name":"Golden Idol","floor":5,"gold_loss":0,"cards_obtained":["Injury"]},{"damage_healed":0,"gold_gain":0,"player_choice":"Disagree","damage_taken":0,"max_hp_gain":0,"max_hp_loss":0,"event_name":"conspire:LoneGhost","floor":10,"gold_loss":0},{"cards_removed":["hermit:Defend_Hermit"],"damage_healed":0,"gold_gain":0,"player_choice":"Forget","damage_taken":0,"max_hp_gain":0,"max_hp_loss":0,"event_name":"Living Wall","floor":13,"gold_loss":0},{"cards_removed":["hermit:Defend_Hermit"],"damage_healed":0,"gold_gain":0,"player_choice":"Elegance","damage_taken":0,"max_hp_gain":0,"max_hp_loss":0,"event_name":"Back to Basics","floor":19,"gold_loss":0},{"damage_healed":0,"gold_gain":0,"player_choice":"Leave","damage_taken":0,"max_hp_gain":0,"max_hp_loss":0,"event_name":"conspire:Investor","floor":22,"gold_loss":0}],"is_beta":false,"boss_relics":[{"not_picked":["aspiration:RunicSpoon","Pandora\u0027s Box"],"picked":"Tiny House"}],"items_purged_floors":[],"is_endless":false,"potions_floor_spawned":[7,12,20],"killed_by":"Book of Stabbing","ascension_level":0}}