{"host":"iph0xvuia0glosgr","time":1611579784,"event":{"mods":["AchievementEnabler","BaseMod","Minty Spire (QoL Compilation)"],"gold_per_floor":[118,118,130,130,147,177,177,452,452,452,471,646,662,672,672,770,770,786,786,786,885,885,885,873,883,910,394,394,394],"floor_reached":28,"language":"ENG","playtime":1364,"items_purged":["Doubt"],"score":218,"play_id":"bb0c8d12-5865-45a9-b2b5-0ce58a3dced4","local_time":"20210125130304","is_ascension_mode":false,"campfire_choices":[{"floor":7,"key":"REST"},{"floor":10,"key":"REST"},{"floor":15,"key":"REST"},{"data":"White Noise","floor":23,"key":"SMITH"}],"circlet_count":0,"master_deck":["Strike_B","Strike_B","Strike_B","Strike_B","Defend_B","Defend_B","Defend_B","Defend_B","Zap","Dualcast","Biased Cognition","Steam","Fusion","Doom and Gloom","Regret","Coolheaded","White Noise","Defragment","Core Surge","White Noise+1","Writhe","Capacitor","Ball Lightning","Self Repair","Leap"],"relics":["Cracked Core","Lizard Tail","Bottled Flame","Question Card","Nuclear Battery","Nilry\u0027s Codex","Shuriken","MawBank","Omamori"],"acts_visited":["Exordium","TheCity"],"potions_floor_usage":[16,16,16,24],"damage_taken":[{"damage":1,"enemies":"Cultist","floor":1,"turns":3},{"damage":8,"enemies":"Jaw Worm","floor":3,"turns":3},{"damage":6,"enemies":"2 Louse","floor":5,"turns":3},{"damage":33,"enemies":"Gremlin Nob","floor":6,"turns":5},{"damage":14,"enemies":"Red Slaver","floor":11,"turns":4},{"damage":8,"enemies":"Looter","floor":13,"turns":3},{"damage":10,"enemies":"Blue Slaver","floor":14,"turns":4},{"damage":56,"enemies":"Hexaghost","floor":16,"turns":9},{"damage":18,"enemies":"Shell Parasite","floor":18,"turns":5},{"damage":31,"enemies":"2 Thieves","floor":24,"turns":4},{"damage":45,"enemies":"Centurion and Healer","floor":25,"turns":6},{"damage":8,"enemies":"Snake Plant","floor":28,"turns":1}],"seed_played":"-5088821522637998951","potions_obtained":[{"floor":1,"key":"SteroidPotion"},{"floor":11,"key":"Ancient Potion"},{"floor":13,"key":"SpeedPotion"},{"floor":14,"key":"Energy Potion"},{"floor":16,"key":"BlessingOfTheForge"}],"is_trial":false,"path_per_floor":["M","?","M","T","M","E","R","?","T","R","M","?","M","M","R","B",null,"M","?","?","?","?","R","M","M","T","$","M"],"character_chosen":"DEFECT","items_purchased":["Omamori","Self Repair","Leap","LiquidBronze","Energy Potion","FocusPotion"],"campfire_rested":3,"item_purchase_floors":[27,27,27,27,27,27],"current_hp_per_floor":[74,74,66,66,60,27,49,49,49,71,57,57,49,39,61,5,75,57,41,41,41,41,41,10,4,4,4,0,0],"gold":394,"neow_bonus":"ONE_RANDOM_RARE_CARD","is_daily":false,"chose_seed":false,"campfire_upgraded":1,"win_rate":0.0,"timestamp":1611579784,"path_taken":["M","?","M","?","M","E","R","?","T","R","?","?","M","M","R","BOSS","M","?","?","?","?","R","M","M","T","$","?"],"items_purchased_type":["Relic","Card","Card","Potion","Potion","Potion"],"build_version":"2020-12-22","purchased_purges":1,"victory":false,"max_hp_per_floor":[75,75,75,75,75,75,75,75,75,75,75,75,75,75,75,75,75,75,75,75,75,75,75,75,75,75,75,75,75],"card_choices":[{"not_picked":["Chaos","Coolheaded"],"picked":"Steam","floor":1},{"not_picked":["Compile Driver","Scrape"],"picked":"Fusion","floor":3},{"not_picked":["Rip and Tear","Barrage"],"picked":"Doom and Gloom","floor":5},{"not_picked":["Gash","Conserve Battery","Hello World"],"picked":"SKIP","floor":6},{"not_picked":["Rebound","Hologram","Barrage"],"picked":"Coolheaded","floor":11},{"not_picked":["Hologram","Auto Shields","Coolheaded"],"picked":"White Noise","floor":13},{"not_picked":["Storm","Barrage","Genetic Algorithm"],"picked":"Defragment","floor":14},{"not_picked":["Hyperbeam","Reboot","Seek"],"picked":"Core Surge","floor":16},{"not_picked":["Rebound+1","Go for the Eyes","Conserve Battery"],"picked":"White Noise","floor":18},{"not_picked":["Turbo","Sweeping Beam","Rebound","Streamline"],"picked":"SKIP","floor":24},{"not_picked":["Static Discharge","Creative AI","Chill"],"picked":"Ball Lightning","floor":25}],"player_experience":246807,"relics_obtained":[{"floor":4,"key":"Lizard Tail"},{"floor":6,"key":"Bottled Flame"},{"floor":9,"key":"Question Card"},{"floor":19,"key":"Nilry\u0027s Codex"},{"floor":26,"key":"MawBank"}],"event_choices":[{"damage_healed":0,"gold_gain":0,"player_choice":"Leave","damage_taken":0,"max_hp_gain":0,"max_hp_loss":0,"event_name":"The Cleric","floor":2,"gold_loss":0},{"damage_healed":0,"gold_gain":275,"player_choice":"Desecrate","damage_taken":0,"max_hp_gain":0,"max_hp_loss":0,"event_name":"Golden Shrine","floor":8,"gold_loss":0,"cards_obtained":["Regret"]},{"damage_healed":0,"gold_gain":175,"player_choice":"AGREE","damage_taken":0,"max_hp_gain":0,"max_hp_loss":0,"event_name":"Liars Game","floor":12,"gold_loss":0,"cards_obtained":["Doubt"]},{"damage_healed":0,"gold_gain":0,"player_choice":"Obtained Book","damage_taken":16,"max_hp_gain":0,"max_hp_loss":0,"event_name":"Cursed Tome","floor":19,"gold_loss":0},{"damage_healed":0,"gold_gain":0,"player_choice":"Opened","damage_taken":0,"relics_obtained":["Shuriken"],"max_hp_gain":0,"max_hp_loss":0,"event_name":"The Mausoleum","floor":20,"gold_loss":0,"cards_obtained":["Writhe"]},{"damage_healed":0,"gold_gain":99,"player_choice":"Stole From Cult","damage_taken":0,"max_hp_gain":0,"max_hp_loss":0,"event_name":"Nest","floor":21,"gold_loss":0},{"damage_healed":0,"gold_gain":0,"player_choice":"Read","damage_taken":0,"max_hp_gain":0,"max_hp_loss":0,"event_name":"The Library","floor":22,"gold_loss":0,"cards_obtained":["Capacitor"]}],"is_beta":false,"boss_relics":[{"not_picked":["FrozenCore","Black Star"],"picked":"Nuclear Battery"}],"items_purged_floors":[27],"is_endless":false,"potions_floor_spawned":[1,11,13,14,16],"killed_by":"Snake Plant","ascension_level":0}}