{"host":"lnt5dzsuhru0aonl","time":1611585404,"event":{"mods":["2.2 Compatiblity","BaseMod","Colored Map","Colored Powertips","DeckTracker","Keyboard Shortcuts","Minty Spire (QoL Compilation)","Permanent Neow","Rare Cards Sparkle","StSLib","SuperFastMode","everything is the same but u backflip on backflip"],"gold_per_floor":[219,3,21,40,57,57,85,85,85,85,3,30,41,55,55,126,126,126,46,46,46,46,46,46,46,46,46,46,46,17,17,17,17,17],"floor_reached":33,"language":"KOR","playtime":640,"items_purged":[],"score":608,"play_id":"76359bc2-18b5-42cb-95be-4c46a5827d83","local_time":"20210125233644","is_ascension_mode":true,"campfire_choices":[{"data":"Defragment","floor":6.0,"key":"SMITH"},{"data":"Zap","floor":10.0,"key":"SMITH"},{"data":"Loop","floor":15.0,"key":"SMITH"},{"data":"Creative AI","floor":23,"key":"SMITH"},{"data":"Loop","floor":28,"key":"SMITH"},{"data":"Heatsinks","floor":32,"key":"SMITH"}],"circlet_count":0,"master_deck":["AscendersBane","Strike_B","Strike_B","Strike_B","Strike_B","Defend_B","Defend_B","Defend_B","Defend_B","Zap+1","Dualcast","Defragment+1","Chill","Genetic Algorithm","Ball Lightning","Storm+1","Loop+1","Conserve Battery","Loop+1","Recycle+1","Creative AI+1","Reinforced Body","Sweeping Beam","Heatsinks+1"],"relics":["Cracked Core","ClockworkSouvenir","Ornamental Fan","Pocketwatch","FossilizedHelix","Potion Belt","Ectoplasm","Ancient Tea Set","Kunai","Dream Catcher","Letter Opener"],"acts_visited":["Exordium","TheCity"],"potions_floor_usage":[24,31,33],"damage_taken":[{"damage":1.0,"enemies":"Cultist","floor":1.0,"turns":3.0},{"damage":0.0,"enemies":"Small Slimes","floor":3.0,"turns":5.0},{"damage":6.0,"enemies":"Jaw Worm","floor":4.0,"turns":4.0},{"damage":8.0,"enemies":"Blue Slaver","floor":5.0,"turns":4.0},{"damage":12.0,"enemies":"Lagavulin","floor":7.0,"turns":8.0},{"damage":0.0,"enemies":"Gremlin Nob","floor":12.0,"turns":4.0},{"damage":0.0,"enemies":"3 Louse","floor":13.0,"turns":3.0},{"damage":0.0,"enemies":"Looter","floor":14.0,"turns":2.0},{"damage":19.0,"enemies":"Hexaghost","floor":16.0,"turns":9.0},{"damage":0.0,"enemies":"Chosen","floor":18.0,"turns":3.0},{"damage":4.0,"enemies":"2 Thieves","floor":19.0,"turns":4.0},{"damage":10.0,"enemies":"Snake Plant","floor":20.0,"turns":4.0},{"damage":0,"enemies":"Chosen and Byrds","floor":21,"turns":5},{"damage":34,"enemies":"Book of Stabbing","floor":24,"turns":4},{"damage":0,"enemies":"Sentry and Sphere","floor":25,"turns":4},{"damage":12,"enemies":"Snake Plant","floor":31,"turns":3},{"damage":25,"enemies":"Automaton","floor":33,"turns":3}],"seed_played":"-1547758802979205921","potions_obtained":[{"floor":1.0,"key":"Fire Potion"},{"floor":3.0,"key":"Regen Potion"},{"floor":5.0,"key":"Regen Potion"},{"floor":13.0,"key":"Block Potion"},{"floor":19.0,"key":"Regen Potion"},{"floor":21,"key":"Regen Potion"},{"floor":25,"key":"Weak Potion"},{"floor":31,"key":"FocusPotion"}],"is_trial":false,"path_per_floor":["M","$","M","M","M","R","E","?","T","R","?","E","M","M","R","B",null,"M","M","M","M","T","R","E","M","T","?","R","T","$","M","R","B"],"character_chosen":"DEFECT","items_purchased":["ClockworkSouvenir","Chill","Sweeping Beam"],"campfire_rested":0,"item_purchase_floors":[2,2,30],"current_hp_per_floor":[63,63,63,57,61,61,61,61,61,61,61,61,61,61,61,42,64,64,60,62,62,62,62,37,37,37,37,37,37,37,25,25,0,0],"gold":17,"neow_bonus":"HUNDRED_GOLD","is_daily":false,"chose_seed":false,"campfire_upgraded":6,"win_rate":0.0,"timestamp":1611585404,"path_taken":["M","$","?","M","M","R","E","?","T","R","?","E","M","?","R","BOSS","M","?","M","?","?","R","E","M","T","?","R","?","?","M","R","BOSS"],"items_purchased_type":["Relic","Card","Card"],"build_version":"2020-12-22","purchased_purges":0,"victory":false,"max_hp_per_floor":[71,71,71,71,71,71,71,71,71,71,71,71,71,71,71,71,71,71,71,71,71,71,71,71,71,71,71,71,71,71,71,71,71,71],"card_choices":[{"not_picked":["Reprogram","Lockon"],"picked":"Defragment","floor":1.0},{"not_picked":["Steam","Rip and Tear"],"picked":"Genetic Algorithm","floor":3.0},{"not_picked":["Go for the Eyes","Conserve Battery"],"picked":"Ball Lightning","floor":4.0},{"not_picked":["Leap","Redo","Gash"],"picked":"SKIP","floor":5.0},{"not_picked":["Lockon","Coolheaded"],"picked":"Storm","floor":7.0},{"not_picked":["Sunder","Recycle"],"picked":"Loop","floor":12.0},{"not_picked":["Barrage","Scrape"],"picked":"Conserve Battery","floor":13.0},{"not_picked":["Gash","Hologram","Consume"],"picked":"SKIP","floor":14.0},{"not_picked":["Rebound","Cold Snap"],"picked":"Loop","floor":18.0},{"not_picked":["Aggregate","Gash","Ball Lightning"],"picked":"SKIP","floor":19.0},{"not_picked":["Turbo","Aggregate"],"picked":"Recycle+1","floor":20.0},{"not_picked":["Ball Lightning","Storm"],"picked":"Creative AI","floor":21},{"not_picked":["Barrage","Cold Snap"],"picked":"Reinforced Body","floor":24},{"not_picked":["Barrage","Force Field","Beam Cell"],"picked":"SKIP","floor":25},{"not_picked":["Hologram","Redo+1"],"picked":"Heatsinks","floor":31}],"player_experience":768448,"relics_obtained":[{"floor":7.0,"key":"Ornamental Fan"},{"floor":9.0,"key":"Pocketwatch"},{"floor":12.0,"key":"Potion Belt"},{"floor":22,"key":"Ancient Tea Set"},{"floor":24,"key":"Kunai"},{"floor":26,"key":"Dream Catcher"},{"floor":29,"key":"Letter Opener"}],"event_choices":[{"damage_healed":0.0,"max_hp_gain":0.0,"max_hp_loss":0.0,"gold_gain":0.0,"event_name":"Living Wall","player_choice":"Grow","floor":8.0,"gold_loss":0.0,"damage_taken":0.0,"cards_upgraded":["Storm"]},{"damage_healed":0.0,"max_hp_gain":0.0,"max_hp_loss":0.0,"gold_gain":0.0,"event_name":"WeMeetAgain","player_choice":"Paid Gold","floor":11.0,"gold_loss":82.0,"damage_taken":0.0,"relics_obtained":["FossilizedHelix"]},{"damage_healed":0,"gold_gain":0,"player_choice":"Ignored","damage_taken":0,"max_hp_gain":0,"max_hp_loss":0,"event_name":"The Mausoleum","floor":27,"gold_loss":0}],"is_beta":false,"boss_relics":[{"not_picked":["Sozu","Empty Cage"],"picked":"Ectoplasm"}],"items_purged_floors":[],"is_endless":false,"potions_floor_spawned":[1,3,5,13,19,21,25,31],"killed_by":"Automaton","ascension_level":20}}