{"host":"r53pw7z744tg3fxg","time":1611594364,"event":{"mods":["AchievementEnabler","BaseMod","Colored Map","Colored Powertips","Highlight Path","Minty Spire (QoL Compilation)","Quick Restart","Transform Curses"],"gold_per_floor":[117,133,144,294,294,294,309,344,371,371,401,401,428,428,428,524,524,538,175,190,211,211,211],"floor_reached":22,"language":"ENG","playtime":923,"items_purged":[],"score":340,"play_id":"76c2c48f-b6db-4268-ae79-797093b33f12","local_time":"20210125100604","is_ascension_mode":true,"campfire_choices":[{"data":"Apotheosis","floor":6.0,"key":"SMITH"},{"floor":10.0,"key":"REST"},{"floor":12.0,"key":"REST"},{"floor":15.0,"key":"REST"}],"circlet_count":0,"master_deck":["AscendersBane","Strike_P+1","Strike_P","Strike_P","Strike_P","Defend_P","Defend_P","Defend_P","Defend_P","Eruption","Vigilance","Parasite","Apotheosis+1","Wallop","Prostrate","DeceiveReality","Injury","BowlingBash+1","DevaForm","ThirdEye","DeusExMachina","WindmillStrike","Panache","Halt+1","SashWhip+1"],"relics":["PureWater","Golden Idol","Lantern","MealTicket","Whetstone","SlaversCollar","Strawberry"],"acts_visited":["Exordium","TheCity"],"potions_floor_usage":[21,21,22],"damage_taken":[{"damage":1.0,"enemies":"2 Louse","floor":1.0,"turns":6.0},{"damage":0.0,"enemies":"Small Slimes","floor":2.0,"turns":7.0},{"damage":0.0,"enemies":"Cultist","floor":3.0,"turns":5.0},{"damage":10.0,"enemies":"Looter","floor":7.0,"turns":3.0},{"damage":44.0,"enemies":"Gremlin Nob","floor":8.0,"turns":7.0},{"damage":32.0,"enemies":"The Guardian","floor":16.0,"turns":12.0},{"damage":7,"enemies":"Spheric Guardian","floor":18,"turns":10},{"damage":17,"enemies":"Shell Parasite","floor":20,"turns":8},{"damage":19,"enemies":"3 Cultists","floor":21,"turns":4},{"damage":46,"enemies":"Centurion and Healer","floor":22,"turns":6}],"seed_played":"-7091036871559640392","potions_obtained":[{"floor":1.0,"key":"EssenceOfSteel"},{"floor":3.0,"key":"Swift Potion"},{"floor":16,"key":"SkillPotion"},{"floor":20,"key":"Ambrosia"},{"floor":21,"key":"Swift Potion"}],"is_trial":false,"path_per_floor":["M","M","M","?","?","R","M","E","T","R","?","R","T","?","R","B",null,"M","$","M","M","M"],"character_chosen":"WATCHER","items_purchased":["Strawberry","Panache"],"campfire_rested":3,"item_purchase_floors":[19,19],"current_hp_per_floor":[60,60,60,60,60,60,50,6,6,26,26,46,46,46,66,34,60,53,75,58,39,0,0],"gold":211,"neow_bonus":"RANDOM_COLORLESS_2","is_daily":false,"chose_seed":false,"campfire_upgraded":1,"win_rate":0.0,"timestamp":1611594364,"path_taken":["M","M","M","?","?","R","M","E","T","R","?","R","?","?","R","BOSS","BOSS","M","$","M","M","?"],"items_purchased_type":["Relic","Card"],"build_version":"2020-12-22","purchased_purges":0,"victory":false,"max_hp_per_floor":[68,68,68,68,68,68,68,68,68,68,68,68,68,68,68,68,68,68,75,75,75,75,75],"card_choices":[{"not_picked":["Secret Weapon","HandOfGreed"],"picked":"Apotheosis","floor":0.0},{"not_picked":["EmptyFist","Crescendo"],"picked":"Wallop","floor":1.0},{"not_picked":["WaveOfTheHand","InnerPeace"],"picked":"Prostrate","floor":2.0},{"not_picked":["Protect","InnerPeace"],"picked":"DeceiveReality","floor":3.0},{"not_picked":["Study","Vengeance"],"picked":"BowlingBash","floor":7.0},{"not_picked":["BowlingBash","TalkToTheHand"],"picked":"DevaForm","floor":8.0},{"not_picked":["MasterReality","ConjureBlade"],"picked":"DeusExMachina","floor":16},{"not_picked":["FlyingSleeves","Prostrate"],"picked":"WindmillStrike","floor":18},{"not_picked":["CutThroughFate","JustLucky"],"picked":"Halt+1","floor":20},{"not_picked":["Wallop","SignatureMove"],"picked":"SashWhip+1","floor":21}],"player_experience":1341933,"relics_obtained":[{"floor":8.0,"key":"Lantern"},{"floor":9.0,"key":"MealTicket"},{"floor":13.0,"key":"Whetstone"}],"event_choices":[{"damage_healed":0.0,"max_hp_gain":0.0,"max_hp_loss":0.0,"gold_gain":150.0,"event_name":"Liars Game","player_choice":"AGREE","floor":4.0,"gold_loss":0.0,"damage_taken":0.0,"cards_obtained":["Doubt"]},{"damage_healed":0.0,"max_hp_gain":0.0,"max_hp_loss":0.0,"gold_gain":0.0,"event_name":"Golden Idol","player_choice":"Take Wound","floor":5.0,"gold_loss":0.0,"damage_taken":0.0,"relics_obtained":["Golden Idol"],"cards_obtained":["Injury"]},{"damage_healed":0.0,"max_hp_gain":0.0,"max_hp_loss":0.0,"gold_gain":30.0,"event_name":"Dead Adventurer","player_choice":"Searched \u00271\u0027 times","floor":11.0,"gold_loss":0.0,"damage_taken":0.0},{"damage_healed":0.0,"max_hp_gain":0.0,"max_hp_loss":0.0,"gold_gain":0.0,"cards_transformed":["Doubt"],"event_name":"Transmorgrifier","player_choice":"Transformed","floor":14.0,"gold_loss":0.0,"damage_taken":0.0,"cards_obtained":["ThirdEye"]}],"is_beta":false,"boss_relics":[{"not_picked":["Sozu","Coffee Dripper"],"picked":"SlaversCollar"}],"items_purged_floors":[],"is_endless":false,"potions_floor_spawned":[1,3,16,20,21],"killed_by":"Centurion and Healer","ascension_level":17}}