{"host":"ooe12lh8pgcirntb","time":1611533925,"event":{"mods":["AchievementEnabler","Act Like it!","BaseMod","Beaked The Cultist","ChefMod","Colored Map","Colored Powertips","Downfall","Minty Spire (QoL Compilation)","StSLib","The Animator","The Bug Knight","The Disciple","The Hierophant","The Problem Sleuth"],"gold_per_floor":[116,116,116,116,136,136,174,198,198,198,14,14,14,25,25,25,25],"floor_reached":16,"language":"ENG","playtime":1692,"items_purged":["Pain"],"score":98,"play_id":"d855f750-d4c3-497c-822a-7670e64b5efe","local_time":"20210124191845","is_ascension_mode":false,"campfire_choices":[{"data":"animator:Demiurge","floor":6,"key":"SMITH"},{"floor":10,"key":"REST"},{"floor":15,"key":"REST"}],"circlet_count":0,"master_deck":["animator:Strike_GoblinSlayer+1","animator:Defend_GoblinSlayer","animator:Strike+1","animator:Strike","animator:Strike","animator:Defend","animator:Defend","animator:Defend","animator:LizardPriest","animator:DwarfShaman","animator:Demiurge+1","animator:ElricAlphonse","animator:Spearman","animator:Megumin+1","animator:Darkness","animator:TanyaDegurechaff"],"relics":["animator:LivingPicture","animator:TheMissingPiece","WarpedTongs","Bird Faced Urn","Centennial Puzzle"],"acts_visited":["Exordium"],"potions_floor_usage":[16,16],"damage_taken":[{"damage":0,"enemies":"Small Slimes","floor":1,"turns":4},{"damage":7,"enemies":"Cultist","floor":5,"turns":4},{"damage":43,"enemies":"Lagavulin","floor":7,"turns":10},{"damage":2,"enemies":"2 Louse","floor":8,"turns":3},{"damage":2,"enemies":"Looter","floor":14,"turns":4},{"damage":52,"enemies":"Slime Boss","floor":16,"turns":7}],"seed_played":"-7953748529875230059","potions_obtained":[{"floor":1,"key":"animator:GrowthPotion"},{"floor":8,"key":"DuplicationPotion"},{"floor":14,"key":"Block Potion"}],"is_trial":false,"path_per_floor":["M","?","?","?","M","R","E","M","T","R","$","$","?","M","R","B"],"character_chosen":"THE_ANIMATOR","items_purchased":["animator:Megumin","animator:Darkness"],"campfire_rested":2,"item_purchase_floors":[11,11],"current_hp_per_floor":[66,66,53,53,46,46,3,1,1,20,20,20,20,20,39,0,0],"gold":25,"neow_bonus":"RANDOM_COLORLESS","is_daily":false,"chose_seed":false,"campfire_upgraded":1,"win_rate":0.0,"timestamp":1611533925,"path_taken":["M","?","?","?","M","R","E","?","T","R","?","$","?","M","R","BOSS"],"items_purchased_type":["Card","Card"],"build_version":"2020-12-22","purchased_purges":1,"victory":false,"max_hp_per_floor":[66,66,66,66,66,66,66,66,66,66,66,66,66,66,66,66,66],"card_choices":[{"not_picked":["animator:LimeBell","animator:NononJakuzure"],"picked":"animator:Zero","floor":0},{"not_picked":["animator:Aqua","animator:YachiyoNanami"],"picked":"animator:Demiurge","floor":1},{"not_picked":["animator:Shigure","animator:Evileye","animator:LizardPriest"],"picked":"SKIP","floor":5},{"not_picked":["animator:NagisaMomoe","animator:OrikoMikuni"],"picked":"animator:ElricAlphonse","floor":7},{"not_picked":["animator:LizardPriest","animator:Priestess"],"picked":"animator:Spearman","floor":8},{"not_picked":["animator:SayakaMiki","animator:Albedo"],"picked":"animator:Megumin","floor":14}],"player_experience":703885,"relics_obtained":[{"floor":7,"key":"Bird Faced Urn"},{"floor":9,"key":"Centennial Puzzle"}],"event_choices":[{"damage_healed":0,"gold_gain":0,"player_choice":"Leave","damage_taken":0,"max_hp_gain":0,"max_hp_loss":0,"event_name":"The Cleric","floor":2,"gold_loss":0},{"damage_healed":0,"gold_gain":0,"player_choice":"Entered Light","damage_taken":13,"max_hp_gain":0,"max_hp_loss":0,"event_name":"Shining Light","floor":3,"gold_loss":0,"cards_upgraded":["animator:Strike","animator:Strike_GoblinSlayer"]},{"damage_healed":0,"gold_gain":0,"player_choice":"Rummage","damage_taken":0,"relics_obtained":["WarpedTongs"],"max_hp_gain":0,"max_hp_loss":0,"event_name":"Accursed Blacksmith","floor":4,"gold_loss":0,"cards_obtained":["Pain"]},{"damage_healed":0,"gold_gain":0,"cards_transformed":["animator:Zero"],"player_choice":"Transformed","damage_taken":0,"max_hp_gain":0,"max_hp_loss":0,"event_name":"Transmorgrifier","floor":13,"gold_loss":0,"cards_obtained":["animator:TanyaDegurechaff"]}],"is_beta":false,"boss_relics":[],"items_purged_floors":[11],"is_endless":false,"potions_floor_spawned":[1,8,14],"killed_by":"Slime Boss","ascension_level":0}}