{"host":"l2dnabsh5e0fsksb","time":1611550629,"event":{"mods":["2.2 Compatiblity","BaseMod","Downfall","Minty Spire (QoL Compilation)","Quick Restart","StSLib"],"gold_per_floor":[199,214,232,232,232,262,262,262,262,262,262],"floor_reached":9,"language":"ENG","playtime":176,"items_purged":[],"score":77,"play_id":"c9583376-2b3d-45dd-9013-d43b15e0a7eb","local_time":"20210125152709","is_ascension_mode":true,"campfire_choices":[{"floor":1,"key":"RECALL"}],"circlet_count":0,"master_deck":["bronze:Strike","bronze:Strike","bronze:Strike","bronze:Strike","bronze:Defend","bronze:Defend","bronze:Defend","bronze:Defend","bronze:Replicate","bronze:Goto","bronze:DelayedSlice","bronze:Optimize","Regret","bronze:CleanCode","CurseOfTheBell","CurseOfTheBell"],"relics":["bronze:BronzeCore","Oddly Smooth Stone","StrikeDummy","Pen Nib","Singing Bowl","downfall:ExtraCursedBell","Regal Pillow","Ornamental Fan","Pocketwatch"],"acts_visited":["Exordium"],"potions_floor_usage":[],"damage_taken":[{"damage":5,"enemies":"Small Slimes","floor":2,"turns":3},{"damage":2,"enemies":"Jaw Worm","floor":3,"turns":3},{"damage":31,"enemies":"Lagavulin","floor":6,"turns":6},{"damage":19,"enemies":"Gremlin Nob","floor":9,"turns":2}],"seed_played":"5287542317835203203","potions_obtained":[{"floor":2,"key":"Dexterity Potion"},{"floor":6,"key":"bronze:FreeFunctionsPotion"}],"is_trial":false,"path_per_floor":["R","M","M","?","?","E","T","?","E"],"character_chosen":"THE_AUTOMATON","items_purchased":[],"campfire_rested":0,"item_purchase_floors":[],"current_hp_per_floor":[63,58,56,56,49,18,18,18,0,0,0],"gold":262,"neow_bonus":"HUNDRED_GOLD","is_daily":false,"chose_seed":false,"campfire_upgraded":0,"win_rate":0.0,"timestamp":1611550629,"path_taken":["R","M","M","?","?","E","T","?","E"],"items_purchased_type":[],"build_version":"2020-12-22","purchased_purges":0,"victory":false,"max_hp_per_floor":[70,70,70,70,70,70,70,70,70,70,70],"card_choices":[{"not_picked":["bronze:Overload","bronze:BuggyMess"],"picked":"bronze:DelayedSlice","floor":2},{"not_picked":["bronze:DelayedGuard","bronze:CutThrough"],"picked":"bronze:Optimize","floor":3},{"not_picked":["bronze:BugBarrage","bronze:Boost"],"picked":"bronze:CleanCode","floor":6}],"player_experience":1834618,"relics_obtained":[{"floor":6,"key":"Pen Nib"},{"floor":7,"key":"Singing Bowl"},{"floor":8,"key":"Regal Pillow"},{"floor":8,"key":"Ornamental Fan"},{"floor":8,"key":"Pocketwatch"}],"event_choices":[{"damage_healed":0,"gold_gain":0,"player_choice":"Box","damage_taken":0,"relics_obtained":["Oddly Smooth Stone"],"max_hp_gain":0,"max_hp_loss":0,"event_name":"Big Fish","floor":4,"gold_loss":0,"cards_obtained":["Regret"]},{"damage_healed":0,"gold_gain":0,"player_choice":"Success","damage_taken":7,"relics_obtained":["StrikeDummy"],"max_hp_gain":0,"max_hp_loss":0,"event_name":"Scrap Ooze","floor":5,"gold_loss":0}],"is_beta":false,"boss_relics":[],"items_purged_floors":[],"is_endless":false,"potions_floor_spawned":[2,6],"killed_by":"Gremlin Nob","ascension_level":6}}