{"host":"3azvxbhvx7nk2p5g","time":1611566016,"event":{"mods":["BaseMod","Minty Spire (QoL Compilation)","StSLib","WarShipGirlsR/’ΩΩ¢…Ÿ≈ÆR mod"],"gold_per_floor":[116,134,152,168,343,343,370,370,446,218,235,235,235,247,247,351,351,370,370,383,383,394,429,441,465,504,532,117,117,130,143,143,246,246,259,279,279,279,279,279,314,364,364,376,72,89,89,105,105,105],"floor_reached":51,"language":"ZHS","playtime":6023,"items_purged":["Doubt","rmod:strick","Regret"],"score":751,"play_id":"35b98e65-75f1-424d-a2b7-2c28410a7c40","local_time":"20210125171336","is_ascension_mode":false,"campfire_choices":[{"data":"rmod:diamondstrike","floor":6.0,"key":"SMITH"},{"data":"rmod:steelsupply","floor":13.0,"key":"SMITH"},{"data":"rmod:ridicule","floor":15.0,"key":"SMITH"},{"floor":24.0,"key":"REST"},{"floor":29.0,"key":"REST"},{"floor":32.0,"key":"REST"},{"data":"Madness","floor":40.0,"key":"SMITH"},{"floor":47.0,"key":"REST"},{"floor":49,"key":"REST"}],"circlet_count":0,"master_deck":["rmod:defend","rmod:defend","rmod:defend","rmod:defend","rmod:basicallowance","rmod:maingunfire","rmod:mineteam","rmod:unsinkable","rmod:diaomin","rmod:diamondstrike+1","rmod:steelsupply+1","rmod:highspeedmaneuver","rmod:chargemoney","rmod:advancebysurprise","rmod:lonelyqueen","rmod:ridicule+1","rmod:expeditionaryescort","rmod:ring","rmod:maintain","Flash of Steel","rmod:desperatesituation","rmod:openingtorpedo","rmod:ammunitionsupply+1","rmod:lonelyqueen","rmod:intelligenceanalysis+1","rmod:seals","Madness+1","Madness","Flash of Steel","Impatience","The Bomb","rmod:fuelsupply+1","rmod:diamondstrike+1","rmod:unsinkable+1","Master of Strategy"],"relics":["rmod:firstchargereward","TungstenRod","Shuriken","SlaversCollar","MawBank","Potion Belt","Bottled Tornado","Cursed Key","Mummified Hand","Incense Burner"],"acts_visited":["Exordium","TheCity","TheBeyond"],"potions_floor_usage":[48,48,50,50],"damage_taken":[{"damage":0.0,"enemies":"Jaw Worm","floor":1.0,"turns":4.0},{"damage":0.0,"enemies":"2 Louse","floor":2.0,"turns":3.0},{"damage":0.0,"enemies":"Small Slimes","floor":3.0,"turns":5.0},{"damage":13.0,"enemies":"Exordium Thugs","floor":4.0,"turns":8.0},{"damage":16.0,"enemies":"3 Sentries","floor":7.0,"turns":12.0},{"damage":0.0,"enemies":"Looter","floor":11.0,"turns":2.0},{"damage":0.0,"enemies":"3 Louse","floor":14.0,"turns":4.0},{"damage":4.0,"enemies":"The Guardian","floor":16.0,"turns":9.0},{"damage":8.0,"enemies":"Spheric Guardian","floor":18.0,"turns":6.0},{"damage":0.0,"enemies":"Shell Parasite","floor":20.0,"turns":5.0},{"damage":0.0,"enemies":"Snecko","floor":22.0,"turns":5.0},{"damage":38.0,"enemies":"Slavers","floor":23.0,"turns":7.0},{"damage":6.0,"enemies":"Chosen and Byrds","floor":25.0,"turns":8.0},{"damage":9.0,"enemies":"Cultist and Chosen","floor":27.0,"turns":7.0},{"damage":11.0,"enemies":"Centurion and Healer","floor":30.0,"turns":7.0},{"damage":3.0,"enemies":"Snake Plant","floor":31.0,"turns":5.0},{"damage":0.0,"enemies":"Automaton","floor":33.0,"turns":7.0},{"damage":2.0,"enemies":"3 Shapes","floor":35.0,"turns":5.0},{"damage":5.0,"enemies":"3 Darklings","floor":36.0,"turns":6.0},{"damage":0.0,"enemies":"Nemesis","floor":41.0,"turns":9.0},{"damage":6.0,"enemies":"Mind Bloom Boss Battle","floor":42.0,"turns":4.0},{"damage":44.0,"enemies":"Jaw Worm Horde","floor":44.0,"turns":4.0},{"damage":0.0,"enemies":"Writhing Mass","floor":46.0,"turns":7.0},{"damage":0,"enemies":"3 Darklings","floor":48,"turns":2},{"damage":44,"enemies":"Awakened One","floor":50,"turns":8}],"seed_played":"-8429568691567555585","potions_obtained":[{"floor":4.0,"key":"Fire Potion"},{"floor":7.0,"key":"Energy Potion"},{"floor":11.0,"key":"CultistPotion"},{"floor":27.0,"key":"Explosive Potion"},{"floor":30.0,"key":"BlessingOfTheForge"},{"floor":31.0,"key":"Swift Potion"},{"floor":48,"key":"EssenceOfSteel"}],"is_trial":false,"path_per_floor":["M","M","M","M","?","R","E","?","T","$","M","?","R","M","R","B",null,"M","?","M","?","M","E","R","M","T","M","$","R","M","M","R","B",null,"M","M","?","?","?","R","E","?","T","M","$","M","R","M","R","B",null],"character_chosen":"PRAEFECT","items_purchased":["rmod:chargemoney","rmod:advancebysurprise","Bottled Tornado","rmod:lonelyqueen","Master of Strategy"],"campfire_rested":5,"item_purchase_floors":[10,10,28,28,45],"current_hp_per_floor":[75,75,75,62,62,62,46,46,46,46,46,46,46,46,46,42,75,67,67,67,67,67,29,51,45,45,36,36,58,47,44,66,66,75,73,68,68,60,51,51,51,45,45,1,1,1,23,23,45,1],"gold":105,"neow_bonus":"TRANSFORM_CARD","is_daily":false,"chose_seed":false,"campfire_upgraded":4,"win_rate":0.0,"timestamp":1611566016,"path_taken":["M","M","M","M","?","R","E","?","T","$","M","?","R","?","R","BOSS","M","?","M","?","M","E","R","M","T","M","$","R","M","M","R","BOSS","M","M","?","?","?","R","E","?","T","M","$","M","R","M","R","BOSS"],"items_purchased_type":["Card","Card","Relic","Card","Card"],"build_version":"2020-12-22","purchased_purges":3,"victory":true,"max_hp_per_floor":[75,75,75,75,75,75,75,75,75,75,75,75,75,75,75,75,75,75,75,75,75,75,75,75,75,75,75,75,75,75,75,75,75,75,75,75,75,75,75,75,75,75,75,75,75,75,75,75,75,75],"card_choices":[{"not_picked":["rmod:luckystar","rmod:steelsupply"],"picked":"rmod:unsinkable","floor":1.0},{"not_picked":["rmod:garrisonisland","rmod:circuitoustactics"],"picked":"rmod:diaomin","floor":2.0},{"not_picked":["rmod:aviationdawn","rmod:advancebysurprise"],"picked":"rmod:diamondstrike","floor":3.0},{"not_picked":["rmod:punchline","rmod:supportescort","rmod:intelligenceanalysis"],"picked":"SKIP","floor":4.0},{"not_picked":["rmod:salvage","rmod:generalist"],"picked":"rmod:steelsupply","floor":7.0},{"not_picked":["rmod:aviationdawn","rmod:fletcherpendant"],"picked":"rmod:lonelyqueen","floor":11.0},{"not_picked":["rmod:supportescort","rmod:luckystar"],"picked":"rmod:ridicule","floor":14.0},{"not_picked":["rmod:highspeedmaneuver","rmod:windflower"],"picked":"rmod:expeditionaryescort","floor":16.0},{"not_picked":["rmod:selfconfidence","rmod:aviationdawn"],"picked":"rmod:ring","floor":18.0},{"not_picked":["rmod:aviationdawn+1","rmod:victimresponsibility"],"picked":"rmod:maintain","floor":20.0},{"not_picked":["rmod:heivgo","rmod:victimresponsibility+1","rmod:supportescort"],"picked":"SKIP","floor":22.0},{"not_picked":["rmod:punchline","rmod:fletcher","rmod:advancebysurprise"],"picked":"SKIP","floor":23.0},{"not_picked":["rmod:intelligenceanalysis","rmod:circuitoustactics"],"picked":"rmod:ammunitionsupply+1","floor":25.0},{"not_picked":["rmod:unsinkable+1","rmod:luckystar+1","rmod:advancebysurprise"],"picked":"SKIP","floor":27.0},{"not_picked":["rmod:luckystar","rmod:goodsister+1"],"picked":"rmod:intelligenceanalysis+1","floor":30.0},{"not_picked":["rmod:ring","rmod:garrisonisland+1","rmod:punchline"],"picked":"SKIP","floor":31.0},{"not_picked":["rmod:saltedfish","rmod:ridicule"],"picked":"rmod:seals","floor":33.0},{"not_picked":["rmod:fletcherpendant","rmod:mineteam","rmod:goodfighter"],"picked":"SKIP","floor":35.0},{"not_picked":["rmod:fletcherpendant","rmod:mineteam","rmod:goodfighter"],"picked":"SKIP","floor":35.0},{"not_picked":["rmod:intelligenceanalysis+1","rmod:supportescort","rmod:salvage+1"],"picked":"SKIP","floor":36.0},{"not_picked":["Forethought","The Bomb"],"picked":"Flash of Steel","floor":39.0},{"not_picked":["Good Instincts","Mind Blast"],"picked":"Impatience","floor":39.0},{"not_picked":["Enlightenment","Dramatic Entrance"],"picked":"The Bomb","floor":39.0},{"not_picked":["rmod:luckystar","rmod:unsinkable+1"],"picked":"rmod:fuelsupply+1","floor":41.0},{"not_picked":["rmod:tearstotiara","rmod:circuitoustactics+1"],"picked":"rmod:diamondstrike+1","floor":42.0},{"not_picked":["rmod:wolves","rmod:garrisonisland"],"picked":"rmod:unsinkable+1","floor":44.0},{"not_picked":["rmod:aviationdawn+1","rmod:rockthrower","rmod:diamondstrike+1"],"picked":"SKIP","floor":46.0},{"not_picked":["rmod:selfconfidence","rmod:victimresponsibility+1","rmod:intelligenceanalysis+1"],"picked":"SKIP","floor":48}],"player_experience":34001,"relics_obtained":[{"floor":7.0,"key":"TungstenRod"},{"floor":9.0,"key":"Shuriken"},{"floor":23.0,"key":"MawBank"},{"floor":26.0,"key":"Potion Belt"},{"floor":41.0,"key":"Mummified Hand"},{"floor":42.0,"key":"Incense Burner"}],"event_choices":[{"damage_healed":0.0,"max_hp_gain":0.0,"max_hp_loss":0.0,"gold_gain":175.0,"event_name":"Liars Game","player_choice":"AGREE","floor":5.0,"gold_loss":0.0,"damage_taken":0.0,"cards_obtained":["Doubt"]},{"damage_healed":0.0,"max_hp_gain":0.0,"max_hp_loss":0.0,"gold_gain":0.0,"cards_transformed":["rmod:strick"],"event_name":"Living Wall","player_choice":"Change","floor":8.0,"gold_loss":0.0,"damage_taken":0.0,"cards_obtained":["rmod:highspeedmaneuver"]},{"damage_healed":0.0,"max_hp_gain":0.0,"max_hp_loss":0.0,"gold_gain":0.0,"event_name":"Shining Light","player_choice":"Ignored","floor":12.0,"gold_loss":0.0,"damage_taken":0.0},{"damage_healed":0.0,"max_hp_gain":0.0,"max_hp_loss":0.0,"gold_gain":0.0,"event_name":"Ghosts","player_choice":"Ignored","floor":19.0,"gold_loss":0.0,"damage_taken":0.0},{"damage_healed":0.0,"max_hp_gain":0.0,"max_hp_loss":0.0,"gold_gain":0.0,"event_name":"Match and Keep!","player_choice":"3 cards matched","floor":21.0,"gold_loss":0.0,"damage_taken":0.0,"cards_obtained":["Flash of Steel","rmod:desperatesituation","rmod:openingtorpedo"]},{"damage_healed":0.0,"max_hp_gain":0.0,"max_hp_loss":0.0,"gold_gain":0.0,"event_name":"Match and Keep!","player_choice":"3 cards matched","floor":21.0,"gold_loss":0.0,"damage_taken":0.0,"cards_obtained":["Flash of Steel","rmod:desperatesituation","rmod:openingtorpedo"]},{"cards_removed":["rmod:strick"],"damage_healed":0.0,"max_hp_gain":0.0,"max_hp_loss":0.0,"gold_gain":0.0,"event_name":"Falling","player_choice":"Removed Attack","floor":37.0,"gold_loss":0.0,"damage_taken":0.0},{"damage_healed":0.0,"max_hp_gain":0.0,"max_hp_loss":0.0,"gold_gain":0.0,"event_name":"Winding Halls","player_choice":"Embrace Madness","floor":38.0,"gold_loss":0.0,"damage_taken":9.0,"cards_obtained":["Madness","Madness"]},{"damage_healed":0.0,"max_hp_gain":0.0,"max_hp_loss":0.0,"gold_gain":0.0,"event_name":"SensoryStone","player_choice":"Memory 3","floor":39.0,"gold_loss":0.0,"damage_taken":10.0},{"damage_healed":0.0,"max_hp_gain":0.0,"max_hp_loss":0.0,"gold_gain":0.0,"event_name":"MindBloom","player_choice":"Fight","floor":42.0,"gold_loss":0.0,"damage_taken":0.0}],"is_beta":false,"boss_relics":[{"not_picked":["Velvet Choker","Ectoplasm"],"picked":"SlaversCollar"},{"not_picked":["Runic Dome","Tiny House"],"picked":"Cursed Key"}],"items_purged_floors":[10,28,45],"is_endless":false,"potions_floor_spawned":[4,7,11,16,18,27,30,31,33,36,48],"ascension_level":0}}