{"host":"xp5rvh2jwe2ejyfm","time":1611584336,"event":{"mods":["BaseMod","Downfall","Duelist Mod","GifTheSpireLib","Gremlin Mod","Hermit","Hubris","Minty Spire (QoL Compilation)","Robot Space Explorer","StSLib","The Blackbeard","The Clintock","The Construct","The Cursed","The Disciple","The Forsaken","The Hierophant","The Necromancer","The Runesmith","The Servant 0.9.4"],"gold_per_floor":[113,123,134,9,20,20,51,51,78,78,78,78,105,105,105,105,105],"floor_reached":16,"language":"ENG","playtime":407,"items_purged":[],"score":108,"play_id":"99af1068-2a39-436d-8d53-208fa550b8f6","local_time":"20210125091856","is_ascension_mode":false,"campfire_choices":[{"data":"theForsaken:InspiringBlow","floor":6,"key":"SMITH"},{"data":"theForsaken:Penitence","floor":8,"key":"SMITH"},{"data":"theForsaken:HymnOfRest","floor":12,"key":"SMITH"},{"floor":15,"key":"REST"}],"circlet_count":0,"master_deck":["theForsaken:TheForsaken_Strike","theForsaken:TheForsaken_Strike","theForsaken:TheForsaken_Strike","theForsaken:TheForsaken_Strike","theForsaken:TheForsaken_Defend","theForsaken:TheForsaken_Defend","theForsaken:TheForsaken_Defend","theForsaken:TheForsaken_Defend+1","theForsaken:Smite","theForsaken:Penitence+1","theForsaken:Purification","theForsaken:ChargeAttack","theForsaken:ShieldBash+1","theForsaken:HymnOfRest+1","theForsaken:InspiringBlow+1","theForsaken:PowerUp","theForsaken:BountifulSunlight","theForsaken:FatRoll","Parasite","theForsaken:WordOfPower"],"relics":["theForsaken:JudgementScales","hubris:DeckOfHolding","Boot","hubris:Icosahedron","Tiny Chest"],"acts_visited":["Exordium"],"potions_floor_usage":[7,13],"damage_taken":[{"damage":6,"enemies":"2 Louse","floor":1,"turns":3},{"damage":3,"enemies":"Jaw Worm","floor":2,"turns":5},{"damage":0,"enemies":"Small Slimes","floor":3,"turns":2},{"damage":11,"enemies":"Looter","floor":5,"turns":3},{"damage":9,"enemies":"Gremlin Nob","floor":7,"turns":4},{"damage":45,"enemies":"3 Sentries","floor":13,"turns":8},{"damage":49,"enemies":"The Guardian","floor":16,"turns":5}],"seed_played":"2189325408050142645","potions_obtained":[{"floor":3,"key":"hexamod:SoulburnPotion"},{"floor":7,"key":"BlessingOfTheForge"}],"is_trial":false,"path_per_floor":["M","M","M","$","M","R","E","R","T","?","?","R","E","?","R","B"],"character_chosen":"THE_FORSAKEN","items_purchased":["theForsaken:InspiringBlow","theForsaken:PowerUp"],"campfire_rested":1,"item_purchase_floors":[4,4],"current_hp_per_floor":[60,60,62,62,51,51,45,45,45,61,61,61,35,22,41,0,0],"gold":105,"neow_bonus":"ONE_RANDOM_RARE_CARD","is_daily":false,"chose_seed":false,"campfire_upgraded":3,"win_rate":0.0,"timestamp":1611584336,"path_taken":["M","M","M","$","M","R","E","R","T","?","?","R","E","?","R","BOSS"],"items_purchased_type":["Card","Card"],"build_version":"2020-12-22","purchased_purges":0,"victory":false,"max_hp_per_floor":[65,65,65,65,65,65,65,65,65,65,65,65,65,65,65,65,65],"card_choices":[{"not_picked":["theForsaken:PowerUp","theForsaken:HorrifyingStrike"],"picked":"theForsaken:ChargeAttack","floor":1},{"not_picked":["theForsaken:PanicDive","theForsaken:Preservation"],"picked":"theForsaken:ShieldBash","floor":2},{"not_picked":["theForsaken:RainingSunlight","theForsaken:DarkBargain"],"picked":"theForsaken:HymnOfRest","floor":3},{"not_picked":["theForsaken:QuickAttack","theForsaken:RainingSunlight"],"picked":"theForsaken:BountifulSunlight","floor":5},{"not_picked":["theForsaken:ShieldCharge","theForsaken:DarkRift"],"picked":"theForsaken:FatRoll","floor":7},{"not_picked":["theForsaken:PowerUp","theForsaken:BattleHymn"],"picked":"theForsaken:WordOfPower","floor":13}],"player_experience":328172,"relics_obtained":[{"floor":7,"key":"hubris:DeckOfHolding"},{"floor":9,"key":"Boot"},{"floor":13,"key":"Tiny Chest"}],"event_choices":[{"damage_healed":16,"gold_gain":0,"player_choice":"Healed and dodged fight","damage_taken":0,"max_hp_gain":0,"max_hp_loss":0,"event_name":"Mushrooms","floor":10,"gold_loss":0,"cards_obtained":["Parasite"]},{"damage_healed":0,"gold_gain":0,"player_choice":"Entered Light","damage_taken":13,"max_hp_gain":0,"max_hp_loss":0,"event_name":"Shining Light","floor":14,"gold_loss":0,"cards_upgraded":["theForsaken:ShieldBash","theForsaken:TheForsaken_Defend"]}],"is_beta":false,"boss_relics":[],"items_purged_floors":[],"is_endless":false,"potions_floor_spawned":[3,7],"killed_by":"The Guardian","ascension_level":0}}