{"host":"zqowyf7xxb4s9ib0","time":1611535824,"event":{"mods":["BaseMod","Better Note","Colored Map","Colored Powertips","Downfall","Highlight Path","Minty Spire (QoL Compilation)","Permanent Neow","Quick Restart","StSLib"],"gold_per_floor":[99,199,210,210,229,229,300,313,143,169,1,31,31,60,80,181,181,81,98,98,198,58,72,72,90,119,19,173,73,92,102,116,215,215,215,229,229,239,239,239,293,311,346,346,346,358,368,387,400,400,400,429,94,94,94,94],"floor_reached":57,"language":"ENG","playtime":4035,"items_purged":["champ:Strike","champ:Strike"],"score":1274,"play_id":"0cf4e20b-e91c-416c-a0af-ff4c6882e675","local_time":"20210124165024","is_ascension_mode":false,"campfire_choices":[{"data":"champ:StrikeOfGenius","floor":1,"key":"SMITH"},{"data":"champ:Taunt","floor":6,"key":"SMITH"},{"floor":13,"key":"RECALL"},{"data":"champ:TornadoPunch","floor":18,"key":"SMITH"},{"data":"champ:Duel","floor":27,"key":"SMITH"},{"data":"expansioncontent:StudyTheSpire","floor":29,"key":"SMITH"},{"data":"champ:Devastate","floor":35,"key":"SMITH"},{"data":"champ:ShieldWall","floor":44,"key":"SMITH"},{"data":"champ:TornadoPunch","floor":54,"key":"SMITH"}],"circlet_count":0,"master_deck":["champ:Strike","champ:Strike","champ:Defend","champ:Defend","champ:Defend","champ:Execute","champ:Taunt+1","champ:StrikeOfGenius+1","champ:Duel+1","champ:StanceDance","champ:CrownThrow","champ:GutPunch","champ:StrikeOfGenius+1","champ:FancyFootwork","champ:Backstep","champ:TornadoPunch+1","champ:TornadoPunch+1","expansioncontent:Chronoboost+1","champ:ShieldWall+1","expansioncontent:StudyTheSpire+1","champ:Devastate+1","champ:TornadoPunch+1","champ:SetATrap+1"],"relics":["champ:ChampionCrown","WristBlade","Letter Opener","DollysMirror","Slimebound:PreparedRelic","Membership Card","Pen Nib","Bottled Tornado","Snecko Eye","downfall:HeartBlessingGreen","Eternal Feather","Ornamental Fan","downfall:HeartBlessingRed","PreservedInsect","downfall:HeartBlessingBlue","SlaversCollar","Blue Candle","Strawberry","Toy Ornithopter","Art of War","ClockworkSouvenir","champ:FightingForDummies","Orichalcum"],"acts_visited":["Exordium","TheCity","TheBeyond","TheEnding"],"potions_floor_usage":[16,16,22,31,33,43,43,50,56,56],"damage_taken":[{"damage":57,"enemies":"Gremlin Leader","floor":2,"turns":7},{"damage":15,"enemies":"Small Slimes","floor":3,"turns":3},{"damage":2,"enemies":"Jaw Worm","floor":5,"turns":4},{"damage":0,"enemies":"Cultist","floor":8,"turns":3},{"damage":5,"enemies":"downfall:FleeingMerchant","floor":9,"turns":4},{"damage":9,"enemies":"3 Sentries","floor":10,"turns":5},{"damage":10,"enemies":"downfall:FleeingMerchant","floor":11,"turns":4},{"damage":15,"enemies":"Lagavulin","floor":12,"turns":5},{"damage":25,"enemies":"3 Sentries","floor":14,"turns":4},{"damage":0,"enemies":"2 Fungi Beasts","floor":15,"turns":2},{"damage":37,"enemies":"WA_ARCHETYPE_RETAIN","floor":16,"turns":5},{"damage":15,"enemies":"3 Byrds","floor":19,"turns":3},{"damage":28,"enemies":"downfall:FleeingMerchant","floor":22,"turns":4},{"damage":0,"enemies":"Centurion and Healer","floor":23,"turns":4},{"damage":15,"enemies":"Snake Plant","floor":25,"turns":4},{"damage":26,"enemies":"Slavers","floor":26,"turns":4},{"damage":10,"enemies":"downfall:FleeingMerchant","floor":28,"turns":4},{"damage":15,"enemies":"Shelled Parasite and Fungi","floor":30,"turns":3},{"damage":8,"enemies":"Centurion and Healer","floor":31,"turns":3},{"damage":2,"enemies":"Cultist and Chosen","floor":32,"turns":3},{"damage":48,"enemies":"IC_MUSHROOM_ARCHETYPE","floor":33,"turns":4},{"damage":0,"enemies":"Orb Walker","floor":36,"turns":3},{"damage":35,"enemies":"3 Shapes","floor":38,"turns":6},{"damage":14,"enemies":"Spire Growth","floor":42,"turns":3},{"damage":16,"enemies":"Nemesis","floor":43,"turns":5},{"damage":3,"enemies":"3 Darklings","floor":46,"turns":3},{"damage":17,"enemies":"Writhing Mass","floor":47,"turns":3},{"damage":12,"enemies":"Transient","floor":48,"turns":5},{"damage":10,"enemies":"Sphere and 2 Shapes","floor":49,"turns":4},{"damage":10,"enemies":"SI_POISON_ARCHETYPE","floor":50,"turns":8},{"damage":4,"enemies":"downfall:CharBossMerchant","floor":52,"turns":4},{"damage":28,"enemies":"downfall:NeowBoss","floor":55,"turns":10},{"damage":21,"enemies":"downfall:NeowBossFinal","floor":56,"turns":8}],"seed_played":"-8952455134575407073","potions_obtained":[{"floor":8,"key":"Block Potion"},{"floor":12,"key":"champ:CounterPotion"},{"floor":15,"key":"champ:TechniquePotion"},{"floor":16,"key":"Swift Potion"},{"floor":25,"key":"PowerPotion"},{"floor":31,"key":"champ:CounterPotion"},{"floor":33,"key":"LiquidBronze"},{"floor":38,"key":"FairyPotion"},{"floor":42,"key":"AttackPotion"},{"floor":49,"key":"Block Potion"}],"is_trial":false,"path_per_floor":["R","?","M","?","M","R","T","M","$","E","$","E","R","E","M","B",null,"R","M","?","?","$","M","T","M","E","R","$","R","M","M","M","B",null,"R","M","?","M","?","?","T","M","E","R","?","M","M","M","M","B",null,"E","$","R","B","B",null],"character_chosen":"THE_CHAMP","items_purchased":["DollysMirror","Membership Card","Eternal Feather","expansioncontent:StudyTheSpire","PreservedInsect","ClockworkSouvenir","champ:FightingForDummies","Guardian:BlockOnCardUsePotion","Block Potion","Orichalcum"],"campfire_rested":0,"item_purchase_floors":[9,11,22,28,28,53,53,53,53,53],"current_hp_per_floor":[90,63,58,63,61,61,61,61,56,52,52,47,47,47,47,20,95,95,95,95,95,87,87,87,82,61,73,73,95,90,82,80,57,105,105,105,105,80,75,75,82,68,52,64,64,61,54,42,32,37,112,108,108,112,109,106],"gold":94,"neow_bonus":"ONE_RANDOM_RARE_CARD","is_daily":false,"chose_seed":false,"campfire_upgraded":8,"win_rate":0.0,"timestamp":1611535824,"path_taken":["R","?","M","?","M","R","T","M","?","E","$","E","R","E","M","BOSS","R","M","?","?","$","M","T","M","E","R","$","R","M","?","M","BOSS","R","M","?","M","?","?","T","M","E","R","?","M","M","?","M","BOSS","E","$","R","BOSS","BOSS"],"items_purchased_type":["Relic","Relic","Relic","Card","Relic","Relic","Relic","Potion","Potion","Relic"],"build_version":"2020-12-22","purchased_purges":2,"victory":true,"max_hp_per_floor":[90,90,90,95,95,95,95,95,95,95,95,95,95,95,95,95,95,95,95,95,95,95,95,95,95,95,95,95,105,105,105,105,105,105,105,105,105,105,105,105,112,112,112,112,112,112,112,112,112,112,112,112,112,112,112,112],"card_choices":[{"not_picked":["champ:TornadoPunch","champ:FocusedBerserking"],"picked":"champ:Duel","floor":2},{"not_picked":["champ:GutPunch","champ:Circumvent"],"picked":"champ:StanceDance","floor":3},{"not_picked":["champ:CrookedStrike","champ:RisingSlash","champ:PerfectedStrike"],"picked":"SKIP","floor":5},{"not_picked":["champ:ShieldWall","champ:EndlessRage"],"picked":"champ:CrownThrow","floor":8},{"not_picked":["champ:Circumvent","champ:Haymaker"],"picked":"champ:GutPunch","floor":9},{"not_picked":["champ:TornadoPunch","champ:BerserkersShout"],"picked":"champ:FancyFootwork","floor":10},{"not_picked":["champ:FocusedBerserking","champ:StanceDance","champ:DeathBlow"],"picked":"SKIP","floor":11},{"not_picked":["champ:IronFortress","champ:Improvising"],"picked":"champ:Backstep","floor":12},{"not_picked":["champ:FanOfKnives","champ:FocusedBerserking"],"picked":"champ:TornadoPunch","floor":14},{"not_picked":["champ:PerfectedStrike","champ:CrownThrow","champ:CheapShot"],"picked":"SKIP","floor":15},{"not_picked":["champ:FancyFootwork","champ:PreciseThrust"],"picked":"champ:TornadoPunch","floor":19},{"not_picked":["champ:FaceSlap","champ:ArenaPreparation+1","champ:Backstep"],"picked":"SKIP","floor":22},{"not_picked":["champ:Circumvent","champ:Shatter"],"picked":"champ:ShieldWall","floor":23},{"not_picked":["champ:DefensiveStyle","champ:DefensiveShout+1","champ:BladeFlurry+1"],"picked":"SKIP","floor":25},{"not_picked":["champ:Backstep+1","champ:AdrenalArmor","champ:HeavySlash"],"picked":"SKIP","floor":26},{"not_picked":["champ:Backstep","champ:Circumvent","champ:EnGarde"],"picked":"SKIP","floor":28},{"not_picked":["champ:BerserkerStyle+1","champ:Shatter","champ:BringItOn"],"picked":"SKIP","floor":30},{"not_picked":["champ:StanceDance","champ:FanOfKnives","champ:GutPunch+1"],"picked":"SKIP","floor":31},{"not_picked":["champ:BringItOn","champ:EnragedBash+1","champ:EnGarde+1"],"picked":"SKIP","floor":32},{"not_picked":["champ:VampiricStrike","champ:HeavySlash"],"picked":"champ:Devastate","floor":33},{"not_picked":["champ:AdrenalArmor","champ:FalseCounter","champ:Shatter"],"picked":"SKIP","floor":36},{"not_picked":["champ:DefensiveShout+1","champ:PerfectedStrike","champ:PreemptiveStrike+1"],"picked":"SKIP","floor":38},{"not_picked":["champ:StanceDance","champ:AdrenalArmor+1"],"picked":"champ:TornadoPunch+1","floor":42},{"not_picked":["champ:ArenaPreparation+1","champ:BladeFlurry","champ:EndlessRage+1"],"picked":"SKIP","floor":43},{"not_picked":["champ:SwordThrow","champ:Parry","champ:BerserkerStyle+1"],"picked":"SKIP","floor":46},{"not_picked":["champ:FocusedDefense","champ:DefensiveShout","champ:Shatter"],"picked":"SKIP","floor":47},{"not_picked":["champ:ShieldWall","champ:AdrenalArmor+1"],"picked":"champ:SetATrap+1","floor":48},{"not_picked":["champ:PerfectedStrike","champ:CrookedStrike","champ:BerserkersShout+1"],"picked":"SKIP","floor":49},{"not_picked":["champ:Backstep","champ:HeartStrike+1","champ:PerfectedStrike"],"picked":"SKIP","floor":52}],"player_experience":494784,"relics_obtained":[{"floor":2,"key":"WristBlade"},{"floor":7,"key":"Letter Opener"},{"floor":10,"key":"Slimebound:PreparedRelic"},{"floor":12,"key":"Pen Nib"},{"floor":14,"key":"Bottled Tornado"},{"floor":26,"key":"Ornamental Fan"},{"floor":41,"key":"Strawberry"},{"floor":43,"key":"Toy Ornithopter"},{"floor":52,"key":"Art of War"}],"event_choices":[{"damage_healed":0,"gold_gain":0,"player_choice":"Donut","damage_taken":0,"max_hp_gain":5,"max_hp_loss":0,"event_name":"Big Fish","floor":4,"gold_loss":0},{"cards_removed":["champ:StrikeOfGenius"],"damage_healed":0,"gold_gain":0,"player_choice":"Take \u0026 Give","damage_taken":0,"max_hp_gain":0,"max_hp_loss":0,"event_name":"betterNote:BetterNote","floor":20,"gold_loss":0,"cards_obtained":["expansioncontent:Chronoboost"]},{"cards_removed":["champ:Defend"],"damage_healed":0,"gold_gain":0,"player_choice":"Removed Skill","damage_taken":0,"max_hp_gain":0,"max_hp_loss":0,"event_name":"Falling","floor":45,"gold_loss":0}],"is_beta":false,"boss_relics":[{"not_picked":["Runic Pyramid","Busted Crown"],"picked":"Snecko Eye"},{"not_picked":["Calling Bell","Pandora\u0027s Box"],"picked":"SlaversCollar"}],"items_purged_floors":[28,53],"is_endless":false,"potions_floor_spawned":[8,12,15,16,25,31,33,38,42,49],"ascension_level":0}}