{"host":"6a9c3xws62y7efyw","time":1611551344,"event":{"mods":["BaseMod","Colored Map","Minty Spire (QoL Compilation)","Relic Stats","StSLib"],"gold_per_floor":[119,119,132,147,35,35,35,35],"floor_reached":7,"language":"ENG","playtime":354,"items_purged":[],"score":82,"play_id":"8d0429ee-9740-4541-a07f-ecb28defb612","local_time":"20210124210904","is_ascension_mode":true,"campfire_choices":[{"floor":6,"key":"REST"}],"circlet_count":0,"master_deck":["AscendersBane","Strike_G","Strike_G","Strike_G","Strike_G","Strike_G","Defend_G","Defend_G","Defend_G","Defend_G","Defend_G","Survivor","Neutralize","Bullet Time","Cloak And Dagger","Backflip","Infinite Blades","Poisoned Stab","Deadly Poison"],"relics":["Ring of the Snake","The Specimen"],"acts_visited":["Exordium"],"potions_floor_usage":[],"damage_taken":[{"damage":9,"enemies":"Jaw Worm","floor":1,"turns":6},{"damage":4,"enemies":"Small Slimes","floor":3,"turns":5},{"damage":0,"enemies":"2 Louse","floor":4,"turns":4},{"damage":25,"enemies":"3 Sentries","floor":7,"turns":5}],"seed_played":"1677261233323885229","potions_obtained":[],"is_trial":false,"path_per_floor":["M","?","M","M","$","R","E"],"character_chosen":"THE_SILENT","items_purchased":["Poisoned Stab","Deadly Poison"],"campfire_rested":1,"item_purchase_floors":[5,5],"current_hp_per_floor":[35,9,5,5,5,24,0,0],"gold":35,"neow_bonus":"THREE_RARE_CARDS","is_daily":false,"chose_seed":false,"campfire_upgraded":0,"win_rate":0.0,"timestamp":1611551344,"path_taken":["M","?","M","M","$","R","E"],"items_purchased_type":["Card","Card"],"build_version":"2020-12-22","purchased_purges":0,"victory":false,"max_hp_per_floor":[66,66,66,66,66,66,66,66],"relic_stats":{"counters":[4,20],"obtain_stats":[{"The Specimen":2,"Ring of the Snake":0},{"The Specimen":1,"Ring of the Snake":0},{"The Specimen":6,"Ring of the Snake":0}],"Ring of the Snake":[8]},"card_choices":[{"not_picked":["Tools of the Trade","Adrenaline"],"picked":"Bullet Time","floor":0},{"not_picked":["Underhanded Strike","Heel Hook"],"picked":"Cloak And Dagger","floor":1},{"not_picked":["Outmaneuver","Eviscerate"],"picked":"Backflip","floor":3},{"not_picked":["Bane","Flying Knee"],"picked":"Infinite Blades","floor":4}],"player_experience":1412721,"relics_obtained":[],"event_choices":[{"damage_healed":0,"gold_gain":0,"player_choice":"Success","damage_taken":26,"relics_obtained":["The Specimen"],"max_hp_gain":0,"max_hp_loss":0,"event_name":"Scrap Ooze","floor":2,"gold_loss":0}],"is_beta":false,"boss_relics":[],"items_purged_floors":[],"is_endless":false,"potions_floor_spawned":[],"killed_by":"3 Sentries","ascension_level":20}}