{"host":"pq8o62wp0h1hflf3","time":1611600135,"event":{"mods":["BaseMod","Minty Spire (QoL Compilation)","Relic Stats","ojb\u0027s Info Mod"],"gold_per_floor":[112,112,123,42,53,53,79,94,94,45,45,45,61,79,79,170,170,195,195,31,31,31,58,73,73,144,179,179,179,211,230,230,306,306,325,325,325,343,268,296,296,330,379,410,428,440,452,452,452,452,452,452,452,18,53,53,53],"floor_reached":56,"language":"ENG","playtime":4409,"items_purged":["Pain","Strike_G+1"],"score":2061,"play_id":"83d6d2b1-335c-4ba4-94c6-c093aa697b84","local_time":"20210125134215","is_ascension_mode":true,"campfire_choices":[{"data":"Finisher","floor":6.0,"key":"SMITH"},{"data":"Accuracy","floor":11.0,"key":"SMITH"},{"floor":15.0,"key":"REST"},{"floor":25.0,"key":"REST"},{"data":"Envenom","floor":32,"key":"SMITH"},{"floor":41,"key":"RECALL"},{"data":"Blade Dance","floor":49,"key":"SMITH"},{"data":"After Image","floor":53,"key":"SMITH"}],"circlet_count":0,"master_deck":["AscendersBane","Strike_G+1","Strike_G+1","Strike_G+1","Strike_G+1","Defend_G+1","Defend_G+1","Defend_G+1","Defend_G+1","Defend_G+1","Survivor","Neutralize","Blade Dance","Finisher+1","Accuracy+1","Cloak And Dagger","Infinite Blades","Cloak And Dagger","Caltrops","Deflect","Crippling Poison","Envenom+1","Terror","Leg Sweep","PiercingWail","Calculated Gamble","Corpse Explosion","After Image+1","Blade Dance+1","Backflip+1","Footwork","Phantasmal Killer","Blade Dance+1","Backflip","PiercingWail","Well Laid Plans+1","Finisher+1","Adrenaline"],"relics":["Ring of the Snake","NeowsBlessing","WarpedTongs","Gremlin Horn","Prayer Wheel","Bloody Idol","SlaversCollar","ClockworkSouvenir","Mango","Molten Egg 2","Anchor","Sundial","MutagenicStrength","Ninja Scroll","Philosopher\u0027s Stone","Shuriken","Kunai","The Courier","InkBottle","Thread and Needle"],"acts_visited":["Exordium","TheCity","TheBeyond","TheEnding"],"potions_floor_usage":[33,38,46,50,55,56],"damage_taken":[{"damage":0.0,"enemies":"2 Louse","floor":1.0,"turns":1.0},{"damage":0.0,"enemies":"Cultist","floor":3.0,"turns":2.0},{"damage":0.0,"enemies":"Jaw Worm","floor":5.0,"turns":1.0},{"damage":40.0,"enemies":"Lagavulin","floor":7.0,"turns":10.0},{"damage":1.0,"enemies":"Looter","floor":8.0,"turns":3.0},{"damage":8.0,"enemies":"Blue Slaver","floor":13.0,"turns":3.0},{"damage":6.0,"enemies":"3 Louse","floor":14.0,"turns":4.0},{"damage":19.0,"enemies":"Hexaghost","floor":16.0,"turns":9.0},{"damage":9.0,"enemies":"Chosen","floor":18.0,"turns":3.0},{"damage":34.0,"enemies":"Slavers","floor":23.0,"turns":5.0},{"damage":10.0,"enemies":"Shell Parasite","floor":24.0,"turns":4.0},{"damage":9.0,"enemies":"Book of Stabbing","floor":27.0,"turns":4.0},{"damage":15,"enemies":"Gremlin Leader","floor":30,"turns":4},{"damage":0,"enemies":"3 Cultists","floor":31,"turns":3},{"damage":69,"enemies":"Automaton","floor":33,"turns":7},{"damage":0,"enemies":"Orb Walker","floor":35,"turns":1},{"damage":10,"enemies":"3 Darklings","floor":38,"turns":3},{"damage":21,"enemies":"Nemesis","floor":40,"turns":7},{"damage":2,"enemies":"Reptomancer","floor":42,"turns":5},{"damage":0,"enemies":"Giant Head","floor":44,"turns":5},{"damage":0,"enemies":"4 Shapes","floor":45,"turns":3},{"damage":14,"enemies":"Spire Growth","floor":46,"turns":3},{"damage":0,"enemies":"3 Darklings","floor":47,"turns":2},{"damage":1,"enemies":"Awakened One","floor":50,"turns":13},{"damage":19,"enemies":"Donu and Deca","floor":51,"turns":5},{"damage":8,"enemies":"Shield and Spear","floor":55,"turns":5},{"damage":60,"enemies":"The Heart","floor":56,"turns":5}],"seed_played":"8870921926315940456","potions_obtained":[{"floor":8.0,"key":"EntropicBrew"},{"floor":13.0,"key":"SmokeBomb"},{"floor":14.0,"key":"LiquidBronze"},{"floor":16.0,"key":"Dexterity Potion"},{"floor":24.0,"key":"Regen Potion"},{"floor":27,"key":"Fire Potion"},{"floor":30,"key":"FairyPotion"},{"floor":33,"key":"Weak Potion"},{"floor":35,"key":"FearPotion"},{"floor":42,"key":"DuplicationPotion"},{"floor":46,"key":"GhostInAJar"}],"is_trial":false,"path_per_floor":["M","?","M","$","M","R","E","M","T","?","R","?","M","M","R","B",null,"M","?","$","?","?","E","M","R","T","E","T","?","E","M","R","B",null,"M","?","?","M","$","E","R","E","T","E","M","M","M","?","R","B","B",null,"R","$","E","B"],"character_chosen":"THE_SILENT","items_purchased":["Accuracy","ClockworkSouvenir","InkBottle","LiquidMemories","Finisher+1"],"campfire_rested":2,"item_purchase_floors":[4,20,54,54,54],"current_hp_per_floor":[59,59,59,59,59,59,19,18,18,18,18,18,10,4,22,3,46,37,37,37,37,37,22,17,39,44,54,54,54,44,49,49,27,62,67,67,67,62,62,46,46,49,54,59,64,55,60,60,60,59,40,63,63,63,60,0,0],"gold":53,"neow_bonus":"THREE_ENEMY_KILL","is_daily":false,"chose_seed":false,"campfire_upgraded":5,"win_rate":0.0,"timestamp":1611600135,"path_taken":["M","?","M","$","?","R","E","M","T","?","R","?","M","M","R","BOSS","M","?","$","?","?","E","M","R","T","E","?","?","E","M","R","BOSS","M","?","?","M","$","E","R","E","T","E","M","M","?","?","R","BOSS","BOSS","R","$","E","BOSS"],"items_purchased_type":["Card","Relic","Relic","Potion","Card"],"build_version":"2020-12-22","purchased_purges":2,"victory":false,"max_hp_per_floor":[66,66,66,66,66,66,66,66,66,66,66,60,60,60,60,60,60,60,60,60,60,60,74,74,74,74,74,74,74,74,74,74,74,74,74,70,70,70,70,70,70,70,70,70,70,70,70,70,70,70,70,70,70,70,70,70,70],"relic_stats":{"Gremlin Horn":[23,23],"counters":[27,120],"Sundial":[4],"Shuriken":[40],"Bloody Idol":85,"Prayer Wheel":10,"Kunai":[37],"obtain_stats":[{"NeowsBlessing":0,"Gremlin Horn":7,"Golden Idol":12,"Mango":23,"Thread and Needle":55,"The Courier":44,"WarpedTongs":2,"ClockworkSouvenir":20,"SlaversCollar":17,"Anchor":27,"Sundial":28,"Ninja Scroll":30,"Shuriken":40,"Bloody Idol":19,"MutagenicStrength":29,"Prayer Wheel":9,"Molten Egg 2":26,"Philosopher\u0027s Stone":34,"Kunai":42,"InkBottle":54,"Ring of the Snake":0},{"NeowsBlessing":0,"Gremlin Horn":4,"Golden Idol":5,"Mango":10,"Thread and Needle":26,"The Courier":20,"WarpedTongs":1,"ClockworkSouvenir":9,"SlaversCollar":8,"Anchor":12,"Sundial":12,"Ninja Scroll":13,"Shuriken":18,"Bloody Idol":9,"MutagenicStrength":12,"Prayer Wheel":5,"Molten Egg 2":11,"Philosopher\u0027s Stone":15,"Kunai":19,"InkBottle":25,"Ring of the Snake":0},{"NeowsBlessing":0,"Gremlin Horn":14,"Golden Idol":17,"Mango":41,"Thread and Needle":115,"The Courier":84,"WarpedTongs":1,"ClockworkSouvenir":36,"SlaversCollar":33,"Anchor":49,"Sundial":49,"Ninja Scroll":53,"Shuriken":74,"Bloody Idol":36,"MutagenicStrength":49,"Prayer Wheel":17,"Molten Egg 2":45,"Philosopher\u0027s Stone":63,"Kunai":79,"InkBottle":110,"Ring of the Snake":0}],"InkBottle":[5],"Ring of the Snake":[54],"WarpedTongs":[119]},"card_choices":[{"not_picked":["Underhanded Strike","Escape Plan"],"picked":"Blade Dance","floor":1.0},{"not_picked":["Poisoned Stab","Flying Knee"],"picked":"Finisher","floor":3.0},{"not_picked":["PiercingWail","Deflect"],"picked":"Cloak And Dagger","floor":5.0},{"not_picked":["Blur","Dagger Throw"],"picked":"Infinite Blades","floor":7.0},{"not_picked":["Blur","Infinite Blades"],"picked":"Cloak And Dagger","floor":8.0},{"not_picked":["Underhanded Strike","Heel Hook"],"picked":"Caltrops","floor":13.0},{"not_picked":["Expertise","Blade Dance"],"picked":"Deflect","floor":13.0},{"not_picked":["Caltrops","Bane"],"picked":"Crippling Poison","floor":14.0},{"not_picked":["Flying Knee","Crippling Poison","Sucker Punch"],"picked":"SKIP","floor":14.0},{"not_picked":["Bullet Time","Tools of the Trade"],"picked":"Envenom","floor":16.0},{"not_picked":["Escape Plan","Sucker Punch"],"picked":"Terror","floor":18.0},{"not_picked":["Cloak And Dagger","Flechettes"],"picked":"Leg Sweep","floor":18.0},{"not_picked":["Quick Slash","Blade Dance"],"picked":"PiercingWail","floor":23.0},{"not_picked":["Sucker Punch","Bane","Dodge and Roll"],"picked":"SKIP","floor":24.0},{"not_picked":["Flying Knee","Leg Sweep","Dagger Spray"],"picked":"SKIP","floor":24.0},{"not_picked":["Escape Plan","Doppelganger","Outmaneuver"],"picked":"SKIP","floor":27},{"not_picked":["Acrobatics","Endless Agony+1"],"picked":"Calculated Gamble","floor":30},{"not_picked":["Poisoned Stab+1","Backflip"],"picked":"Corpse Explosion","floor":31},{"not_picked":["Predator+1","Cloak And Dagger","Flechettes+1"],"picked":"SKIP","floor":31},{"not_picked":["Envenom","Die Die Die+1"],"picked":"After Image","floor":33},{"not_picked":["Masterful Stab+1","Slice+1"],"picked":"Blade Dance","floor":35},{"not_picked":["Escape Plan","Poisoned Stab+1","Quick Slash+1"],"picked":"SKIP","floor":35},{"not_picked":["Crippling Poison","Sucker Punch+1"],"picked":"Backflip+1","floor":38},{"not_picked":["Heel Hook+1","Bane+1"],"picked":"Footwork","floor":38},{"not_picked":["Crippling Poison+1","Cloak And Dagger"],"picked":"Phantasmal Killer","floor":40},{"not_picked":["Dagger Spray+1","Calculated Gamble"],"picked":"Blade Dance","floor":42},{"not_picked":["Terror","Phantasmal Killer"],"picked":"Backflip","floor":44},{"not_picked":["Quick Slash+1","Caltrops","Dodge and Roll"],"picked":"SKIP","floor":45},{"not_picked":["Flying Knee+1","Slice+1","Deadly Poison"],"picked":"SKIP","floor":45},{"not_picked":["Eviscerate+1","Footwork+1"],"picked":"PiercingWail","floor":46},{"not_picked":["Tactician","Cloak And Dagger","Expertise"],"picked":"SKIP","floor":46},{"not_picked":["Slice+1","All Out Attack+1"],"picked":"Well Laid Plans+1","floor":47},{"not_picked":["Flying Knee+1","Accuracy","Deflect"],"picked":"SKIP","floor":47},{"not_picked":["Underhanded Strike+1","Tactician+1"],"picked":"Adrenaline","floor":55}],"player_experience":1161295,"relics_obtained":[{"floor":7.0,"key":"Gremlin Horn"},{"floor":9.0,"key":"Prayer Wheel"},{"floor":23.0,"key":"Mango"},{"floor":26.0,"key":"Molten Egg 2"},{"floor":27,"key":"Anchor"},{"floor":28,"key":"Sundial"},{"floor":30,"key":"Ninja Scroll"},{"floor":40,"key":"Shuriken"},{"floor":42,"key":"Kunai"},{"floor":44,"key":"The Courier"},{"floor":55,"key":"Thread and Needle"}],"event_choices":[{"damage_healed":0.0,"max_hp_gain":0.0,"max_hp_loss":0.0,"gold_gain":0.0,"event_name":"Accursed Blacksmith","player_choice":"Rummage","floor":2.0,"gold_loss":0.0,"damage_taken":0.0,"relics_obtained":["WarpedTongs"],"cards_obtained":["Pain"]},{"damage_healed":0.0,"max_hp_gain":0.0,"max_hp_loss":0.0,"gold_gain":0.0,"event_name":"World of Goop","player_choice":"Left Gold","floor":10.0,"gold_loss":49.0,"damage_taken":0.0},{"damage_healed":0.0,"max_hp_gain":0.0,"max_hp_loss":6.0,"gold_gain":0.0,"event_name":"Golden Idol","player_choice":"Lose Max HP","floor":12.0,"gold_loss":0.0,"damage_taken":0.0,"relics_obtained":["Golden Idol"]},{"damage_healed":0.0,"max_hp_gain":0.0,"max_hp_loss":0.0,"gold_gain":0.0,"event_name":"Forgotten Altar","player_choice":"Gave Idol","floor":19.0,"relics_lost":["Golden Idol"],"gold_loss":0.0,"damage_taken":0.0,"relics_obtained":["Bloody Idol"]},{"damage_healed":0.0,"max_hp_gain":0.0,"max_hp_loss":0.0,"gold_gain":0.0,"event_name":"Back to Basics","player_choice":"Simplicity","floor":21.0,"gold_loss":0.0,"damage_taken":0.0,"cards_upgraded":["Strike_G","Strike_G","Strike_G","Strike_G","Strike_G","Defend_G","Defend_G","Defend_G","Defend_G","Defend_G"]},{"damage_healed":0,"gold_gain":0,"player_choice":"Inject Mutagens","damage_taken":0,"relics_obtained":["MutagenicStrength"],"max_hp_gain":0,"max_hp_loss":0,"event_name":"Drug Dealer","floor":29,"gold_loss":0},{"damage_healed":0,"gold_gain":0,"player_choice":"Max HP","damage_taken":0,"max_hp_gain":0,"max_hp_loss":4,"event_name":"Winding Halls","floor":36,"gold_loss":0},{"damage_healed":0,"gold_gain":0,"player_choice":"Upgraded","damage_taken":0,"max_hp_gain":0,"max_hp_loss":0,"event_name":"Upgrade Shrine","floor":37,"gold_loss":0,"cards_upgraded":["Blade Dance"]},{"damage_healed":0,"gold_gain":0,"player_choice":"Memory 1","damage_taken":0,"max_hp_gain":0,"max_hp_loss":0,"event_name":"SensoryStone","floor":48,"gold_loss":0}],"is_beta":false,"boss_relics":[{"not_picked":["Ring of the Serpent","Coffee Dripper"],"picked":"SlaversCollar"},{"not_picked":["Calling Bell","Pandora\u0027s Box"],"picked":"Philosopher\u0027s Stone"}],"items_purged_floors":[39,54],"is_endless":false,"potions_floor_spawned":[8,13,14,16,24,27,30,33,35,42,45,46],"killed_by":"The Heart","ascension_level":20}}