{"host":"sc0o2qwpf9j16a4i","time":1611588152,"event":{"mods":["AchievementEnabler","BaseMod","BetterRewards","Block Reminder","Colored Map","Colored Powertips","Custom Start","Highlight Path","Minty Spire (QoL Compilation)","Relic Stats"],"gold_per_floor":[118,118,128,128,138,173,185,215,242,242,262,299,483,533,533,668,668,713,578,578,493,520,520,580,186,211,303,385,453,498,591,591,756,756,828,907,960,960,1959,1959,2053,2053,2053,2145,2226,2350,1391,1420,1420,1420],"floor_reached":51,"language":"ENG","playtime":2139,"items_purged":["Regret","Doubt"],"score":1206,"play_id":"7f3186d0-beba-4764-9d6a-49568e410f78","local_time":"20210125172232","daily_mods":["SealedDeck","Colorless Cards","Elite Swarm"],"is_ascension_mode":false,"campfire_choices":[{"data":"Apotheosis","floor":10,"key":"SMITH"},{"data":"Prostrate","floor":15,"key":"SMITH"},{"floor":23,"key":"REST"},{"floor":32,"key":"REST"},{"floor":40,"key":"REST"},{"floor":42,"key":"REST"},{"floor":49,"key":"REST"}],"circlet_count":0,"master_deck":["Crescendo","Crescendo","Prostrate+1","Finesse","SashWhip+1","Trip+1","FearNoEvil","Evaluate+1","CutThroughFate","CrushJoints","Tantrum","EmptyBody","Apotheosis+1","ThirdEye","Secret Technique","HandOfGreed","InnerPeace","Devotion","ThirdEye+1","WheelKick+1","Wish","Vault","EmptyBody+1","Prostrate","Vault","Sanctity","Vault","Scrawl","Meditate","ClearTheMind+1","ThirdEye+1","DevaForm","Wish","Wish","Panache","Dark Shackles","MentalFortress","Alpha","Protect"],"relics":["PureWater","Eternal Feather","Tiny Chest","Bag of Marbles","CeramicFish","War Paint","Fusion Hammer","Nilry\u0027s Codex","Orichalcum","Art of War","Unceasing Top","Prayer Wheel","Regal Pillow","Vajra","Potion Belt","Omamori","Runic Pyramid","Happy Flower","Bottled Tornado","Ice Cream","Question Card","Whetstone","Blood Vial","Pen Nib","TheAbacus"],"acts_visited":["Exordium","TheCity","TheBeyond"],"potions_floor_usage":[8,16,24,27,27,30,33,50,50,50,50,50,50,50],"damage_taken":[{"damage":0.0,"enemies":"Small Slimes","floor":1.0,"turns":2.0},{"damage":0,"enemies":"2 Louse","floor":3,"turns":1},{"damage":0,"enemies":"Cultist","floor":5,"turns":1},{"damage":25,"enemies":"3 Sentries","floor":6,"turns":6},{"damage":0,"enemies":"Looter","floor":7,"turns":2},{"damage":4,"enemies":"Lagavulin","floor":8,"turns":3},{"damage":0,"enemies":"2 Fungi Beasts","floor":11,"turns":1},{"damage":2,"enemies":"Gremlin Nob","floor":12,"turns":2},{"damage":2,"enemies":"3 Louse","floor":14,"turns":2},{"damage":8,"enemies":"The Guardian","floor":16,"turns":8},{"damage":9,"enemies":"2 Thieves","floor":18,"turns":3},{"damage":5,"enemies":"Book of Stabbing","floor":24,"turns":4},{"damage":28,"enemies":"Gremlin Leader","floor":27,"turns":5},{"damage":0,"enemies":"Spheric Guardian","floor":28,"turns":4},{"damage":2,"enemies":"Book of Stabbing","floor":29,"turns":5},{"damage":0,"enemies":"Snake Plant","floor":30,"turns":6},{"damage":18,"enemies":"Gremlin Leader","floor":31,"turns":6},{"damage":0,"enemies":"Automaton","floor":33,"turns":6},{"damage":0,"enemies":"3 Darklings","floor":35,"turns":5},{"damage":0,"enemies":"Orb Walker","floor":36,"turns":3},{"damage":0,"enemies":"Maw","floor":37,"turns":3},{"damage":0,"enemies":"Giant Head","floor":41,"turns":5},{"damage":0,"enemies":"Reptomancer","floor":44,"turns":5},{"damage":0,"enemies":"Giant Head","floor":46,"turns":5},{"damage":1,"enemies":"Sphere and 2 Shapes","floor":48,"turns":6},{"damage":0,"enemies":"Donu and Deca","floor":50,"turns":7}],"seed_played":"-3796547461905576607","potions_obtained":[{"floor":5,"key":"Fruit Juice"},{"floor":6,"key":"Fire Potion"},{"floor":7,"key":"Block Potion"},{"floor":8,"key":"BlessingOfTheForge"},{"floor":16,"key":"DistilledChaos"},{"floor":24,"key":"BlessingOfTheForge"},{"floor":27,"key":"Swift Potion"},{"floor":29,"key":"BlessingOfTheForge"},{"floor":33,"key":"SmokeBomb"},{"floor":35,"key":"LiquidMemories"},{"floor":44,"key":"Ancient Potion"}],"is_trial":true,"path_per_floor":["M","?","M","?","M","E","M","E","T","R","M","E","?","M","R","B",null,"M","$","?","?","T","R","E","$","T","E","M","E","M","E","R","B",null,"M","M","M","?","?","R","E","R","T","E","T","E","$","M","R","B",null],"character_chosen":"WATCHER","items_purchased":["WheelKick","Prayer Wheel","ColorlessPotion","EntropicBrew","Panache","Dark Shackles","MentalFortress","Blood Vial","Pen Nib","TheAbacus","Alpha"],"campfire_rested":5,"item_purchase_floors":[19,25,47,47,47,47,47,47,47,47,47],"current_hp_per_floor":[72,72,72,72,72,47,47,48,48,57,57,55,55,53,62,54,77,68,68,52,52,52,77,72,72,72,44,44,42,42,24,77,77,77,77,77,77,77,77,77,77,77,77,77,77,77,77,76,77,77],"gold":1420,"neow_bonus":"","is_daily":false,"chose_seed":false,"campfire_upgraded":2,"win_rate":0.0,"timestamp":1611588152,"path_taken":["M","?","?","?","M","E","M","E","T","R","M","E","?","M","R","BOSS","M","$","?","?","?","R","E","$","T","E","?","E","M","E","R","BOSS","M","M","M","?","?","R","E","R","T","E","?","E","?","M","R","BOSS"],"items_purchased_type":["Card","Relic","Potion","Potion","Card","Card","Card","Relic","Relic","Relic","Card"],"build_version":"2020-12-22","purchased_purges":2,"victory":true,"max_hp_per_floor":[72,72,72,72,72,72,72,77,77,77,77,77,77,77,77,77,77,77,77,77,77,77,77,77,77,77,77,77,77,77,77,77,77,77,77,77,77,77,77,77,77,77,77,77,77,77,77,77,77,77],"relic_stats":{"Regal Pillow":15,"Happy Flower":[7],"counters":[26,106],"CeramicFish":225,"Eternal Feather":46,"Pen Nib":[1],"Whetstone":["SashWhip","WheelKick"],"War Paint":["Evaluate","Trip"],"Orichalcum":[72],"Question Card":3,"Blood Vial":0,"TheAbacus":[0],"Tiny Chest":2,"Prayer Wheel":6,"Art of War":[19],"obtain_stats":[{"Ice Cream":44,"Regal Pillow":26,"Nilry\u0027s Codex":20,"CeramicFish":9,"Vajra":27,"Whetstone":46,"Bottled Tornado":43,"Blood Vial":47,"TheAbacus":47,"Tiny Chest":6,"Prayer Wheel":25,"Fusion Hammer":17,"Runic Pyramid":34,"Potion Belt":29,"Happy Flower":41,"Eternal Feather":4,"Pen Nib":47,"Omamori":31,"War Paint":12,"Orichalcum":21,"Question Card":45,"Bag of Marbles":8,"Art of War":22,"PureWater":0,"Unceasing Top":24},{"Ice Cream":23,"Regal Pillow":12,"Nilry\u0027s Codex":11,"CeramicFish":6,"Vajra":13,"Whetstone":24,"Bottled Tornado":22,"Blood Vial":24,"TheAbacus":24,"Tiny Chest":4,"Prayer Wheel":12,"Fusion Hammer":10,"Runic Pyramid":18,"Potion Belt":15,"Happy Flower":22,"Eternal Feather":2,"Pen Nib":24,"Omamori":17,"War Paint":8,"Orichalcum":11,"Question Card":23,"Bag of Marbles":6,"Art of War":11,"PureWater":0,"Unceasing Top":12},{"Ice Cream":88,"Regal Pillow":35,"Nilry\u0027s Codex":31,"CeramicFish":15,"Vajra":40,"Whetstone":93,"Bottled Tornado":83,"Blood Vial":93,"TheAbacus":93,"Tiny Chest":10,"Prayer Wheel":35,"Fusion Hammer":28,"Runic Pyramid":67,"Potion Belt":49,"Happy Flower":83,"Eternal Feather":3,"Pen Nib":93,"Omamori":61,"War Paint":18,"Orichalcum":31,"Question Card":88,"Bag of Marbles":15,"Art of War":31,"PureWater":0,"Unceasing Top":35}],"Unceasing Top":[2]},"card_choices":[{"not_picked":["FollowUp","Evaluate"],"picked":"Tantrum","floor":1},{"not_picked":["Evaluate","Consecrate"],"picked":"EmptyBody","floor":3},{"not_picked":["Enlightenment","Trip","Impatience"],"picked":"SKIP","floor":5},{"not_picked":["MasterReality","Transmutation"],"picked":"Apotheosis","floor":6},{"not_picked":["ClearTheMind","FlyingSleeves"],"picked":"ThirdEye","floor":7},{"not_picked":["Alpha","DeusExMachina"],"picked":"Secret Technique","floor":8},{"not_picked":["CrushJoints","BowlingBash","Jack Of All Trades"],"picked":"SKIP","floor":11},{"not_picked":["Panache","Blasphemy"],"picked":"HandOfGreed","floor":12},{"not_picked":["FollowUp","WindmillStrike"],"picked":"InnerPeace","floor":14},{"not_picked":["LessonLearned","Apotheosis"],"picked":"Devotion","floor":16},{"not_picked":["WaveOfTheHand+1","JustLucky"],"picked":"ThirdEye+1","floor":18},{"not_picked":["Chrysalis","Omniscience"],"picked":"Wish","floor":24},{"not_picked":["Transmutation","Apotheosis"],"picked":"Vault","floor":27},{"not_picked":["CrushJoints","Evaluate"],"picked":"EmptyBody+1","floor":28},{"not_picked":["CrushJoints","BattleHymn"],"picked":"Prostrate","floor":28},{"not_picked":["Violence","SpiritShield"],"picked":"Vault","floor":29},{"not_picked":["FollowUp","SashWhip+1"],"picked":"Sanctity","floor":30},{"not_picked":["Bandage Up","Impatience+1","Fasting2"],"picked":"SKIP","floor":30},{"not_picked":["MasterReality","HandOfGreed"],"picked":"Vault","floor":31},{"not_picked":["Metamorphosis","Transmutation"],"picked":"Scrawl","floor":33},{"not_picked":["CrushJoints+1","Fasting2","SashWhip+1"],"picked":"SKIP","floor":35},{"not_picked":["SignatureMove+1","PathToVictory","FlyingSleeves"],"picked":"SKIP","floor":35},{"not_picked":["Finesse","Swivel"],"picked":"Meditate","floor":36},{"not_picked":["Trip","Consecrate+1","BattleHymn+1"],"picked":"SKIP","floor":36},{"not_picked":["ForeignInfluence","SashWhip"],"picked":"ClearTheMind+1","floor":37},{"not_picked":["FearNoEvil","Metamorphosis"],"picked":"ThirdEye+1","floor":37},{"not_picked":["Apotheosis","Magnetism"],"picked":"DevaForm","floor":41},{"not_picked":["Vault","Metamorphosis"],"picked":"Wish","floor":44},{"not_picked":["Devotion","Blasphemy","The Bomb"],"picked":"Wish","floor":46},{"not_picked":["PathToVictory","Swift Strike+1","Evaluate+1"],"picked":"Protect","floor":48},{"not_picked":["EmptyBody","ClearTheMind","PathToVictory","WindmillStrike"],"picked":"SKIP","floor":48}],"player_experience":949625,"relics_obtained":[{"floor":6,"key":"Tiny Chest"},{"floor":8,"key":"Bag of Marbles"},{"floor":9,"key":"CeramicFish"},{"floor":12,"key":"War Paint"},{"floor":20,"key":"Nilry\u0027s Codex"},{"floor":22,"key":"Art of War"},{"floor":24,"key":"Unceasing Top"},{"floor":26,"key":"Regal Pillow"},{"floor":27,"key":"Vajra"},{"floor":29,"key":"Potion Belt"},{"floor":31,"key":"Omamori"},{"floor":41,"key":"Happy Flower"},{"floor":43,"key":"Bottled Tornado"},{"floor":44,"key":"Ice Cream"},{"floor":45,"key":"Question Card"},{"floor":46,"key":"Whetstone"}],"event_choices":[{"damage_healed":0,"gold_gain":0,"player_choice":"Ignored","damage_taken":0,"max_hp_gain":0,"max_hp_loss":0,"event_name":"NoteForYourself","floor":2,"gold_loss":0},{"damage_healed":0,"gold_gain":0,"player_choice":"Box","damage_taken":0,"relics_obtained":["Eternal Feather"],"max_hp_gain":0,"max_hp_loss":0,"event_name":"Big Fish","floor":4,"gold_loss":0,"cards_obtained":["Regret"]},{"damage_healed":0,"gold_gain":175,"player_choice":"AGREE","damage_taken":0,"max_hp_gain":0,"max_hp_loss":0,"event_name":"Liars Game","floor":13,"gold_loss":0,"cards_obtained":["Doubt"]},{"damage_healed":0,"gold_gain":0,"player_choice":"Obtained Book","damage_taken":16,"max_hp_gain":0,"max_hp_loss":0,"event_name":"Cursed Tome","floor":20,"gold_loss":0},{"damage_healed":0,"gold_gain":0,"player_choice":"Obtained Relic","damage_taken":0,"relics_obtained":["Orichalcum"],"max_hp_gain":0,"max_hp_loss":0,"event_name":"Addict","floor":21,"gold_loss":85},{"damage_healed":0,"gold_gain":0,"player_choice":"Ignored","damage_taken":0,"max_hp_gain":0,"max_hp_loss":0,"event_name":"Tomb of Lord Red Mask","floor":38,"gold_loss":0},{"damage_healed":0,"gold_gain":999,"player_choice":"Gold","damage_taken":0,"max_hp_gain":0,"max_hp_loss":0,"event_name":"MindBloom","floor":39,"gold_loss":0,"cards_obtained":["Normality","Normality"]}],"is_beta":false,"boss_relics":[{"not_picked":["Runic Dome","Busted Crown"],"picked":"Fusion Hammer"},{"not_picked":["Sozu","Cursed Key"],"picked":"Runic Pyramid"}],"items_purged_floors":[19,25],"is_endless":false,"potions_floor_spawned":[5,6,7,8,16,24,27,29,33,35,44,48],"ascension_level":0}}