{"host":"wkuscavjg97fbbrj","time":1611577353,"event":{"mods":["BaseMod","Colored Powertips","Downfall","Minty Spire (QoL Compilation)","Permanent Neow","Quick Restart","Replay The Spire","StSLib"],"gold_per_floor":[99,117,52,67,86,115,141,141,76,94,94,109,109,120,135,135,135,135],"floor_reached":16,"language":"ENG","playtime":902,"items_purged":["champ:Strike","champ:Strike"],"score":104,"play_id":"b0c7aba1-ae8f-4a85-bd1d-7e6870c45a21","local_time":"20210125072233","is_ascension_mode":false,"campfire_choices":[{"floor":1.0,"key":"DIG"},{"data":"champ:Taunt","floor":11.0,"key":"SMITH"},{"data":"champ:LastStand","floor":13.0,"key":"SMITH"}],"circlet_count":0,"master_deck":["champ:Strike","champ:Defend","champ:Defend","champ:Defend","champ:Defend","champ:Execute","champ:Taunt+1","champ:LastStand+1","champ:StanceDance","champ:Duel+1","champ:SkillfulDodge","champ:FanOfKnives","champ:HoldFirm"],"relics":["champ:ChampionCrown","Smiling Mask","Replay:Wax Seal","Pet Ghost"],"acts_visited":["Exordium"],"potions_floor_usage":[16,16],"damage_taken":[{"damage":10.0,"enemies":"2 Louse","floor":2.0,"turns":3.0},{"damage":15.0,"enemies":"downfall:FleeingMerchant","floor":3.0,"turns":4.0},{"damage":22.0,"enemies":"Small Slimes","floor":4.0,"turns":4.0},{"damage":35.0,"enemies":"Cultist","floor":5.0,"turns":4.0},{"damage":87.0,"enemies":"Lagavulin","floor":6.0,"turns":11.0},{"damage":30.0,"enemies":"downfall:FleeingMerchant","floor":9.0,"turns":4.0},{"damage":10.0,"enemies":"3 Louse","floor":10.0,"turns":3.0},{"damage":10.0,"enemies":"Exordium Wildlife","floor":12.0,"turns":2.0},{"damage":14.0,"enemies":"Gremlin Gang","floor":14.0,"turns":3.0},{"damage":10.0,"enemies":"3 Louse","floor":15.0,"turns":3.0},{"damage":36,"enemies":"WA_ARCHETYPE_RETAIN","floor":16,"turns":6}],"seed_played":"1202956803136959986","potions_obtained":[{"floor":4.0,"key":"Guardian:BlockOnCardUsePotion"},{"floor":5.0,"key":"Weak Potion"},{"floor":12.0,"key":"Guardian:BlockOnCardUsePotion"}],"is_trial":false,"path_per_floor":["R","M","$","M","M","E","T","?","$","M","R","M","R","M","M","B"],"character_chosen":"THE_CHAMP","items_purchased":[],"campfire_rested":0,"item_purchase_floors":[],"current_hp_per_floor":[90,90,90,88,73,26,26,26,26,26,26,26,26,22,22,0,0,0],"gold":135,"neow_bonus":"ONE_RANDOM_RARE_CARD","is_daily":false,"chose_seed":false,"campfire_upgraded":2,"win_rate":0.0,"timestamp":1611577353,"path_taken":["R","M","$","M","M","E","T","?","$","M","R","M","R","M","M","BOSS"],"items_purchased_type":[],"build_version":"2020-12-22","purchased_purges":2,"victory":false,"max_hp_per_floor":[90,90,90,90,90,90,90,90,90,90,90,90,90,90,90,90,90,90],"card_choices":[{"not_picked":["champ:Circumvent","champ:IronFortress","champ:FocusedDefense"],"picked":"SKIP","floor":2.0},{"not_picked":["champ:Circumvent","champ:IronFortress","champ:FocusedDefense"],"picked":"SKIP","floor":2.0},{"not_picked":["champ:FalseCounter","champ:GutPunch"],"picked":"champ:StanceDance","floor":3.0},{"not_picked":["champ:StanceDance","champ:EnGarde","champ:CrownThrow"],"picked":"SKIP","floor":4.0},{"not_picked":["champ:PreemptiveStrike","champ:FlashCut","champ:RisingSlash"],"picked":"SKIP","floor":5.0},{"not_picked":["champ:PreciseThrust","champ:HeartStrike","champ:BringItOn"],"picked":"SKIP","floor":6.0},{"not_picked":["champ:FlashCut","champ:Endure","champ:Circumvent"],"picked":"SKIP","floor":9.0},{"not_picked":["champ:PreciseThrust","champ:RecklessLeap"],"picked":"champ:SkillfulDodge","floor":10.0},{"not_picked":["champ:BladeFlurry","champ:GutPunch"],"picked":"champ:FanOfKnives","floor":12.0},{"not_picked":["champ:DefensiveShout","champ:AdrenalArmor"],"picked":"champ:HoldFirm","floor":14.0},{"not_picked":["champ:PreemptiveStrike","champ:AdrenalArmor","champ:PreciseThrust"],"picked":"SKIP","floor":15.0}],"player_experience":170650,"relics_obtained":[{"floor":1.0,"key":"Smiling Mask"},{"floor":6.0,"key":"Replay:Wax Seal"},{"floor":7.0,"key":"Pet Ghost"}],"event_choices":[],"is_beta":false,"boss_relics":[],"items_purged_floors":[3,9],"is_endless":false,"potions_floor_spawned":[4,5,12],"killed_by":"WA_ARCHETYPE_RETAIN","ascension_level":0}}