{"host":"s5d39dhq0ddhxhke","time":1611577683,"event":{"mods":["AchievementEnabler","BaseMod","Colored Map","Minty Spire (QoL Compilation)","SuperFastMode"],"gold_per_floor":[117,117,133,151,151,166,192,210,239,264,208,224,224,238,238,238,238,238],"floor_reached":17,"language":"ENG","playtime":502,"items_purged":[],"score":208,"play_id":"5e337407-0b49-44e1-831f-30b2d4a21802","local_time":"20210125142803","is_ascension_mode":true,"campfire_choices":[{"floor":16.0,"key":"REST"}],"circlet_count":0,"master_deck":["AscendersBane","Strike_R","Strike_R","Strike_R","Strike_R","Strike_R","Defend_R","Defend_R","Defend_R","Defend_R","Bash+1","Rupture","Cleave","Combust","Pummel","Rupture","Clothesline+1"],"relics":["Burning Blood","White Beast Statue","Molten Egg 2","Anchor","Toy Ornithopter"],"acts_visited":["Exordium"],"potions_floor_usage":[17,17],"damage_taken":[{"damage":1.0,"enemies":"2 Louse","floor":1.0,"turns":4.0},{"damage":7.0,"enemies":"Small Slimes","floor":3.0,"turns":4.0},{"damage":18.0,"enemies":"Jaw Worm","floor":4.0,"turns":5.0},{"damage":2.0,"enemies":"2 Fungi Beasts","floor":6.0,"turns":2.0},{"damage":29.0,"enemies":"Lagavulin","floor":7.0,"turns":7.0},{"damage":21.0,"enemies":"Gremlin Gang","floor":8.0,"turns":3.0},{"damage":32.0,"enemies":"Gremlin Nob","floor":9.0,"turns":4.0},{"damage":0.0,"enemies":"Exordium Wildlife","floor":12.0,"turns":4.0},{"damage":0.0,"enemies":"Red Slaver","floor":14.0,"turns":3.0},{"damage":50,"enemies":"The Guardian","floor":17,"turns":8}],"seed_played":"8920486615369919303","potions_obtained":[{"floor":3.0,"key":"SteroidPotion"},{"floor":4.0,"key":"DistilledChaos"},{"floor":7.0,"key":"LiquidMemories"},{"floor":8.0,"key":"DuplicationPotion"},{"floor":9.0,"key":"DuplicationPotion"},{"floor":12.0,"key":"LiquidBronze"},{"floor":14.0,"key":"CultistPotion"}],"is_trial":false,"path_per_floor":["M","?","M","M","M","M","E","M","E","T","?","M","?","M","?","R","B"],"character_chosen":"IRONCLAD","items_purchased":[],"campfire_rested":1,"item_purchase_floors":[],"current_hp_per_floor":[80,80,79,67,67,71,48,33,7,7,7,13,13,19,14,38,0,0],"gold":238,"neow_bonus":"TEN_PERCENT_HP_BONUS","is_daily":false,"chose_seed":false,"campfire_upgraded":0,"win_rate":0.0,"timestamp":1611577683,"path_taken":["M","?","M","M","M","M","E","M","E","T","?","M","?","?","?","R","BOSS"],"items_purchased_type":[],"build_version":"2020-12-22","purchased_purges":0,"victory":false,"max_hp_per_floor":[82,82,82,82,82,82,82,82,82,82,82,82,82,82,82,82,82,82],"card_choices":[{"not_picked":["True Grit","Headbutt"],"picked":"Rupture","floor":1.0},{"not_picked":["Seeing Red","Armaments","Body Slam"],"picked":"SKIP","floor":3.0},{"not_picked":["Twin Strike","Havoc"],"picked":"Cleave","floor":4.0},{"not_picked":["Havoc","Intimidate"],"picked":"Combust","floor":6.0},{"not_picked":["Feel No Pain","Armaments"],"picked":"Pummel","floor":7.0},{"not_picked":["Pommel Strike","Shrug It Off","Rampage"],"picked":"SKIP","floor":8.0},{"not_picked":["Sword Boomerang+1","Barricade"],"picked":"Rupture","floor":9.0},{"not_picked":["Flex","True Grit","Bloodletting"],"picked":"SKIP","floor":12.0},{"not_picked":["Pommel Strike+1","Carnage+1"],"picked":"Clothesline+1","floor":14.0}],"player_experience":459944,"relics_obtained":[{"floor":7.0,"key":"White Beast Statue"},{"floor":9.0,"key":"Molten Egg 2"},{"floor":10.0,"key":"Anchor"}],"event_choices":[{"damage_healed":0.0,"max_hp_gain":0.0,"max_hp_loss":0.0,"gold_gain":0.0,"event_name":"Living Wall","player_choice":"Grow","floor":2.0,"gold_loss":0.0,"damage_taken":0.0,"cards_upgraded":["Bash"]},{"damage_healed":0.0,"max_hp_gain":0.0,"max_hp_loss":0.0,"gold_gain":0.0,"event_name":"World of Goop","player_choice":"Left Gold","floor":11.0,"gold_loss":56.0,"damage_taken":0.0},{"damage_healed":0.0,"max_hp_gain":0.0,"max_hp_loss":0.0,"gold_gain":0.0,"event_name":"Shining Light","player_choice":"Ignored","floor":13.0,"gold_loss":0.0,"damage_taken":0.0},{"damage_healed":0.0,"max_hp_gain":0.0,"max_hp_loss":0.0,"gold_gain":0.0,"event_name":"Scrap Ooze","player_choice":"Success","floor":15.0,"gold_loss":0.0,"damage_taken":5.0,"relics_obtained":["Toy Ornithopter"]}],"is_beta":false,"boss_relics":[],"items_purged_floors":[],"is_endless":false,"potions_floor_spawned":[3,4,7,8,9,12,14],"killed_by":"The Guardian","ascension_level":15}}