{"host":"ojezjkpqju62j8xy","time":1611580935,"event":{"mods":["ATMod(°¢èªMod)","Act Like it!","Aspiration","BaseMod","Conspire","Minty Spire (QoL Compilation)","Pale of the Ancients","Replay The Spire","Spicy Shops","StSLib","[GremlinLeader]The Maniac","¡¾ÒÅÎï¿¨ÅÆ¡¿REMEMod"],"gold_per_floor":[116,116,134,8,22,49,49,49,49,82,82,114,125,125,125,229,229,244,244,255,269,282,282,282],"floor_reached":23,"language":"ZHS","playtime":479,"items_purged":[],"score":366,"play_id":"4cd5b5a3-811b-46a9-810d-15d17a10c522","local_time":"20210125212215","is_ascension_mode":true,"campfire_choices":[{"floor":8,"key":"RECALL"},{"floor":15,"key":"DIG"}],"circlet_count":0,"master_deck":["AscendersBane","Strike_B","Strike_B","Strike_B","Strike_B","Defend_B","Defend_B","Zap","Dualcast","AT_EmpoweredMortalDraw","Glass Knife","aspiration:Polymerization","Conserve Battery","Turbo","Ball Lightning","Cold Snap","Hologram","Beam Cell","aspiration:Polymerization","Rainbow+1","Steam+1","REME_ForAll","Darkness+1","AT_EMC2+1","Double Energy+1","Redo+1"],"relics":["Cracked Core","AT_ATBox","REME_ComplimentaryCards","NeowsBlessing","PreservedInsect","DataDisk","conspire:Dentures","Oddly Smooth Stone","AT_RedTearstoneRing","Toxic Egg 2","Fusion Hammer"],"acts_visited":["Exordium","TheCity"],"potions_floor_usage":[16,23],"damage_taken":[{"damage":0,"enemies":"Jaw Worm","floor":1,"turns":1},{"damage":0,"enemies":"Cultist","floor":3,"turns":1},{"damage":0,"enemies":"2 Louse","floor":5,"turns":1},{"damage":0,"enemies":"Gremlin Nob","floor":6,"turns":2},{"damage":25,"enemies":"Lagavulin","floor":10,"turns":4},{"damage":2,"enemies":"3 Sentries","floor":12,"turns":3},{"damage":5,"enemies":"Red Slaver","floor":13,"turns":2},{"damage":22,"enemies":"The Guardian","floor":16,"turns":6},{"damage":9,"enemies":"3 Byrds","floor":18,"turns":3},{"damage":12,"enemies":"Shell Parasite","floor":20,"turns":4},{"damage":10,"enemies":"Chosen and Byrds","floor":21,"turns":4},{"damage":26,"enemies":"Shelled Parasite and Fungi","floor":22,"turns":3},{"damage":7,"enemies":"Gremlin Leader","floor":23,"turns":1}],"seed_played":"6697206567128862210","potions_obtained":[{"floor":6,"key":"SpeedPotion"},{"floor":13,"key":"Energy Potion"},{"floor":14,"key":"BlessingOfTheForge"},{"floor":16,"key":"Elixir"}],"is_trial":false,"path_per_floor":["M","?","M","$","M","E","$","R","T","E","?","E","M","?","R","B",null,"M","?","M","M","M","E"],"character_chosen":"DEFECT","items_purchased":["PreservedInsect","Turbo"],"campfire_rested":0,"item_purchase_floors":[4,4],"current_hp_per_floor":[68,68,68,68,68,68,68,68,68,43,43,41,36,36,36,14,60,51,51,39,29,3,0,0],"gold":282,"neow_bonus":"THREE_ENEMY_KILL","is_daily":false,"chose_seed":false,"campfire_upgraded":0,"win_rate":0.0,"timestamp":1611580935,"path_taken":["M","?","M","$","?","E","$","R","T","E","?","E","M","?","R","BOSS","M","?","M","?","M","E"],"items_purchased_type":["Relic","Card"],"build_version":"2020-12-22","purchased_purges":0,"victory":false,"max_hp_per_floor":[75,75,75,75,75,75,75,75,75,75,75,75,75,75,75,75,75,75,75,75,75,75,75,75],"card_choices":[{"not_picked":["Leap","Panic Button"],"picked":"aspiration:Polymerization","floor":1},{"not_picked":["Sweeping Beam","Compile Driver"],"picked":"Conserve Battery","floor":3},{"not_picked":["Sweeping Beam","Gash"],"picked":"Ball Lightning","floor":5},{"not_picked":["Streamline","Seek"],"picked":"Cold Snap","floor":6},{"not_picked":["conspire:SharedLibrary","REME_Compress"],"picked":"Hologram","floor":10},{"not_picked":["Reinforced Body","Turbo"],"picked":"Beam Cell","floor":12},{"not_picked":["Panic Button","ReplayGash"],"picked":"aspiration:Polymerization","floor":13},{"not_picked":["REME_Shoggoth","Biased Cognition"],"picked":"Rainbow+1","floor":16},{"not_picked":["Barrage","Cold Snap"],"picked":"Steam+1","floor":18},{"not_picked":["Consume+1","Compile Driver"],"picked":"AT_EMC2+1","floor":20},{"not_picked":["AT_StudyProgram","Ball Lightning"],"picked":"Double Energy+1","floor":21},{"not_picked":["Streamline","Ball Lightning+1"],"picked":"Redo+1","floor":22}],"player_experience":1375396,"relics_obtained":[{"floor":6,"key":"DataDisk"},{"floor":9,"key":"conspire:Dentures"},{"floor":10,"key":"Oddly Smooth Stone"},{"floor":12,"key":"AT_RedTearstoneRing"},{"floor":15,"key":"Toxic Egg 2"}],"event_choices":[{"cards_removed":["Defend_B"],"damage_healed":0,"gold_gain":0,"player_choice":"Offered Basic","damage_taken":0,"max_hp_gain":0,"max_hp_loss":0,"event_name":"Bonfire Elementals","floor":2,"gold_loss":0},{"damage_healed":0,"gold_gain":0,"player_choice":"Got Potions","damage_taken":0,"max_hp_gain":0,"max_hp_loss":0,"event_name":"Lab","floor":14,"gold_loss":0},{"damage_healed":0,"gold_gain":0,"player_choice":"2 cards matched","damage_taken":0,"max_hp_gain":0,"max_hp_loss":0,"event_name":"Match and Keep!","floor":19,"gold_loss":0,"cards_obtained":["REME_ForAll","Darkness"]}],"is_beta":false,"boss_relics":[{"not_picked":["ReplayTheSpireMod:DimensionalGlitch","Replay:Drink Me"],"picked":"Fusion Hammer"}],"items_purged_floors":[],"is_endless":false,"potions_floor_spawned":[6,13,16,20],"killed_by":"Gremlin Leader","ascension_level":11}}