{"host":"1mv6gj0zv8k9e9tz","time":1611555892,"event":{"mods":["AchievementEnabler","BaseMod","Better Third Choice","Colored Map","KOR Keyword Fix","Minty Spire (QoL Compilation)","Permanent Neow","Rare Cards Sparkle","StSLib"],"gold_per_floor":[10,24,24,42,55,55,75,116,139,139,139,64,84,98,98,98,98],"floor_reached":16,"language":"KOR","playtime":464,"items_purged":["Strike_G"],"score":208,"play_id":"831b8ac4-37ed-421c-adfa-4b11db93ac6c","local_time":"20210125152452","is_ascension_mode":true,"campfire_choices":[{"data":"Backstab","floor":6.0,"key":"SMITH"},{"floor":10,"key":"REST"},{"data":"Deadly Poison","floor":15,"key":"SMITH"}],"circlet_count":0,"master_deck":["AscendersBane","Strike_G","Strike_G","Defend_G","Defend_G","Defend_G","Defend_G","Survivor","Neutralize","Deadly Poison+1","Crippling Poison","Backstab+1","Dagger Spray","PiercingWail","Acrobatics","Blur"],"relics":["Ring of the Snake","Golden Idol","Potion Belt","Juzu Bracelet"],"acts_visited":["Exordium"],"potions_floor_usage":[8,8,16],"damage_taken":[{"damage":2.0,"enemies":"2 Louse","floor":1.0,"turns":3.0},{"damage":0.0,"enemies":"Small Slimes","floor":2.0,"turns":4.0},{"damage":3.0,"enemies":"Jaw Worm","floor":4.0,"turns":4.0},{"damage":0.0,"enemies":"Looter","floor":5.0,"turns":4.0},{"damage":0.0,"enemies":"2 Fungi Beasts","floor":7.0,"turns":4.0},{"damage":15,"enemies":"3 Sentries","floor":8,"turns":9},{"damage":8,"enemies":"Exordium Wildlife","floor":13,"turns":5},{"damage":0,"enemies":"Lots of Slimes","floor":14,"turns":2},{"damage":30,"enemies":"The Guardian","floor":16,"turns":2}],"seed_played":"3256969297943996963","potions_obtained":[{"floor":4.0,"key":"EssenceOfSteel"},{"floor":7.0,"key":"Poison Potion"},{"floor":8,"key":"SteroidPotion"},{"floor":14,"key":"PowerPotion"}],"is_trial":false,"path_per_floor":["M","M","?","M","M","R","M","E","T","R","?","$","M","M","R","B"],"character_chosen":"THE_SILENT","items_purchased":[],"campfire_rested":1,"item_purchase_floors":[],"current_hp_per_floor":[57,57,34,31,31,31,31,16,16,35,28,28,20,20,20,0,0],"gold":98,"neow_bonus":"REMOVE_TWO","is_daily":false,"chose_seed":false,"campfire_upgraded":2,"win_rate":0.0,"timestamp":1611555892,"path_taken":["M","M","?","M","M","R","M","E","T","R","?","$","M","M","R","BOSS"],"items_purchased_type":[],"build_version":"2020-12-22","purchased_purges":1,"victory":false,"max_hp_per_floor":[66,66,66,66,66,66,66,66,66,66,66,66,66,66,66,66,66],"card_choices":[{"not_picked":["Dash","Acrobatics"],"picked":"Deadly Poison","floor":1.0},{"not_picked":["Cloak And Dagger","Dagger Throw"],"picked":"Crippling Poison","floor":2.0},{"not_picked":["Terror","Sucker Punch","Concentrate"],"picked":"SKIP","floor":4.0},{"not_picked":["Backflip","PiercingWail"],"picked":"Backstab","floor":5.0},{"not_picked":["Slice","Tactician"],"picked":"Dagger Spray","floor":7.0},{"not_picked":["Doppelganger","Choke"],"picked":"PiercingWail","floor":8},{"not_picked":["Dagger Spray","Bane"],"picked":"Acrobatics","floor":13},{"not_picked":["Deflect","Blade Dance"],"picked":"Blur","floor":14}],"player_experience":564290,"relics_obtained":[{"floor":8,"key":"Potion Belt"},{"floor":9,"key":"Juzu Bracelet"}],"event_choices":[{"damage_healed":0.0,"max_hp_gain":0.0,"max_hp_loss":0.0,"gold_gain":0.0,"event_name":"Golden Idol","player_choice":"Take Damage","floor":3.0,"gold_loss":0.0,"damage_taken":23.0,"relics_obtained":["Golden Idol"]},{"cards_removed":["Strike_G"],"damage_healed":0,"gold_gain":0,"player_choice":"Card Removal","damage_taken":7,"max_hp_gain":0,"max_hp_loss":0,"event_name":"Golden Wing","floor":11,"gold_loss":0}],"is_beta":false,"boss_relics":[],"items_purged_floors":[12],"is_endless":false,"potions_floor_spawned":[4,7,8,14],"killed_by":"The Guardian","ascension_level":20}}