{"host":"j0rajrfs2q3wozdq","time":1611587064,"event":{"mods":["BaseMod","Colored Powertips","HololiveMod","Koishi","Lobotomy","LobotomyExtend","Minty Spire (QoL Compilation)","Prisma Mod","Quick Restart","Remilia¡]Á¢¦Ì²ú?¡^","Replay The Spire","Shop Mod","StSLib","The Alterego","WarShipGirlsR/??¤Ö¤kR mod","Yakumo Yukari mod","Youmu¡]»î¾z§¯?¡^"],"gold_per_floor":[117,117,127,144,159,159,159,159],"floor_reached":7,"language":"ZHS","playtime":482,"items_purged":[],"score":43,"play_id":"c5ca9695-838a-44f8-a40e-90e4f781e067","local_time":"20210125230424","is_ascension_mode":false,"campfire_choices":[{"data":"alterego_mod:RocketPunch","floor":6,"key":"SMITH"}],"circlet_count":0,"master_deck":["alterego_mod:Strike","alterego_mod:Strike","alterego_mod:Strike","alterego_mod:Strike","alterego_mod:Defend","alterego_mod:Defend","alterego_mod:Defend","alterego_mod:Defend","alterego_mod:Impale","alterego_mod:BigMeatyClaws","alterego_mod:BrynhildrsRune","alterego_mod:Undulate","alterego_mod:RocketPunch+1","alterego_mod:SakuraPetals"],"relics":["alterego_mod:MasochisticConstitution","CogitoBucket"],"acts_visited":["Exordium"],"potions_floor_usage":[],"damage_taken":[{"damage":1,"enemies":"Jaw Worm","floor":1,"turns":7},{"damage":1,"enemies":"Cultist","floor":3,"turns":3},{"damage":11,"enemies":"Small Slimes","floor":4,"turns":6},{"damage":9,"enemies":"Exordium Wildlife","floor":5,"turns":4},{"damage":79,"enemies":"Gremlin Nob","floor":7,"turns":5}],"seed_played":"5737928478606513145","potions_obtained":[],"is_trial":false,"path_per_floor":["M","?","M","M","M","R","E"],"character_chosen":"The_Alterego","items_purchased":[],"campfire_rested":0,"item_purchase_floors":[],"current_hp_per_floor":[70,75,75,67,59,59,0,0],"gold":159,"neow_bonus":"","is_daily":false,"chose_seed":false,"campfire_upgraded":1,"win_rate":0.0,"timestamp":1611587064,"path_taken":["M","?","M","M","M","R","E"],"items_purchased_type":[],"build_version":"2020-12-22","purchased_purges":0,"victory":false,"max_hp_per_floor":[71,76,77,78,79,79,79,79],"card_choices":[{"not_picked":["alterego_mod:PresenceConcealment","alterego_mod:1TonWallop"],"picked":"alterego_mod:Undulate","floor":1},{"not_picked":["alterego_mod:Complex","alterego_mod:Exercise"],"picked":"alterego_mod:RocketPunch","floor":3},{"not_picked":["alterego_mod:Clap","alterego_mod:DeftHands"],"picked":"alterego_mod:SakuraPetals","floor":4},{"not_picked":["alterego_mod:Rip","alterego_mod:Cycle","alterego_mod:Pet"],"picked":"SKIP","floor":5}],"player_experience":33787,"relics_obtained":[],"event_choices":[{"damage_healed":0,"gold_gain":0,"player_choice":"Donut","damage_taken":0,"max_hp_gain":5,"max_hp_loss":0,"event_name":"Big Fish","floor":2,"gold_loss":0}],"is_beta":false,"boss_relics":[],"items_purged_floors":[],"is_endless":false,"potions_floor_spawned":[],"killed_by":"Gremlin Nob","ascension_level":0}}