{"host":"p8f0otjoacyb9giz","time":1611603551,"event":{"mods":["AchievementEnabler","BaseMod","Downfall","Minty Spire (QoL Compilation)","StSLib"],"gold_per_floor":[99,109,109,119,119,19,19,47,66,76,89,89,89,89],"floor_reached":12,"language":"ENG","playtime":424,"items_purged":[],"score":108,"play_id":"33e8aef0-e70a-4fc6-b359-f85dba592437","local_time":"20210125223911","is_ascension_mode":true,"campfire_choices":[{"floor":1,"key":"RECALL"},{"data":"Guardian:FloatingOrbs","floor":6,"key":"SMITH"}],"circlet_count":0,"master_deck":["Guardian:Strike_Guardian","Guardian:Strike_Guardian","Guardian:Strike_Guardian","Guardian:Strike_Guardian","Guardian:Defend_Guardian","Guardian:Defend_Guardian","Guardian:Defend_Guardian","Guardian:Defend_Guardian","Guardian:CurlUp","Guardian:TwinSlam","Guardian:FloatingOrbs+1","Guardian:DonusPower","Guardian:DecasProtection","Guardian:Gem_Cyan","Guardian:ExploitGems","Guardian:DonusPower","Guardian:Gem_Cyan"],"relics":["Guardian:ModeShifter","Prayer Wheel","downfall:HeartBlessingRed","bronze:BronzeIdol"],"acts_visited":["Exordium"],"potions_floor_usage":[12,12],"damage_taken":[{"damage":5,"enemies":"Small Slimes","floor":2,"turns":5},{"damage":4,"enemies":"Jaw Worm","floor":4,"turns":5},{"damage":20,"enemies":"3 Sentries","floor":8,"turns":7},{"damage":0,"enemies":"Cultist","floor":9,"turns":3},{"damage":8,"enemies":"Blue Slaver","floor":10,"turns":5},{"damage":4,"enemies":"2 Fungi Beasts","floor":11,"turns":4},{"damage":13,"enemies":"Gremlin Nob","floor":12,"turns":2}],"seed_played":"5433889057640360516","potions_obtained":[{"floor":2,"key":"FearPotion"},{"floor":9,"key":"champ:CounterPotion"}],"is_trial":false,"path_per_floor":["R","M","?","M","?","R","T","E","M","M","M","E"],"character_chosen":"GUARDIAN","items_purchased":[],"campfire_rested":0,"item_purchase_floors":[],"current_hp_per_floor":[51,46,46,42,42,42,42,22,22,14,10,0,0,0],"gold":89,"neow_bonus":"ONE_RARE_RELIC","is_daily":false,"chose_seed":false,"campfire_upgraded":1,"win_rate":0.0,"timestamp":1611603551,"path_taken":["R","M","?","M","?","R","T","E","M","M","M","E"],"items_purchased_type":[],"build_version":"2020-12-22","purchased_purges":0,"victory":false,"max_hp_per_floor":[80,80,80,80,80,80,80,80,80,80,80,80,80,80],"card_choices":[{"not_picked":["Guardian:TemporalStrike","Guardian:Gem_Lightblue"],"picked":"Guardian:FloatingOrbs","floor":2},{"not_picked":["Guardian:TemporalStrike","Guardian:WalkerClaw"],"picked":"Guardian:Gem_White","floor":2},{"not_picked":["Guardian:PrismaticBeam","Guardian:CrystalBeam"],"picked":"Guardian:DonusPower","floor":4},{"not_picked":["Guardian:RollAttack","Guardian:Gem_Crimson","Guardian:PrimingBeam"],"picked":"SKIP","floor":4},{"not_picked":["Guardian:RollAttack","Guardian:Gem_Crimson","Guardian:PrimingBeam"],"picked":"SKIP","floor":4},{"not_picked":["Guardian:RefractedBeam","Guardian:Gem_Purple"],"picked":"Guardian:DecasProtection","floor":8},{"not_picked":["Guardian:Recover","Guardian:Harden"],"picked":"Guardian:Gem_Cyan","floor":9},{"not_picked":["Guardian:Planning","Guardian:VentSteam"],"picked":"Guardian:ExploitGems","floor":9},{"not_picked":["Guardian:CrystalBeam","Guardian:Gem_Green"],"picked":"Guardian:DonusPower","floor":10},{"not_picked":["Guardian:Suspension","Guardian:Reroute","Guardian:Gem_Yellow"],"picked":"SKIP","floor":10},{"not_picked":["Guardian:ChargeCore","Guardian:VentSteam"],"picked":"Guardian:Gem_Cyan","floor":11},{"not_picked":["Guardian:RollAttack","Guardian:ChargeCore","Guardian:CrystalBeam"],"picked":"SKIP","floor":11}],"player_experience":404653,"relics_obtained":[{"floor":8,"key":"bronze:BronzeIdol"}],"event_choices":[],"is_beta":false,"boss_relics":[],"items_purged_floors":[],"is_endless":false,"potions_floor_spawned":[2,9],"killed_by":"Gremlin Nob","ascension_level":7}}