{"host":"w97dq1whmpm6b2tc","time":1611585839,"event":{"mods":["BaseMod","Downfall","Minty Spire (QoL Compilation)","StSLib"],"gold_per_floor":[99,117,117,117,144,44,68,68,85,85,85,85],"floor_reached":10,"language":"ENG","playtime":519,"items_purged":[],"score":108,"play_id":"88b1e5e3-0800-4bf2-aaf6-42ea7e494161","local_time":"20210125164359","is_ascension_mode":true,"campfire_choices":[{"floor":1,"key":"RECALL"},{"data":"Guardian:Suspension","floor":6,"key":"SMITH"},{"data":"Master of Strategy","floor":8,"key":"SMITH"}],"circlet_count":0,"master_deck":["AscendersBane","Guardian:Strike_Guardian","Guardian:Strike_Guardian","Guardian:Strike_Guardian","Guardian:Strike_Guardian","Guardian:Defend_Guardian","Guardian:Defend_Guardian","Guardian:Defend_Guardian","Guardian:CurlUp","Guardian:TwinSlam","Master of Strategy+1","Guardian:Suspension+1","Guardian:PrismaticBeam"],"relics":["Guardian:ModeShifter","Potion Belt","Lantern","downfall:HeartBlessingRed","Bag of Marbles"],"acts_visited":["Exordium"],"potions_floor_usage":[10],"damage_taken":[{"damage":6,"enemies":"Small Slimes","floor":2,"turns":6},{"damage":12,"enemies":"Jaw Worm","floor":9,"turns":2},{"damage":27,"enemies":"Lagavulin","floor":10,"turns":7}],"seed_played":"-3662044224151073895","potions_obtained":[{"floor":2,"key":"PowerPotion"}],"is_trial":false,"path_per_floor":["R","M","?","?","T","R","T","R","M","E"],"character_chosen":"GUARDIAN","items_purchased":[],"campfire_rested":0,"item_purchase_floors":[],"current_hp_per_floor":[47,41,41,30,30,30,30,30,18,0,0,0],"gold":85,"neow_bonus":"RANDOM_COLORLESS_2","is_daily":false,"chose_seed":false,"campfire_upgraded":2,"win_rate":0.0,"timestamp":1611585839,"path_taken":["R","M","?","?","?","R","T","R","M","E"],"items_purchased_type":[],"build_version":"2020-12-22","purchased_purges":0,"victory":false,"max_hp_per_floor":[72,72,72,72,72,72,72,72,72,72,72,72],"card_choices":[{"not_picked":["Secret Weapon","Sadistic Nature"],"picked":"Master of Strategy","floor":0},{"not_picked":["Guardian:Recover","Guardian:Gem_Crimson"],"picked":"Guardian:Suspension","floor":2},{"not_picked":["Guardian:BodySlam","Guardian:ChargeCore"],"picked":"Guardian:PrismaticBeam","floor":9}],"player_experience":3730940,"relics_obtained":[{"floor":5,"key":"Lantern"},{"floor":7,"key":"Bag of Marbles"}],"event_choices":[{"cards_removed":["Guardian:Defend_Guardian"],"damage_healed":0,"gold_gain":0,"player_choice":"Card Removal","damage_taken":0,"max_hp_gain":0,"max_hp_loss":0,"event_name":"The Cleric","floor":3,"gold_loss":0},{"damage_healed":0,"gold_gain":0,"player_choice":"Success","damage_taken":11,"relics_obtained":["Potion Belt"],"max_hp_gain":0,"max_hp_loss":0,"event_name":"Scrap Ooze","floor":4,"gold_loss":0}],"is_beta":false,"boss_relics":[],"items_purged_floors":[],"is_endless":false,"potions_floor_spawned":[2],"killed_by":"Lagavulin","ascension_level":20}}