{"host":"58njlu7hme3ojrlz","time":1611618857,"event":{"mods":["BaseMod","Block Reminder","Colored Map","Colored Powertips","DeckTracker","Highlight Path","Minty Spire (QoL Compilation)","Relic Sorter"],"gold_per_floor":[114,114,64,79,79,109,109,109,134,134,149,149,164,179,179,279,279,294,69,69,16,31,31,46,46,46,61,91,106,121,136,136,236,236,251,251,251,266,95,95,110,110,110,110,10,25,25,40,40,40],"floor_reached":51,"language":"ENG","playtime":1945,"items_purged":["Eruption","Strike_G"],"score":769,"play_id":"815d6d24-0c0f-461b-b14e-5092fa04c050","local_time":"20210126065417","daily_mods":["Chimera","Time Dilation","Lethality"],"is_ascension_mode":false,"campfire_choices":[{"data":"Seeing Red","floor":8,"key":"SMITH"},{"data":"Cleave","floor":10,"key":"SMITH"},{"floor":12,"key":"REST"},{"data":"Flex","floor":15,"key":"SMITH"},{"data":"Limit Break","floor":23,"key":"SMITH"},{"data":"Disarm","floor":25,"key":"SMITH"},{"floor":32,"key":"REST"},{"data":"Apotheosis","floor":40,"key":"SMITH"},{"floor":42,"key":"REST"},{"floor":47,"key":"REST"},{"data":"Impervious","floor":49,"key":"SMITH"}],"circlet_count":0,"master_deck":["Bash","Survivor","Zap","Strike_B+1","Defend_R","Defend_G","Defend_P+1","Whirlwind+1","Seeing Red+1","Cleave+1","Ghostly Armor","Flex+1","Limit Break+1","Heavy Blade+1","Disarm+1","Fiend Fire","Jack Of All Trades","Warcry","Heavy Blade+1","Impervious+1","Spot Weakness","Madness","Madness","Apotheosis+1","Panache","Shockwave+1"],"relics":["Burning Blood","Omamori","Darkstone Periapt","Sozu","Bag of Marbles","Gremlin Horn","Du-Vu Doll","Velvet Choker","Self Forming Clay"],"acts_visited":["Exordium","TheCity","TheBeyond"],"potions_floor_usage":[16,16,16],"damage_taken":[{"damage":4,"enemies":"Cultist","floor":1,"turns":3},{"damage":12,"enemies":"2 Louse","floor":4,"turns":2},{"damage":26,"enemies":"Gremlin Nob","floor":6,"turns":4},{"damage":0,"enemies":"Small Slimes","floor":11,"turns":1},{"damage":17,"enemies":"Exordium Thugs","floor":13,"turns":3},{"damage":0,"enemies":"Exordium Wildlife","floor":14,"turns":1},{"damage":0,"enemies":"Slime Boss","floor":16,"turns":1},{"damage":31,"enemies":"2 Thieves","floor":18,"turns":3},{"damage":2,"enemies":"Chosen","floor":22,"turns":2},{"damage":0,"enemies":"3 Cultists","floor":24,"turns":1},{"damage":9,"enemies":"Snake Plant","floor":27,"turns":2},{"damage":0,"enemies":"Gremlin Leader","floor":28,"turns":1},{"damage":15,"enemies":"Sentry and Sphere","floor":29,"turns":4},{"damage":17,"enemies":"Cultist and Chosen","floor":30,"turns":4},{"damage":23,"enemies":"Snake Plant","floor":31,"turns":3},{"damage":31,"enemies":"Champ","floor":33,"turns":5},{"damage":0,"enemies":"3 Darklings","floor":35,"turns":1},{"damage":20,"enemies":"Orb Walker","floor":38,"turns":3},{"damage":8,"enemies":"Jaw Worm Horde","floor":41,"turns":3},{"damage":24,"enemies":"Spire Growth","floor":46,"turns":3},{"damage":0,"enemies":"Sphere and 2 Shapes","floor":48,"turns":1},{"damage":32,"enemies":"Donu and Deca","floor":50,"turns":5}],"seed_played":"7295166269203286773","potions_obtained":[{"floor":1,"key":"FearPotion"},{"floor":4,"key":"DistilledChaos"},{"floor":6,"key":"Strength Potion"}],"is_trial":false,"path_per_floor":["M","?","?","M","?","E","?","R","T","R","M","R","M","M","R","B",null,"M","$","?","$","M","R","M","R","T","M","E","M","M","M","R","B",null,"M","?","?","M","$","R","M","R","T","?","$","M","R","M","R","B",null],"character_chosen":"IRONCLAD","items_purchased":["Bag of Marbles","Warcry","Apotheosis"],"campfire_rested":4,"item_purchase_floors":[19,21,39],"current_hp_per_floor":[80,85,85,79,62,42,42,42,42,42,48,73,62,68,68,74,85,60,60,60,60,64,64,70,70,70,67,73,64,53,36,61,36,85,85,85,74,60,60,60,58,83,83,83,83,65,85,85,85,59],"gold":40,"neow_bonus":"","is_daily":true,"chose_seed":false,"campfire_upgraded":7,"win_rate":0.0,"timestamp":1611618857,"path_taken":["M","?","?","M","?","E","?","R","T","R","?","R","M","M","R","BOSS","M","$","?","?","M","R","M","R","T","M","E","M","?","M","R","BOSS","M","?","?","M","$","R","M","R","T","?","$","M","R","M","R","BOSS"],"items_purchased_type":["Relic","Card","Card"],"build_version":"2020-12-22","purchased_purges":2,"victory":true,"max_hp_per_floor":[80,85,85,85,85,85,85,85,85,85,85,85,85,85,85,85,85,85,85,85,85,85,85,85,85,85,85,85,85,85,85,85,85,85,85,85,85,85,85,85,85,85,85,85,85,85,85,85,85,85],"card_choices":[{"not_picked":["Bloodletting","Clothesline"],"picked":"Whirlwind","floor":1},{"not_picked":["Pommel Strike","Disarm"],"picked":"Seeing Red","floor":4},{"not_picked":["Fire Breathing","Power Through"],"picked":"Cleave","floor":6},{"not_picked":["Thunderclap","Havoc","Clothesline"],"picked":"SKIP","floor":11},{"not_picked":["Body Slam","Headbutt"],"picked":"Ghostly Armor","floor":13},{"not_picked":["Blood for Blood","Clothesline"],"picked":"Flex","floor":14},{"not_picked":["Demon Form","Reaper"],"picked":"Limit Break","floor":16},{"not_picked":["Burning Pact","Shrug It Off"],"picked":"Heavy Blade+1","floor":18},{"not_picked":["Rage","Body Slam","Dropkick"],"picked":"SKIP","floor":22},{"not_picked":["Body Slam","Perfected Strike","Sword Boomerang+1"],"picked":"SKIP","floor":24},{"not_picked":["Clothesline","Thunderclap+1","Body Slam"],"picked":"SKIP","floor":27},{"not_picked":["Wild Strike+1","Havoc","Flame Barrier"],"picked":"SKIP","floor":28},{"not_picked":["Clothesline","Reckless Charge+1"],"picked":"Heavy Blade+1","floor":29},{"not_picked":["Shrug It Off+1","True Grit+1","Cleave"],"picked":"SKIP","floor":30},{"not_picked":["Entrench","Wild Strike","Dual Wield"],"picked":"SKIP","floor":31},{"not_picked":["Juggernaut","Berserk"],"picked":"Impervious","floor":33},{"not_picked":["Headbutt+1","Wild Strike"],"picked":"Spot Weakness","floor":35},{"not_picked":["Dark Embrace","Clothesline","Heavy Blade+1"],"picked":"SKIP","floor":38},{"not_picked":["Metallicize","Berserk","Armaments"],"picked":"SKIP","floor":41},{"not_picked":["Enlightenment","Apotheosis"],"picked":"Panache","floor":44},{"not_picked":["Clothesline+1","True Grit+1","Combust"],"picked":"SKIP","floor":46},{"not_picked":["Clothesline","Metallicize"],"picked":"Shockwave+1","floor":48}],"player_experience":90661,"relics_obtained":[{"floor":6,"key":"Darkstone Periapt"},{"floor":9,"key":"Omamori"},{"floor":26,"key":"Gremlin Horn"},{"floor":28,"key":"Du-Vu Doll"},{"floor":43,"key":"Self Forming Clay"}],"event_choices":[{"damage_healed":0,"gold_gain":0,"player_choice":"Donut","damage_taken":0,"max_hp_gain":5,"max_hp_loss":0,"event_name":"Big Fish","floor":2,"gold_loss":0},{"cards_removed":["Strike_R"],"damage_healed":0,"gold_gain":0,"player_choice":"Card Removal","damage_taken":0,"max_hp_gain":0,"max_hp_loss":0,"event_name":"The Cleric","floor":3,"gold_loss":50},{"damage_healed":0,"gold_gain":0,"player_choice":"Entered Light","damage_taken":17,"max_hp_gain":0,"max_hp_loss":0,"event_name":"Shining Light","floor":5,"gold_loss":0,"cards_upgraded":["Strike_B","Defend_P"]},{"damage_healed":0,"gold_gain":0,"player_choice":"Upgraded","damage_taken":0,"max_hp_gain":0,"max_hp_loss":0,"event_name":"Upgrade Shrine","floor":7,"gold_loss":0,"cards_upgraded":["Whirlwind"]},{"damage_healed":0,"gold_gain":0,"player_choice":"3 cards matched","damage_taken":0,"max_hp_gain":0,"max_hp_loss":0,"event_name":"Match and Keep!","floor":20,"gold_loss":0,"cards_obtained":["Disarm","Fiend Fire","Jack Of All Trades"]},{"damage_healed":0,"gold_gain":0,"player_choice":"Ignored","damage_taken":0,"max_hp_gain":0,"max_hp_loss":0,"event_name":"Tomb of Lord Red Mask","floor":36,"gold_loss":0},{"damage_healed":0,"gold_gain":0,"player_choice":"Embrace Madness","damage_taken":11,"max_hp_gain":0,"max_hp_loss":0,"event_name":"Winding Halls","floor":37,"gold_loss":0,"cards_obtained":["Madness","Madness"]},{"damage_healed":0,"gold_gain":0,"player_choice":"Memory 1","damage_taken":0,"max_hp_gain":0,"max_hp_loss":0,"event_name":"SensoryStone","floor":44,"gold_loss":0}],"is_beta":false,"boss_relics":[{"not_picked":["Pandora\u0027s Box","Fusion Hammer"],"picked":"Sozu"},{"not_picked":["Busted Crown","Cursed Key"],"picked":"Velvet Choker"}],"items_purged_floors":[19,45],"is_endless":false,"potions_floor_spawned":[1,4,6,11,22,29,30,33,41,46],"ascension_level":0}}