{"host":"qeogwbudlaqzb6hy","time":1611544030,"event":{"mods":["BaseMod","Downfall","Minty Spire (QoL Compilation)","StSLib"],"gold_per_floor":[99,111,122,136,156,187,239,41,41,69,69,87,87,106,124,124,124,124],"floor_reached":16,"language":"ENG","playtime":840,"items_purged":[],"score":114,"play_id":"d5da8b53-a5f6-405b-8550-15873b10b3b2","local_time":"20210125130710","is_ascension_mode":false,"campfire_choices":[{"data":"bronze:Replicate","floor":1,"key":"SMITH"},{"data":"bronze:DelayedSlice","floor":9,"key":"SMITH"},{"data":"expansioncontent:QuickStudy","floor":13,"key":"SMITH"}],"circlet_count":0,"master_deck":["bronze:Strike","bronze:Strike","bronze:Strike","bronze:Defend","bronze:Defend","bronze:Defend","bronze:Defend","bronze:Replicate+1","bronze:Goto+1","bronze:DelayedSlice+1","bronze:Separator","bronze:Branch","bronze:WhirlingStrike","bronze:ChildClass","bronze:WhirlingStrike","expansioncontent:QuickStudy+1","bronze:GetLatest","bronze:Flail","bronze:ChosenStrike","bronze:Format"],"relics":["bronze:BronzeCore","Eternal Feather","bronze:SilverBullet","PreservedInsect"],"acts_visited":["Exordium"],"potions_floor_usage":[],"damage_taken":[{"damage":4,"enemies":"2 Louse","floor":2,"turns":4},{"damage":2,"enemies":"Small Slimes","floor":3,"turns":3},{"damage":0,"enemies":"Cultist","floor":4,"turns":2},{"damage":7,"enemies":"2 Fungi Beasts","floor":5,"turns":3},{"damage":3,"enemies":"Gremlin Nob","floor":6,"turns":3},{"damage":7,"enemies":"downfall:FleeingMerchant","floor":8,"turns":4},{"damage":8,"enemies":"Lagavulin","floor":10,"turns":6},{"damage":0,"enemies":"Large Slime","floor":12,"turns":3},{"damage":0,"enemies":"Exordium Thugs","floor":14,"turns":1},{"damage":0,"enemies":"Lots of Slimes","floor":15,"turns":1},{"damage":62,"enemies":"WA_ARCHETYPE_RETAIN","floor":16,"turns":10}],"seed_played":"8620110039697776467","potions_obtained":[{"floor":3,"key":"EssenceOfSteel"},{"floor":4,"key":"Strength Potion"},{"floor":5,"key":"SkillPotion"},{"floor":12,"key":"Regen Potion"}],"is_trial":false,"path_per_floor":["R","M","M","M","M","E","T","$","R","E","?","M","R","M","M","B"],"character_chosen":"THE_AUTOMATON","items_purchased":["expansioncontent:QuickStudy"],"campfire_rested":0,"item_purchase_floors":[8],"current_hp_per_floor":[70,66,64,64,57,54,54,47,56,48,48,48,57,57,57,0,0,0],"gold":124,"neow_bonus":"UPGRADE_CARD","is_daily":false,"chose_seed":false,"campfire_upgraded":3,"win_rate":0.0,"timestamp":1611544030,"path_taken":["R","M","M","M","M","E","T","$","R","E","?","M","R","M","M","BOSS"],"items_purchased_type":["Card"],"build_version":"2020-12-22","purchased_purges":0,"victory":false,"max_hp_per_floor":[70,70,70,70,70,70,70,70,70,70,70,70,70,70,70,70,70,70],"card_choices":[{"not_picked":["bronze:BugBarrage","bronze:DelayedGuard"],"picked":"bronze:DelayedSlice","floor":2},{"not_picked":["bronze:Invalidate","bronze:CutThrough"],"picked":"bronze:Separator","floor":3},{"not_picked":["bronze:FineTuning","bronze:Frontload"],"picked":"bronze:Branch","floor":4},{"not_picked":["bronze:MaxOutput","bronze:Overheat"],"picked":"bronze:WhirlingStrike","floor":5},{"not_picked":["bronze:BronzeArmor","bronze:BugBarrage"],"picked":"bronze:ChildClass","floor":6},{"not_picked":["bronze:Frontload","bronze:Branch"],"picked":"bronze:WhirlingStrike","floor":8},{"not_picked":["bronze:Frontload","bronze:DelayedSlice"],"picked":"bronze:GetLatest","floor":10},{"not_picked":["bronze:FineTuning","bronze:Frontload"],"picked":"bronze:Flail","floor":12},{"not_picked":["bronze:Frontload","bronze:CutThrough"],"picked":"bronze:ChosenStrike","floor":14},{"not_picked":["bronze:Deprecate","bronze:Shield"],"picked":"bronze:Format","floor":15}],"player_experience":315276,"relics_obtained":[{"floor":6,"key":"Eternal Feather"},{"floor":7,"key":"bronze:SilverBullet"},{"floor":10,"key":"PreservedInsect"}],"event_choices":[],"is_beta":false,"boss_relics":[],"items_purged_floors":[],"is_endless":false,"potions_floor_spawned":[3,4,5,12,14],"killed_by":"WA_ARCHETYPE_RETAIN","ascension_level":0}}