{"host":"hszimsrtxxc2k25w","time":1611619012,"event":{"mods":["AchievementEnabler","BaseMod","Colored Map","DeckTracker","Minty Spire (QoL Compilation)","Rare Cards Sparkle","SuperFastMode"],"gold_per_floor":[114,189,205,205,130,130,157,82,150,169,169,197,97,113,113,186,186,204,216,141,141,159,159,186,204,204,204,229,229,241,27,27,104,104,114,114,114,165,176,176,196,221,221,232,232,244,272,0,0,0],"floor_reached":51,"language":"KOR","playtime":1763,"items_purged":["Strike_G","Defend_G","Strike_G"],"score":1619,"play_id":"c4e8bc77-04be-462a-9741-304cfa3596e5","local_time":"20210126085652","is_ascension_mode":true,"campfire_choices":[{"data":"Apotheosis","floor":6.0,"key":"SMITH"},{"floor":15.0,"key":"REST"},{"floor":23.0,"key":"REST"},{"floor":27.0,"key":"REST"},{"floor":32.0,"key":"REST"},{"floor":40.0,"key":"REST"},{"floor":49.0,"key":"REST"}],"circlet_count":0,"master_deck":["AscendersBane","Strike_G","Defend_G","Defend_G","Defend_G","Survivor","Neutralize","Apotheosis+1","Poisoned Stab","Dagger Throw","Acrobatics","Masterful Stab","Adrenaline+1","A Thousand Cuts","Cloak And Dagger","Blade Dance","Finisher","Reflex","Accuracy+1","Footwork+1","Tools of the Trade+1","Dodge and Roll+1","Backflip+1"],"relics":["Ring of the Snake","Mercury Hourglass","Singing Bowl","Bag of Preparation","SacredBark","PreservedInsect","Frozen Egg 2","Blood Vial","Cursed Key","Shovel","Girya","War Paint","Red Mask"],"acts_visited":["Exordium","TheCity","TheBeyond"],"potions_floor_usage":[50],"damage_taken":[{"damage":1.0,"enemies":"2 Louse","floor":1.0,"turns":5.0},{"damage":4.0,"enemies":"Small Slimes","floor":3.0,"turns":3.0},{"damage":6.0,"enemies":"Gremlin Nob","floor":7.0,"turns":3.0},{"damage":0.0,"enemies":"Jaw Worm","floor":10.0,"turns":4.0},{"damage":9.0,"enemies":"Lagavulin","floor":12.0,"turns":4.0},{"damage":0.0,"enemies":"Gremlin Gang","floor":14.0,"turns":2.0},{"damage":0.0,"enemies":"Hexaghost","floor":16.0,"turns":8.0},{"damage":17.0,"enemies":"2 Thieves","floor":18.0,"turns":4.0},{"damage":0.0,"enemies":"3 Byrds","floor":19.0,"turns":2.0},{"damage":15.0,"enemies":"Shelled Parasite and Fungi","floor":22.0,"turns":3.0},{"damage":11.0,"enemies":"Slavers","floor":24.0,"turns":5.0},{"damage":17.0,"enemies":"Cultist and Chosen","floor":25.0,"turns":4.0},{"damage":0.0,"enemies":"Book of Stabbing","floor":28.0,"turns":1.0},{"damage":5.0,"enemies":"Snake Plant","floor":30.0,"turns":3.0},{"damage":59.0,"enemies":"Automaton","floor":33.0,"turns":9.0},{"damage":15.0,"enemies":"Orb Walker","floor":35.0,"turns":4.0},{"damage":26.0,"enemies":"2 Orb Walkers","floor":38.0,"turns":5.0},{"damage":9.0,"enemies":"3 Darklings","floor":39.0,"turns":3.0},{"damage":5.0,"enemies":"Sphere and 2 Shapes","floor":41.0,"turns":3.0},{"damage":2.0,"enemies":"Mind Bloom Boss Battle","floor":42.0,"turns":5.0},{"damage":15.0,"enemies":"Spire Growth","floor":44.0,"turns":5.0},{"damage":0.0,"enemies":"3 Darklings","floor":46.0,"turns":3.0},{"damage":0.0,"enemies":"Giant Head","floor":47.0,"turns":5.0},{"damage":38,"enemies":"Awakened One","floor":50,"turns":15}],"seed_played":"3585158617274258855","potions_obtained":[{"floor":12.0,"key":"Fire Potion"},{"floor":14.0,"key":"SmokeBomb"},{"floor":16.0,"key":"DistilledChaos"},{"floor":18.0,"key":"SneckoOil"},{"floor":30.0,"key":"BlessingOfTheForge"},{"floor":33.0,"key":"EssenceOfSteel"},{"floor":35.0,"key":"PowerPotion"},{"floor":39.0,"key":"EntropicBrew"},{"floor":44.0,"key":"Block Potion"}],"is_trial":false,"path_per_floor":["M","?","M","?","?","R","E","$","T","M","?","E","$","M","R","B",null,"M","M","?","?","M","R","E","M","T","R","E","?","M","$","R","B",null,"M","T","$","?","M","R","M","?","T","M","?","M","E","?","R","B",null],"character_chosen":"THE_SILENT","items_purchased":["Footwork+1"],"campfire_rested":6,"item_purchase_floors":[31],"current_hp_per_floor":[43,32,28,21,21,21,15,15,15,15,15,6,6,8,28,28,58,41,43,43,43,28,49,40,25,25,47,47,47,44,44,66,9,58,47,47,47,25,18,41,40,42,42,31,31,35,37,37,61,25],"gold":0,"neow_bonus":"RANDOM_COLORLESS_2","is_daily":false,"chose_seed":false,"campfire_upgraded":1,"win_rate":0.0,"timestamp":1611619012,"path_taken":["M","?","M","?","?","R","E","$","T","M","?","E","$","?","R","BOSS","M","?","?","?","M","R","E","M","T","R","E","?","M","$","R","BOSS","M","?","$","?","M","R","M","?","T","M","?","M","E","?","R","BOSS"],"items_purchased_type":["Card"],"build_version":"2020-12-22","purchased_purges":3,"victory":true,"max_hp_per_floor":[66,66,66,66,66,66,66,66,66,66,66,66,66,68,68,68,68,68,70,70,70,70,70,72,74,74,74,74,74,74,74,74,74,74,76,76,76,78,78,78,80,82,82,84,80,82,82,82,82,82],"card_choices":[{"not_picked":["Secret Technique","Panache"],"picked":"Apotheosis","floor":0.0},{"not_picked":["Deflect","Heel Hook"],"picked":"Poisoned Stab","floor":1.0},{"not_picked":["PiercingWail","Backflip"],"picked":"Dagger Throw","floor":3.0},{"not_picked":["Slice","Catalyst"],"picked":"Acrobatics","floor":7.0},{"not_picked":["Quick Slash","Expertise"],"picked":"Masterful Stab","floor":10.0},{"not_picked":["Well Laid Plans","Flying Knee"],"picked":"Adrenaline","floor":12.0},{"not_picked":["Finisher","Acrobatics","Cloak And Dagger"],"picked":"Singing Bowl","floor":14.0},{"not_picked":["Die Die Die","Burst"],"picked":"A Thousand Cuts","floor":16.0},{"not_picked":["Expertise","Well Laid Plans"],"picked":"Cloak And Dagger","floor":18.0},{"not_picked":["Deflect","Caltrops","Infinite Blades"],"picked":"Singing Bowl","floor":19.0},{"not_picked":["Dagger Throw","Blur"],"picked":"Finisher","floor":22.0},{"not_picked":["Concentrate+1","Deadly Poison+1","Flying Knee"],"picked":"Singing Bowl","floor":24.0},{"not_picked":["Distraction","Blade Dance","Dagger Spray"],"picked":"Singing Bowl","floor":25.0},{"not_picked":["Slice","Backflip"],"picked":"Reflex","floor":28.0},{"not_picked":["Deflect","Terror+1"],"picked":"Accuracy+1","floor":30.0},{"not_picked":["Die Die Die","Burst"],"picked":"Tools of the Trade+1","floor":33.0},{"not_picked":["Dagger Spray","Blade Dance","Poisoned Stab"],"picked":"Singing Bowl","floor":35.0},{"not_picked":["Blade Dance","Slice","Outmaneuver"],"picked":"Singing Bowl","floor":38.0},{"not_picked":["Dagger Throw","Outmaneuver+1"],"picked":"Dodge and Roll+1","floor":39.0},{"not_picked":["Deflect","Backflip","Bouncing Flask+1"],"picked":"Singing Bowl","floor":41.0},{"not_picked":["Underhanded Strike","Caltrops+1","Sucker Punch"],"picked":"Singing Bowl","floor":42.0},{"not_picked":["Burst","Deadly Poison+1","Dash"],"picked":"Singing Bowl","floor":44.0},{"not_picked":["Flechettes+1","Sucker Punch","Deadly Poison"],"picked":"Singing Bowl","floor":46.0},{"not_picked":["Calculated Gamble","Dagger Throw"],"picked":"Backflip","floor":47.0}],"player_experience":645007,"relics_obtained":[{"floor":7.0,"key":"Mercury Hourglass"},{"floor":9.0,"key":"Singing Bowl"},{"floor":12.0,"key":"Bag of Preparation"},{"floor":24.0,"key":"PreservedInsect"},{"floor":26.0,"key":"Frozen Egg 2"},{"floor":28.0,"key":"Blood Vial"},{"floor":38.0,"key":"Shovel"},{"floor":42.0,"key":"Girya"},{"floor":47.0,"key":"War Paint"}],"event_choices":[{"damage_healed":0.0,"max_hp_gain":0.0,"max_hp_loss":0.0,"gold_gain":75.0,"event_name":"World of Goop","player_choice":"Gather Gold","floor":2.0,"gold_loss":0.0,"damage_taken":11.0},{"cards_removed":["Strike_G"],"damage_healed":0.0,"max_hp_gain":0.0,"max_hp_loss":0.0,"gold_gain":0.0,"event_name":"Golden Wing","player_choice":"Card Removal","floor":4.0,"gold_loss":0.0,"damage_taken":7.0},{"cards_removed":["Defend_G"],"damage_healed":0.0,"max_hp_gain":0.0,"max_hp_loss":0.0,"gold_gain":0.0,"event_name":"The Cleric","player_choice":"Card Removal","floor":5.0,"gold_loss":75.0,"damage_taken":0.0},{"damage_healed":0.0,"max_hp_gain":0.0,"max_hp_loss":0.0,"gold_gain":0.0,"event_name":"Liars Game","player_choice":"Ignored","floor":11.0,"gold_loss":0.0,"damage_taken":0.0},{"cards_removed":["Strike_G"],"damage_healed":0.0,"max_hp_gain":0.0,"max_hp_loss":0.0,"gold_gain":0.0,"event_name":"Beggar","player_choice":"Gave Gold","floor":20.0,"gold_loss":75.0,"damage_taken":0.0},{"damage_healed":0.0,"max_hp_gain":0.0,"max_hp_loss":0.0,"gold_gain":0.0,"event_name":"The Library","player_choice":"Read","floor":21.0,"gold_loss":0.0,"damage_taken":0.0,"cards_obtained":["Blade Dance"]},{"damage_healed":0.0,"max_hp_gain":0.0,"max_hp_loss":0.0,"gold_gain":0.0,"event_name":"N\u0027loth","player_choice":"Ignored","floor":29.0,"gold_loss":0.0,"damage_taken":0.0},{"damage_healed":0.0,"max_hp_gain":0.0,"max_hp_loss":0.0,"gold_gain":0.0,"event_name":"Mysterious Sphere","player_choice":"Fight","floor":38.0,"gold_loss":0.0,"damage_taken":0.0},{"damage_healed":0.0,"max_hp_gain":0.0,"max_hp_loss":0.0,"gold_gain":0.0,"event_name":"MindBloom","player_choice":"Fight","floor":42.0,"gold_loss":0.0,"damage_taken":0.0},{"damage_healed":0.0,"max_hp_gain":0.0,"max_hp_loss":4.0,"gold_gain":0.0,"event_name":"Winding Halls","player_choice":"Max HP","floor":45.0,"gold_loss":0.0,"damage_taken":0.0},{"damage_healed":0.0,"max_hp_gain":0.0,"max_hp_loss":0.0,"gold_gain":0.0,"event_name":"Tomb of Lord Red Mask","player_choice":"Paid","floor":48.0,"gold_loss":272.0,"damage_taken":0.0,"relics_obtained":["Red Mask"]}],"is_beta":false,"boss_relics":[{"not_picked":["Busted Crown","Philosopher\u0027s Stone"],"picked":"SacredBark"},{"not_picked":["Tiny House","SlaversCollar"],"picked":"Cursed Key"}],"items_purged_floors":[8,13,31],"is_endless":false,"potions_floor_spawned":[12,14,16,18,22,30,33,35,39,44],"ascension_level":18}}