{"host":"bpkhhmvsfrvlto2l","time":1611592601,"event":{"mods":["2.2 Compatiblity","AchievementEnabler","Act Like it!","AlwaysNeverKeys","Aspiration","BaseMod","Better Silent Start","Challenge The Spire","Colored Map","Colored Powertips","Custom Start","Energized Spire","Friendly Minions","GifTheSpireLib","Halation","Hubris","Infinite Spire","Ironclad Rager","Mimic Mod","Minty Spire (QoL Compilation)","Permanent Neow","Quick Restart","Random Character Button","Relic Sorter","Replay The Spire","Spikes Relics","StSLib","Stuff the Spire","Swap Starting Deck Mod","Trackpad"],"gold_per_floor":[113,38,57,72,57,88,88,115,115,115,128,128,128,147,147,147,147],"floor_reached":16,"language":"ENG","playtime":405,"items_purged":["Strike_B"],"score":168,"play_id":"73f51d8b-0566-48d9-9b52-f8beb8485f02","local_time":"20210125113641","is_ascension_mode":true,"campfire_choices":[{"floor":7,"key":"REST"},{"data":"Redo","floor":10,"key":"SMITH"},{"floor":15,"key":"REST"}],"circlet_count":0,"master_deck":["AscendersBane","Strike_B","Strike_B","Strike_B","Defend_B","Defend_B","Defend_B","Defend_B","Zap+1","Dualcast","Redo+1","Ball Lightning","Ball Lightning"],"relics":["Cracked Core","Onion Ring","infinitespire:Beetle Shell","Lizard Tail","Golden Idol"],"acts_visited":["Exordium"],"potions_floor_usage":[6,8,8,16],"damage_taken":[{"damage":6,"enemies":"Cultist","floor":1,"turns":4},{"damage":0,"enemies":"2 Louse","floor":3,"turns":2},{"damage":0,"enemies":"Small Slimes","floor":4,"turns":3},{"damage":22,"enemies":"Exordium Thugs","floor":5,"turns":4},{"damage":20,"enemies":"3 Sentries","floor":6,"turns":4},{"damage":10,"enemies":"Gremlin Nob","floor":8,"turns":3},{"damage":0,"enemies":"Exordium Wildlife","floor":11,"turns":3},{"damage":9,"enemies":"Red Slaver","floor":14,"turns":3},{"damage":35,"enemies":"Fading Forest","floor":16,"turns":9}],"seed_played":"1887450914468324962","potions_obtained":[{"floor":1,"key":"FearPotion"},{"floor":5,"key":"Explosive Potion"},{"floor":6,"key":"Fire Potion"},{"floor":14,"key":"Death Potion"}],"is_trial":false,"path_per_floor":["M","$","M","M","M","E","R","E","T","R","M","?","$","M","R","B"],"character_chosen":"DEFECT","items_purchased":[],"campfire_rested":2,"item_purchase_floors":[],"current_hp_per_floor":[62,62,62,62,40,20,42,32,32,32,32,32,32,23,43,16,16],"gold":147,"neow_bonus":"UPGRADE_CARD","is_daily":false,"chose_seed":false,"campfire_upgraded":1,"win_rate":0.0,"timestamp":1611592601,"path_taken":["M","$","M","M","M","E","R","E","T","R","M","?","$","M","R","BOSS"],"items_purchased_type":[],"build_version":"2020-12-22","purchased_purges":1,"victory":false,"max_hp_per_floor":[75,75,75,75,75,75,75,75,75,75,75,69,69,69,69,69,69],"card_choices":[{"not_picked":["Turbo","Blizzard"],"picked":"Redo","floor":1},{"not_picked":["Go for the Eyes","Leap","Buffer"],"picked":"SKIP","floor":3},{"not_picked":["StuffTheSpire:LoadUp","Compile Driver"],"picked":"Ball Lightning","floor":4},{"not_picked":["BasicCrystalCard","Leap"],"picked":"Ball Lightning","floor":5},{"not_picked":["StuffTheSpire:LaunchingStrike","Reboot","ReplayTheSpireMod:Calculation Training"],"picked":"SKIP","floor":6},{"not_picked":["Chill","Streamline","Scrape"],"picked":"SKIP","floor":8},{"not_picked":["Double Energy","StuffTheSpire:LoadUp","Gash"],"picked":"SKIP","floor":11},{"not_picked":["StuffTheSpire:Coldhearted","Compile Driver","Redo"],"picked":"SKIP","floor":14}],"player_experience":110581,"relics_obtained":[{"floor":6,"key":"Onion Ring"},{"floor":8,"key":"infinitespire:Beetle Shell"},{"floor":9,"key":"Lizard Tail"}],"event_choices":[{"damage_healed":0,"gold_gain":0,"player_choice":"Lose Max HP","damage_taken":0,"relics_obtained":["Golden Idol"],"max_hp_gain":0,"max_hp_loss":6,"event_name":"Golden Idol","floor":12,"gold_loss":0}],"is_beta":false,"boss_relics":[],"items_purged_floors":[2],"is_endless":false,"potions_floor_spawned":[1,5,6,14],"killed_by":"Fading Forest","ascension_level":10}}