{"host":"vyjryxuuuxkt43k4","time":1611557458,"event":{"mods":["AchievementEnabler","BaseMod","Colored Map","DeckTracker","Keyboard Shortcuts","Minty Spire (QoL Compilation)","Permanent Neow","Quick Restart","Rare Cards Sparkle","StSLib","SuperFastMode","everything is the same but u backflip on backflip"],"gold_per_floor":[115,40,56,66,80,80,112,112,135,135,152,215,249,249,249,344,344,360,436,1,20,31,64,64,92,92,121,121,20,20,31,31,128,128,148,148,164,182,196,231,246,246,294,294,323,338,338,358,358,358,358,358,0,35,35,35],"floor_reached":55,"language":"KOR","playtime":4030,"items_purged":["Decay","Pain","Strike_G"],"score":1237,"play_id":"ff87b579-4474-425e-a77c-17db285f38e2","local_time":"20210125155058","is_ascension_mode":true,"campfire_choices":[{"data":"Masterful Stab","floor":6.0,"key":"SMITH"},{"floor":8.0,"key":"REST"},{"data":"Neutralize","floor":10.0,"key":"SMITH"},{"floor":15.0,"key":"REST"},{"floor":24.0,"key":"REST"},{"floor":28.0,"key":"REST"},{"floor":30.0,"key":"REST"},{"data":"Accuracy","floor":32.0,"key":"SMITH"},{"floor":44.0,"key":"REST"},{"floor":47.0,"key":"REST"},{"floor":49.0,"key":"RECALL"},{"data":"Tactician","floor":52.0,"key":"SMITH"}],"circlet_count":0,"master_deck":["AscendersBane","Strike_G","Strike_G","Defend_G+1","Defend_G","Defend_G","Defend_G","Survivor+1","Neutralize+1","Dagger Spray","Flechettes","Masterful Stab+1","PiercingWail","Blade Dance","Bouncing Flask","Quick Slash","Burst","Footwork","Catalyst+1","Dodge and Roll","Accuracy+1","Corpse Explosion","Crippling Poison","Wraith Form v2+1","Backflip+1","Choke+1","Blur+1","Dash+1","Skewer+1","Infinite Blades+1","Backflip","Prepared+1","Cloak And Dagger+1","Tactician+1","Predator+1","Bandage Up","Accuracy+1"],"relics":["Ring of the Snake","Du-Vu Doll","Ancient Tea Set","Toy Ornithopter","Boot","WarpedTongs","Philosopher\u0027s Stone","Membership Card","Shuriken","Bag of Marbles","War Paint","Red Mask","Letter Opener","Bottled Lightning","ClockworkSouvenir","Astrolabe","Gambling Chip","Art of War","CaptainsWheel","Snake Skull","Ornamental Fan","Akabeko"],"acts_visited":["Exordium","TheCity","TheBeyond","TheEnding"],"potions_floor_usage":[],"damage_taken":[{"damage":1.0,"enemies":"Cultist","floor":1.0,"turns":4.0},{"damage":0.0,"enemies":"Small Slimes","floor":3.0,"turns":2.0},{"damage":7.0,"enemies":"Jaw Worm","floor":4.0,"turns":4.0},{"damage":10.0,"enemies":"Red Slaver","floor":5.0,"turns":4.0},{"damage":44.0,"enemies":"Lagavulin","floor":7.0,"turns":8.0},{"damage":0.0,"enemies":"Large Slime","floor":11.0,"turns":3.0},{"damage":13.0,"enemies":"Gremlin Nob","floor":13.0,"turns":3.0},{"damage":25.0,"enemies":"Hexaghost","floor":16.0,"turns":10.0},{"damage":18.0,"enemies":"Spheric Guardian","floor":18.0,"turns":4.0},{"damage":2.0,"enemies":"Shell Parasite","floor":21.0,"turns":4.0},{"damage":20.0,"enemies":"Shelled Parasite and Fungi","floor":22.0,"turns":4.0},{"damage":8.0,"enemies":"Slavers","floor":23.0,"turns":4.0},{"damage":18.0,"enemies":"Masked Bandits","floor":25.0,"turns":4.0},{"damage":17.0,"enemies":"Gremlin Leader","floor":27.0,"turns":5.0},{"damage":0.0,"enemies":"Snake Plant","floor":31.0,"turns":1.0},{"damage":43.0,"enemies":"Collector","floor":33.0,"turns":7.0},{"damage":0.0,"enemies":"3 Darklings","floor":35.0,"turns":2.0},{"damage":0.0,"enemies":"3 Shapes","floor":37.0,"turns":1.0},{"damage":14.0,"enemies":"Writhing Mass","floor":38.0,"turns":6.0},{"damage":0.0,"enemies":"Jaw Worm Horde","floor":39.0,"turns":2.0},{"damage":11.0,"enemies":"Reptomancer","floor":40.0,"turns":7.0},{"damage":12.0,"enemies":"Sphere and 2 Shapes","floor":41.0,"turns":3.0},{"damage":0.0,"enemies":"Giant Head","floor":42.0,"turns":1.0},{"damage":16.0,"enemies":"Nemesis","floor":45.0,"turns":6.0},{"damage":16.0,"enemies":"Maw","floor":46.0,"turns":7.0},{"damage":16.0,"enemies":"Writhing Mass","floor":48.0,"turns":6.0},{"damage":10.0,"enemies":"Donu and Deca","floor":50.0,"turns":7.0},{"damage":40.0,"enemies":"Shield and Spear","floor":54.0,"turns":4.0},{"damage":36,"enemies":"The Heart","floor":55,"turns":3}],"seed_played":"373125728191128908","potions_obtained":[{"floor":4.0,"key":"Strength Potion"},{"floor":7.0,"key":"Weak Potion"},{"floor":13.0,"key":"LiquidMemories"},{"floor":18.0,"key":"LiquidBronze"},{"floor":27.0,"key":"Energy Potion"},{"floor":33.0,"key":"PowerPotion"},{"floor":37.0,"key":"ColorlessPotion"},{"floor":39.0,"key":"SmokeBomb"},{"floor":40.0,"key":"Explosive Potion"},{"floor":45.0,"key":"Energy Potion"},{"floor":48.0,"key":"BlessingOfTheForge"}],"is_trial":false,"path_per_floor":["M","$","M","M","M","R","E","R","T","R","M","?","E","?","R","B",null,"M","T","$","M","M","E","R","?","T","E","R","$","R","M","R","B",null,"M","?","M","M","M","E","M","E","T","R","E","M","R","M","R","B",null,"R","$","E","B"],"character_chosen":"THE_SILENT","items_purchased":["Membership Card","Shuriken","Bag of Marbles","DistilledChaos","ClockworkSouvenir","SpeedPotion","Snake Skull","Ornamental Fan","SteroidPotion","SkillPotion","Bandage Up"],"campfire_rested":7,"item_purchase_floors":[20,20,20,20,29,29,53,53,53,53,53],"current_hp_per_floor":[62,62,62,55,45,45,1,22,22,22,22,22,14,14,35,15,56,38,38,38,36,16,18,39,21,21,4,25,25,46,46,46,8,55,55,55,60,51,51,45,38,38,38,59,43,27,48,37,37,32,61,61,61,26,0,0],"gold":35,"neow_bonus":"ONE_RARE_RELIC","is_daily":false,"chose_seed":false,"campfire_upgraded":4,"win_rate":0.0,"timestamp":1611557458,"path_taken":["M","?","M","M","M","R","E","R","T","R","M","?","E","?","R","BOSS","M","?","$","M","M","E","R","?","T","E","R","?","R","M","R","BOSS","M","?","M","M","M","E","?","E","T","R","E","M","R","M","R","BOSS","R","$","E","BOSS"],"items_purchased_type":["Relic","Relic","Relic","Potion","Relic","Potion","Relic","Relic","Potion","Potion","Card"],"build_version":"2020-12-22","purchased_purges":3,"victory":false,"max_hp_per_floor":[70,70,70,70,70,70,70,70,70,70,70,70,70,70,70,70,70,70,70,70,70,70,70,70,70,70,70,70,70,70,70,70,70,70,70,70,70,70,70,70,70,70,70,70,70,70,70,70,70,70,70,70,70,70,70,70],"card_choices":[{"not_picked":["Prepared","Poisoned Stab"],"picked":"Dagger Spray","floor":1.0},{"not_picked":["Dagger Spray","Cloak And Dagger"],"picked":"Flechettes","floor":3.0},{"not_picked":["Blade Dance","Dagger Throw"],"picked":"Masterful Stab","floor":4.0},{"not_picked":["Finisher","Flying Knee"],"picked":"PiercingWail","floor":5.0},{"not_picked":["Flechettes","Choke"],"picked":"Blade Dance","floor":7.0},{"not_picked":["Underhanded Strike","Poisoned Stab"],"picked":"Bouncing Flask","floor":11.0},{"not_picked":["Bouncing Flask","Doppelganger"],"picked":"Quick Slash","floor":13.0},{"not_picked":["Unload","A Thousand Cuts"],"picked":"Burst","floor":16.0},{"not_picked":["Flying Knee","Outmaneuver"],"picked":"Footwork","floor":18.0},{"not_picked":["Backstab","Dodge and Roll+1"],"picked":"Catalyst+1","floor":21.0},{"not_picked":["Prepared","Bouncing Flask"],"picked":"Dodge and Roll","floor":22.0},{"not_picked":["Acrobatics","Crippling Poison"],"picked":"Accuracy","floor":23.0},{"not_picked":["Dodge and Roll","Masterful Stab"],"picked":"Corpse Explosion","floor":25.0},{"not_picked":["Backstab","Deadly Poison"],"picked":"Crippling Poison","floor":27.0},{"not_picked":["Prepared","Slice","Acrobatics"],"picked":"SKIP","floor":31.0},{"not_picked":["Night Terror","Glass Knife"],"picked":"Wraith Form v2","floor":33.0},{"not_picked":["Bane","Crippling Poison"],"picked":"Dash+1","floor":35.0},{"not_picked":["Terror","Underhanded Strike"],"picked":"Skewer+1","floor":37.0},{"not_picked":["Sucker Punch+1","Dagger Spray+1"],"picked":"Infinite Blades+1","floor":38.0},{"not_picked":["Sucker Punch+1","Bane+1"],"picked":"Backflip","floor":39.0},{"not_picked":["Quick Slash+1","Poisoned Stab"],"picked":"Prepared+1","floor":40.0},{"not_picked":["Poisoned Stab+1","Quick Slash"],"picked":"Cloak And Dagger+1","floor":41.0},{"not_picked":["Bane+1","Backstab+1"],"picked":"Tactician","floor":45.0},{"not_picked":["Prepared","Slice","Bullet Time"],"picked":"SKIP","floor":46.0},{"not_picked":["Outmaneuver+1","PiercingWail+1"],"picked":"Predator+1","floor":48.0},{"not_picked":["Corpse Explosion","Deadly Poison+1"],"picked":"Accuracy+1","floor":54.0}],"player_experience":316267,"relics_obtained":[{"floor":7.0,"key":"Ancient Tea Set"},{"floor":9.0,"key":"Toy Ornithopter"},{"floor":13.0,"key":"Boot"},{"floor":23.0,"key":"War Paint"},{"floor":25.0,"key":"Red Mask"},{"floor":26.0,"key":"Letter Opener"},{"floor":27.0,"key":"Bottled Lightning"},{"floor":40.0,"key":"Gambling Chip"},{"floor":43.0,"key":"Art of War"},{"floor":45.0,"key":"CaptainsWheel"},{"floor":54.0,"key":"Akabeko"}],"event_choices":[{"damage_healed":0.0,"max_hp_gain":0.0,"max_hp_loss":0.0,"gold_gain":63.0,"event_name":"Golden Wing","player_choice":"Gained Gold","floor":12.0,"gold_loss":0.0,"damage_taken":0.0},{"damage_healed":0.0,"max_hp_gain":0.0,"max_hp_loss":0.0,"gold_gain":0.0,"event_name":"Accursed Blacksmith","player_choice":"Rummage","floor":14.0,"gold_loss":0.0,"damage_taken":0.0,"relics_obtained":["WarpedTongs"],"cards_obtained":["Pain"]},{"damage_healed":0.0,"max_hp_gain":0.0,"max_hp_loss":0.0,"gold_gain":0.0,"event_name":"Masked Bandits","player_choice":"Fought Bandits","floor":25.0,"gold_loss":0.0,"damage_taken":0.0},{"damage_healed":0.0,"max_hp_gain":0.0,"max_hp_loss":0.0,"gold_gain":0.0,"event_name":"Upgrade Shrine","player_choice":"Upgraded","floor":36.0,"gold_loss":0.0,"damage_taken":0.0,"cards_upgraded":["Wraith Form v2"]}],"is_beta":false,"boss_relics":[{"not_picked":["Runic Dome","Black Star"],"picked":"Philosopher\u0027s Stone"},{"not_picked":["SlaversCollar","Empty Cage"],"picked":"Astrolabe"}],"items_purged_floors":[2,20,53],"is_endless":false,"potions_floor_spawned":[4,7,13,18,27,33,37,39,40,45,48],"killed_by":"The Heart","ascension_level":11}}