{"host":"o6rpelx2jpc8yies","time":1611538454,"event":{"mods":["BaseMod","Downfall","Minty Spire (QoL Compilation)","StSLib"],"gold_per_floor":[99,119,131,145,8,27,80,80,99,129,129,164,164,176,196,196,196,196],"floor_reached":16,"language":"ENG","playtime":959,"items_purged":["bronze:Strike"],"score":137,"play_id":"d83233f2-fc42-4834-94da-6f1d22d037dc","local_time":"20210124183414","is_ascension_mode":true,"campfire_choices":[{"floor":1,"key":"RECALL"},{"data":"bronze:OilSpill","floor":8,"key":"SMITH"}],"circlet_count":0,"master_deck":["bronze:Strike","bronze:Strike","bronze:Strike","bronze:Defend","bronze:Defend","bronze:Defend","bronze:Replicate","bronze:Goto","bronze:FineTuning+1","bronze:Constructor","bronze:Constructor","bronze:ChosenStrike","bronze:OilSpill+1","bronze:Iterate","bronze:BitShift","bronze:BronzeOrb","bronze:Philosophize","bronze:Separator","bronze:MaxOutput"],"relics":["bronze:BronzeCore","Centennial Puzzle","Mummified Hand"],"acts_visited":["Exordium"],"potions_floor_usage":[],"damage_taken":[{"damage":1,"enemies":"Cultist","floor":2,"turns":4},{"damage":9,"enemies":"Jaw Worm","floor":3,"turns":4},{"damage":0,"enemies":"Small Slimes","floor":4,"turns":3},{"damage":5,"enemies":"downfall:FleeingMerchant","floor":5,"turns":4},{"damage":4,"enemies":"2 Fungi Beasts","floor":6,"turns":3},{"damage":2,"enemies":"Exordium Wildlife","floor":9,"turns":4},{"damage":20,"enemies":"Lagavulin","floor":10,"turns":6},{"damage":7,"enemies":"Gremlin Nob","floor":12,"turns":3},{"damage":4,"enemies":"3 Louse","floor":14,"turns":2},{"damage":13,"enemies":"2 Fungi Beasts","floor":15,"turns":3},{"damage":24,"enemies":"DF_ARCHETYPE_STREAMLINE","floor":16,"turns":3}],"seed_played":"-3246362191540442746","potions_obtained":[{"floor":2,"key":"Strength Potion"},{"floor":6,"key":"LiquidBronze"},{"floor":10,"key":"Explosive Potion"}],"is_trial":false,"path_per_floor":["R","M","M","M","$","M","T","R","M","E","?","E","?","M","M","B"],"character_chosen":"THE_AUTOMATON","items_purchased":["bronze:OilSpill"],"campfire_rested":0,"item_purchase_floors":[5],"current_hp_per_floor":[77,76,67,67,62,58,58,58,56,36,36,29,29,25,12,0,0,0],"gold":196,"neow_bonus":"TEN_PERCENT_HP_BONUS","is_daily":false,"chose_seed":false,"campfire_upgraded":1,"win_rate":0.0,"timestamp":1611538454,"path_taken":["R","M","M","M","$","M","T","R","?","E","?","E","?","M","M","BOSS"],"items_purchased_type":["Card"],"build_version":"2020-12-22","purchased_purges":1,"victory":false,"max_hp_per_floor":[77,77,77,77,77,77,77,77,77,77,77,77,77,77,77,77,77,77],"card_choices":[{"not_picked":["bronze:FollowUp","bronze:Boost"],"picked":"bronze:FineTuning","floor":2},{"not_picked":["bronze:InfiniteBeams","bronze:ItsAFeature"],"picked":"bronze:Constructor","floor":3},{"not_picked":["bronze:BuggyMess","bronze:Frontload"],"picked":"bronze:Constructor","floor":4},{"not_picked":["bronze:Fortify","bronze:BuggyMess"],"picked":"bronze:ChosenStrike","floor":5},{"not_picked":["bronze:WhirlingStrike","bronze:Backtrace"],"picked":"bronze:Iterate","floor":6},{"not_picked":["bronze:Shield","bronze:CutThrough"],"picked":"bronze:BitShift","floor":9},{"not_picked":["bronze:Overheat","bronze:RecursiveStrike"],"picked":"bronze:BronzeOrb","floor":10},{"not_picked":["bronze:ChildClass","bronze:Allocate"],"picked":"bronze:Philosophize","floor":12},{"not_picked":["bronze:ItsAFeature","bronze:Constructor"],"picked":"bronze:Separator","floor":14},{"not_picked":["bronze:DelayedSlice","bronze:BuggyMess"],"picked":"bronze:MaxOutput","floor":15}],"player_experience":1876345,"relics_obtained":[{"floor":10,"key":"Centennial Puzzle"},{"floor":12,"key":"Mummified Hand"}],"event_choices":[{"damage_healed":0,"gold_gain":0,"player_choice":"Grow","damage_taken":0,"max_hp_gain":0,"max_hp_loss":0,"event_name":"Living Wall","floor":11,"gold_loss":0,"cards_upgraded":["bronze:FineTuning"]},{"cards_removed":["bronze:Defend"],"damage_healed":0,"gold_gain":0,"player_choice":"Card Removal","damage_taken":0,"max_hp_gain":0,"max_hp_loss":0,"event_name":"The Cleric","floor":13,"gold_loss":0}],"is_beta":false,"boss_relics":[],"items_purged_floors":[5],"is_endless":false,"potions_floor_spawned":[2,6,10,12,15],"killed_by":"DF_ARCHETYPE_STREAMLINE","ascension_level":4}}