{"host":"3c27c697js19kaoo","time":1611580609,"event":{"mods":["ATMod(°¢èªMod)","Aspiration","BaseMod","CapriCore","Dota2Spire","Hermit","Minty Spire (QoL Compilation)","Quick Restart","Replay The Spire","Spicy Shops","StSLib","The Alterego","The Cursed","The Marked","The Runesmith","The Servant 0.9.4","¡¾¹¦ÄÜMod¡¿»ìãçÖ®»·ÐÞ¸´²¹¶¡","¡¾ÒÅÎï¿¨ÅÆ¡¿REMEMod"],"gold_per_floor":[117,134,134,59,70,70,70,97,152,152,152,165,65,80,80,179,179,194,293,140,140,140,140,140,175,227,237,286,60,75,91,91,195,195,213,263,307,317,41,73,87,87,87,87,0,12,25,42,42,42],"floor_reached":51,"language":"ZHS","playtime":1347,"items_purged":["Voices","Regret","Doubt"],"score":797,"play_id":"f2c027e8-44c2-461d-9773-5087c4487a17","local_time":"20210125211649","is_ascension_mode":false,"campfire_choices":[{"data":"AT_MachinaRedman","floor":6,"key":"SMITH"},{"data":"Omniscience","floor":15,"key":"SMITH"},{"data":"Omniscience","floor":23,"key":"SMITH"},{"data":"Omniscience","floor":42,"key":"SMITH"},{"data":"AT_EmpoweredMortalDraw","floor":44,"key":"SMITH"},{"data":"Pot Of Greed","floor":49,"key":"SMITH"}],"circlet_count":0,"master_deck":["Strike_P+1","Strike_P+1","Strike_P+1","Strike_P+1","Defend_P+1","Defend_P+1","Defend_P+1","Defend_P+1","Eruption","Vigilance","AT_MachinaRedman+1","REME_Flogging+1","Madness+1","FlurryOfBlows","Omniscience+1","Pot Of Greed+1","Pot Of Greed+1","Omniscience+1","AT_EmpoweredMortalDraw+1","FlurryOfBlows","Omniscience+1","Crescendo+1","REME_MusicOfDeath+1"],"relics":["PureWater","REME_ComplimentaryCards","AT_ATBox","Ring of Fury","Ring of Misfortune","AT_GoldPhoenixTree","Grinning Jar","AT_RabadonDeathcap","Runesmith:Nanobots","AT_MortalBlade","War Paint","Darkstone Periapt","Blue Doll","Replay:Ringing Soul","REME_ChargedStone","Counterbalance","Iron Hammer","Membership Card","Kunai","Dota2Spire:Butterfly","AT_ImmortalShieldbow","Red Mask"],"acts_visited":["Exordium","TheCity","TheBeyond"],"potions_floor_usage":[16,28,33,33,50],"damage_taken":[{"damage":0,"enemies":"2 Louse","floor":1,"turns":1},{"damage":0,"enemies":"Jaw Worm","floor":2,"turns":1},{"damage":0,"enemies":"Small Slimes","floor":5,"turns":2},{"damage":0,"enemies":"3 Sentries","floor":8,"turns":2},{"damage":0,"enemies":"Red Slaver","floor":12,"turns":1},{"damage":4,"enemies":"Blue Slaver","floor":14,"turns":1},{"damage":46,"enemies":"The Guardian","floor":16,"turns":4},{"damage":4,"enemies":"Shell Parasite","floor":18,"turns":2},{"damage":0,"enemies":"Book of Stabbing","floor":25,"turns":2},{"damage":0,"enemies":"Chosen","floor":27,"turns":2},{"damage":0,"enemies":"Sentry and Sphere","floor":28,"turns":1},{"damage":0,"enemies":"Cultist and Chosen","floor":30,"turns":1},{"damage":0,"enemies":"Centurion and Healer","floor":31,"turns":2},{"damage":16,"enemies":"Champ","floor":33,"turns":4},{"damage":0,"enemies":"Orb Walker","floor":35,"turns":1},{"damage":0,"enemies":"Mind Bloom Boss Battle","floor":36,"turns":1},{"damage":0,"enemies":"3 Shapes","floor":38,"turns":1},{"damage":0,"enemies":"Reptomancer","floor":40,"turns":1},{"damage":0,"enemies":"Jaw Worm Horde","floor":41,"turns":1},{"damage":0,"enemies":"Maw","floor":46,"turns":2},{"damage":0,"enemies":"Transient","floor":47,"turns":5},{"damage":0,"enemies":"3 Darklings","floor":48,"turns":1},{"damage":4,"enemies":"Replay:Hell Engine","floor":50,"turns":2}],"seed_played":"7332951667845737781","potions_obtained":[{"floor":2,"key":"EssenceOfSteel"},{"floor":12,"key":"SteroidPotion"},{"floor":14,"key":"Regen Potion"},{"floor":16,"key":"Milkshake"},{"floor":25,"key":"LiquidMemories"},{"floor":27,"key":"REME_GoldPotion"},{"floor":33,"key":"Fruit Juice"},{"floor":47,"key":"Weak Potion"},{"floor":48,"key":"PowerPotion"}],"is_trial":false,"path_per_floor":["M","M","?","$","M","R","?","E","T","?","?","M","$","M","R","B",null,"M","?","$","?","?","R","?","E","T","M","M","$","M","M","R","B",null,"M","?","?","M","$","E","M","R","T","R","?","M","M","M","R","B",null],"character_chosen":"WATCHER","items_purchased":["War Paint","Replay:Ringing Soul","Membership Card","Kunai"],"campfire_rested":0,"item_purchase_floors":[20,29,39,39],"current_hp_per_floor":[72,72,72,72,72,72,72,72,72,72,72,72,72,68,68,33,72,68,68,68,68,68,68,68,68,68,68,68,77,77,77,81,73,89,89,89,52,52,52,55,55,55,55,55,55,58,58,58,58,54],"gold":42,"neow_bonus":"RANDOM_COLORLESS","is_daily":false,"chose_seed":false,"campfire_upgraded":6,"win_rate":0.0,"timestamp":1611580609,"path_taken":["M","M","?","$","M","R","?","E","T","?","?","?","$","M","R","BOSS","M","?","$","?","?","R","?","E","T","M","M","$","M","M","R","BOSS","M","?","?","M","$","E","M","R","T","R","?","M","M","M","R","BOSS"],"items_purchased_type":["Relic","Relic","Relic","Relic"],"build_version":"2020-12-22","purchased_purges":3,"victory":true,"max_hp_per_floor":[72,72,72,72,72,72,72,72,72,72,72,72,72,72,72,72,72,72,72,72,72,72,72,72,72,72,72,72,81,81,81,81,89,89,89,89,89,89,89,92,92,92,92,92,92,95,95,95,95,95],"card_choices":[{"not_picked":["Blind","Trip"],"picked":"Madness","floor":0},{"not_picked":["CrushJoints","JustLucky","Prostrate"],"picked":"SKIP","floor":1},{"not_picked":["PathToVictory","Evaluate"],"picked":"FlurryOfBlows","floor":2},{"not_picked":["REME_Repentance","Replay:ManipulateFuture","TalkToTheHand"],"picked":"SKIP","floor":5},{"not_picked":["BowlingBash","Nirvana"],"picked":"Omniscience","floor":8},{"not_picked":["ThirdEye","EmptyBody","TalkToTheHand"],"picked":"SKIP","floor":12},{"not_picked":["EmptyFist","Replay:Hum","ClearTheMind"],"picked":"SKIP","floor":14},{"not_picked":["REME_CRH","Replay:AllIn"],"picked":"Omniscience","floor":16},{"not_picked":["CutThroughFate+1","ReachHeaven","FlyingSleeves"],"picked":"SKIP","floor":18},{"not_picked":["Fasting2","Replay:ManipulateFuture+1","MentalFortress"],"picked":"SKIP","floor":25},{"not_picked":["CarveReality+1","JustLucky","CutThroughFate"],"picked":"SKIP","floor":27},{"not_picked":["Pray+1","REME_WorshipGod","WreathOfFlame"],"picked":"SKIP","floor":28},{"not_picked":["TalkToTheHand","FlyingSleeves","CutThroughFate"],"picked":"SKIP","floor":30},{"not_picked":["REME_Repentance","Prostrate","Replay:BluntJabs"],"picked":"SKIP","floor":31},{"not_picked":["Devotion","Ragnarok"],"picked":"Omniscience","floor":33},{"not_picked":["ThirdEye+1","Nirvana","TalkToTheHand+1"],"picked":"SKIP","floor":35},{"not_picked":["SignatureMove+1","CutThroughFate","Replay:BluntJabs+1"],"picked":"SKIP","floor":38},{"not_picked":["Protect","ClearTheMind"],"picked":"Crescendo+1","floor":40},{"not_picked":["FlyingSleeves","REME_WorshipGod","EmptyFist"],"picked":"SKIP","floor":41},{"not_picked":["JustLucky+1","PathToVictory+1"],"picked":"REME_MusicOfDeath+1","floor":46},{"not_picked":["SignatureMove+1","MentalFortress+1","PathToVictory"],"picked":"SKIP","floor":47},{"not_picked":["Replay:Battleflow","Halt","FlyingSleeves+1"],"picked":"SKIP","floor":48}],"player_experience":213175,"relics_obtained":[{"floor":3,"key":"Ring of Fury"},{"floor":3,"key":"Ring of Misfortune"},{"floor":8,"key":"AT_GoldPhoenixTree"},{"floor":9,"key":"Grinning Jar"},{"floor":25,"key":"Darkstone Periapt"},{"floor":26,"key":"Blue Doll"},{"floor":36,"key":"Counterbalance"},{"floor":37,"key":"Iron Hammer"},{"floor":40,"key":"Dota2Spire:Butterfly"},{"floor":43,"key":"AT_ImmortalShieldbow"}],"event_choices":[{"damage_healed":0,"gold_gain":0,"player_choice":"Grow","damage_taken":0,"max_hp_gain":0,"max_hp_loss":0,"event_name":"Living Wall","floor":7,"gold_loss":0,"cards_upgraded":["REME_Flogging"]},{"damage_healed":0,"gold_gain":0,"player_choice":"Box","damage_taken":0,"relics_obtained":["AT_RabadonDeathcap"],"max_hp_gain":0,"max_hp_loss":0,"event_name":"Big Fish","floor":10,"gold_loss":0,"cards_obtained":["Regret"]},{"damage_healed":0,"gold_gain":0,"player_choice":"Gave Potion","damage_taken":0,"relics_obtained":["Runesmith:Nanobots"],"max_hp_gain":0,"max_hp_loss":0,"event_name":"WeMeetAgain","floor":11,"gold_loss":0},{"damage_healed":0,"gold_gain":99,"player_choice":"Stole From Cult","damage_taken":0,"max_hp_gain":0,"max_hp_loss":0,"event_name":"Nest","floor":19,"gold_loss":0},{"damage_healed":0,"gold_gain":0,"player_choice":"Read","damage_taken":0,"max_hp_gain":0,"max_hp_loss":0,"event_name":"The Library","floor":21,"gold_loss":0,"cards_obtained":["FlurryOfBlows"]},{"damage_healed":0,"gold_gain":0,"player_choice":"Simplicity","damage_taken":0,"max_hp_gain":0,"max_hp_loss":0,"event_name":"Back to Basics","floor":22,"gold_loss":0,"cards_upgraded":["Strike_P","Strike_P","Strike_P","Strike_P","Defend_P","Defend_P","Defend_P"]},{"damage_healed":0,"gold_gain":0,"player_choice":"Ignored","damage_taken":0,"max_hp_gain":0,"max_hp_loss":0,"event_name":"Ghosts","floor":24,"gold_loss":0},{"damage_healed":0,"gold_gain":0,"player_choice":"Fight","damage_taken":0,"max_hp_gain":0,"max_hp_loss":0,"event_name":"MindBloom","floor":36,"gold_loss":0},{"damage_healed":0,"gold_gain":0,"player_choice":"Paid","damage_taken":0,"relics_obtained":["Red Mask"],"max_hp_gain":0,"max_hp_loss":0,"event_name":"Tomb of Lord Red Mask","floor":45,"gold_loss":87}],"is_beta":false,"boss_relics":[{"not_picked":["VioletLotus","Runic Dome"],"picked":"AT_MortalBlade"},{"not_picked":["Honey Jar","aspiration:RunesmithSkillbook"],"picked":"REME_ChargedStone"}],"items_purged_floors":[4,13,29],"is_endless":false,"potions_floor_spawned":[2,12,14,16,25,27,33,47,48],"ascension_level":0}}