{"host":"1tl36azeqm6yhdgj","time":1611587747,"event":{"mods":["AchievementEnabler","BaseMod","Minty Spire (QoL Compilation)","StSLib","The IronCluck","everything is the same but u backflip on backflip"],"gold_per_floor":[114,264,5,25,100,126,126,39,39,73,91,91,124,175,175,248,248,207,207,41,41,41,41],"floor_reached":22,"language":"ENG","playtime":921,"items_purged":["Doubt"],"score":434,"play_id":"37f0ff8f-0a98-484d-8620-89f5a730ebe2","local_time":"20210125101547","is_ascension_mode":true,"campfire_choices":[{"data":"Magnetism","floor":7.0,"key":"SMITH"},{"floor":15.0,"key":"REST"}],"circlet_count":0,"master_deck":["AscendersBane","Strike_R","Strike_R","Strike_R","Strike_R","Strike_R","Defend_R","Defend_R","Defend_R","Defend_R","Bash","Clothesline","Magnetism+1","Intimidate","Thunderclap","Fire Breathing","Burning Pact","Impervious","Ghostly Armor","Clash","Limit Break","Rage","Flex","Flame Barrier","Flex","Feed","Evolve"],"relics":["Burning Blood","NeowsBlessing","Shuriken","Kunai","Unceasing Top","MutagenicStrength"],"acts_visited":["Exordium","TheCity"],"potions_floor_usage":[22],"damage_taken":[{"damage":0.0,"enemies":"Small Slimes","floor":1.0,"turns":1.0},{"damage":0.0,"enemies":"Jaw Worm","floor":4.0,"turns":1.0},{"damage":0.0,"enemies":"3 Sentries","floor":6.0,"turns":2.0},{"damage":0.0,"enemies":"Cultist","floor":10.0,"turns":4.0},{"damage":19.0,"enemies":"Looter","floor":11.0,"turns":5.0},{"damage":15.0,"enemies":"Lagavulin","floor":13.0,"turns":8.0},{"damage":22.0,"enemies":"Lots of Slimes","floor":14.0,"turns":9.0},{"damage":58.0,"enemies":"Hexaghost","floor":16.0,"turns":13.0},{"damage":36.0,"enemies":"2 Thieves","floor":18.0,"turns":5.0},{"damage":52,"enemies":"Spheric Guardian","floor":22,"turns":5}],"seed_played":"-962509256420970533","potions_obtained":[{"floor":4.0,"key":"DistilledChaos"},{"floor":11.0,"key":"FearPotion"},{"floor":12.0,"key":"FearPotion"},{"floor":14.0,"key":"EssenceOfSteel"}],"is_trial":false,"path_per_floor":["M","?","$","M","?","E","R","$","T","M","M","?","E","M","R","B",null,"M","?","$","?","M"],"character_chosen":"IRONCLAD","items_purchased":["Magnetism","Fire Breathing","BloodPotion","Flex","Flame Barrier"],"campfire_rested":1,"item_purchase_floors":[3,8,20,20,20],"current_hp_per_floor":[74,74,74,75,64,70,70,70,70,75,62,62,53,37,59,7,58,28,28,28,28,0,0],"gold":41,"neow_bonus":"THREE_ENEMY_KILL","is_daily":false,"chose_seed":false,"campfire_upgraded":1,"win_rate":0.0,"timestamp":1611587747,"path_taken":["M","?","$","M","?","E","R","$","T","M","M","?","E","M","R","BOSS","M","?","$","?","?"],"items_purchased_type":["Card","Card","Potion","Card","Card"],"build_version":"2020-12-22","purchased_purges":1,"victory":false,"max_hp_per_floor":[75,75,75,75,75,75,75,75,75,75,75,75,75,75,75,75,75,75,75,75,75,75,75],"card_choices":[{"not_picked":["Warcry","Havoc"],"picked":"Clothesline","floor":1.0},{"not_picked":["Battle Trance","Perfected Strike"],"picked":"Intimidate","floor":4.0},{"not_picked":["Perfected Strike","Impervious"],"picked":"Thunderclap","floor":6.0},{"not_picked":["Warcry","Wild Strike"],"picked":"Burning Pact","floor":10.0},{"not_picked":["Iron Wave","Reckless Charge"],"picked":"Impervious","floor":11.0},{"not_picked":["Warcry","Uppercut"],"picked":"Ghostly Armor","floor":13.0},{"not_picked":["Sever Soul","Body Slam"],"picked":"Clash","floor":14.0},{"not_picked":["Brutality","Corruption"],"picked":"Limit Break","floor":16.0},{"not_picked":["Headbutt","Sever Soul"],"picked":"Rage","floor":18.0}],"player_experience":2043007,"relics_obtained":[{"floor":6.0,"key":"Shuriken"},{"floor":9.0,"key":"Kunai"},{"floor":13.0,"key":"Unceasing Top"}],"event_choices":[{"damage_healed":0.0,"max_hp_gain":0.0,"max_hp_loss":0.0,"gold_gain":150.0,"event_name":"Liars Game","player_choice":"AGREE","floor":2.0,"gold_loss":0.0,"damage_taken":0.0,"cards_obtained":["Doubt"]},{"damage_healed":0.0,"max_hp_gain":0.0,"max_hp_loss":0.0,"gold_gain":75.0,"event_name":"World of Goop","player_choice":"Gather Gold","floor":5.0,"gold_loss":0.0,"damage_taken":11.0},{"damage_healed":0.0,"max_hp_gain":0.0,"max_hp_loss":0.0,"gold_gain":0.0,"event_name":"Lab","player_choice":"Got Potions","floor":12.0,"gold_loss":0.0,"damage_taken":0.0},{"damage_healed":0.0,"max_hp_gain":0.0,"max_hp_loss":0.0,"gold_gain":0.0,"event_name":"Drug Dealer","player_choice":"Inject Mutagens","floor":19.0,"gold_loss":0.0,"damage_taken":0.0,"relics_obtained":["MutagenicStrength"]},{"damage_healed":0,"gold_gain":0,"player_choice":"3 cards matched","damage_taken":0,"max_hp_gain":0,"max_hp_loss":0,"event_name":"Match and Keep!","floor":21,"gold_loss":0,"cards_obtained":["Flex","Feed","Evolve"]}],"is_beta":false,"boss_relics":[{"not_picked":["Ectoplasm","Fusion Hammer","Philosopher\u0027s Stone"]}],"items_purged_floors":[3],"is_endless":false,"potions_floor_spawned":[4,11,14],"killed_by":"Spheric Guardian","ascension_level":20}}