{"host":"srk2drlvga69hbot","time":1611574057,"event":{"mods":["BaseMod","Bestiary","Block Reminder","Colored Map","Colored Powertips","Dark Map","DeckTracker","Highlight Path","Minty Spire (QoL Compilation)","Quick Restart","Rare Cards Sparkle","Relic Stats","SuperFastMode","Unceasing Turn Reminder"],"gold_per_floor":[113,113,63,63,75,110,110,110,110,127,138,138,138,154,154,154,154],"floor_reached":16,"language":"ZHS","playtime":1591,"items_purged":[],"score":131,"play_id":"983b7978-3031-493a-b77a-9399c3291ab0","local_time":"20210125192737","is_ascension_mode":true,"campfire_choices":[{"data":"White Noise","floor":8.0,"key":"SMITH"},{"data":"Zap","floor":12.0,"key":"SMITH"},{"floor":15.0,"key":"REST"}],"circlet_count":0,"master_deck":["Strike_B","Strike_B","Defend_B","Defend_B","Defend_B","Defend_B","Zap+1","Dualcast","BootSequence","White Noise+1","Decay","Gash"],"relics":["Cracked Core","NeowsBlessing","Meat on the Bone","HornCleat","Golden Idol"],"acts_visited":["Exordium"],"potions_floor_usage":[],"damage_taken":[{"damage":0.0,"enemies":"Small Slimes","floor":1.0,"turns":1.0},{"damage":0.0,"enemies":"2 Louse","floor":5.0,"turns":1.0},{"damage":0.0,"enemies":"3 Sentries","floor":6.0,"turns":2.0},{"damage":0.0,"enemies":"Cultist","floor":10.0,"turns":4.0},{"damage":2.0,"enemies":"Large Slime","floor":11.0,"turns":7.0},{"damage":0.0,"enemies":"Looter","floor":14.0,"turns":3.0},{"damage":71,"enemies":"Hexaghost","floor":16,"turns":11}],"seed_played":"-723177711927424745","potions_obtained":[{"floor":1.0,"key":"LiquidBronze"},{"floor":11.0,"key":"SkillPotion"},{"floor":14.0,"key":"CultistPotion"}],"is_trial":false,"path_per_floor":["M","?","?","?","M","E","?","R","T","M","M","R","?","M","R","B"],"character_chosen":"DEFECT","items_purchased":[],"campfire_rested":1,"item_purchase_floors":[],"current_hp_per_floor":[75,68,68,68,68,68,68,68,68,68,66,66,48,48,70,0,0],"gold":154,"neow_bonus":"THREE_ENEMY_KILL","is_daily":false,"chose_seed":false,"campfire_upgraded":2,"win_rate":0.0,"timestamp":1611574057,"path_taken":["M","?","?","?","M","E","?","R","T","?","M","R","?","M","R","BOSS"],"items_purchased_type":[],"build_version":"2020-12-22","purchased_purges":0,"victory":false,"max_hp_per_floor":[75,75,75,75,75,75,75,75,75,75,75,75,75,75,75,75,75],"relic_stats":{"counters":[7,29],"Golden Idol":3,"obtain_stats":[{"HornCleat":9,"NeowsBlessing":0,"Golden Idol":13,"Cracked Core":0,"Meat on the Bone":6},{"HornCleat":3,"NeowsBlessing":0,"Golden Idol":5,"Cracked Core":0,"Meat on the Bone":3},{"HornCleat":4,"NeowsBlessing":0,"Golden Idol":15,"Cracked Core":0,"Meat on the Bone":4}],"Meat on the Bone":0},"card_choices":[{"not_picked":["Chill","Steam"],"picked":"BootSequence","floor":1.0},{"not_picked":["Gash","Genetic Algorithm"],"picked":"White Noise","floor":5.0},{"not_picked":["Turbo","Chill","Stack"],"picked":"SKIP","floor":6.0},{"not_picked":["Compile Driver","Cold Snap","Blizzard"],"picked":"SKIP","floor":10.0},{"not_picked":["Coolheaded","Leap","Barrage"],"picked":"SKIP","floor":11.0},{"not_picked":["Compile Driver","Ball Lightning"],"picked":"Gash","floor":14.0}],"player_experience":252390,"relics_obtained":[{"floor":6.0,"key":"Meat on the Bone"},{"floor":9.0,"key":"HornCleat"}],"event_choices":[{"cards_removed":["Strike_B"],"damage_healed":0.0,"max_hp_gain":0.0,"max_hp_loss":0.0,"gold_gain":0.0,"event_name":"Golden Wing","player_choice":"Card Removal","floor":2.0,"gold_loss":0.0,"damage_taken":7.0},{"cards_removed":["Strike_B"],"damage_healed":0.0,"max_hp_gain":0.0,"max_hp_loss":0.0,"gold_gain":0.0,"event_name":"The Cleric","player_choice":"Card Removal","floor":3.0,"gold_loss":50.0,"damage_taken":0.0},{"damage_healed":0.0,"max_hp_gain":0.0,"max_hp_loss":0.0,"gold_gain":0.0,"event_name":"Shining Light","player_choice":"Ignored","floor":4.0,"gold_loss":0.0,"damage_taken":0.0},{"damage_healed":0.0,"max_hp_gain":0.0,"max_hp_loss":0.0,"gold_gain":0.0,"event_name":"Wheel of Change","player_choice":"Cursed","floor":7.0,"gold_loss":0.0,"damage_taken":0.0,"cards_obtained":["Decay"]},{"damage_healed":0.0,"max_hp_gain":0.0,"max_hp_loss":0.0,"gold_gain":0.0,"event_name":"Golden Idol","player_choice":"Take Damage","floor":13.0,"gold_loss":0.0,"damage_taken":18.0,"relics_obtained":["Golden Idol"]}],"is_beta":false,"boss_relics":[],"items_purged_floors":[],"is_endless":false,"potions_floor_spawned":[1,11,14],"killed_by":"Hexaghost","ascension_level":1}}