{"host":"d4km6p8r92tm3vpl","time":1611615544,"event":{"mods":["AchievementEnabler","BaseMod","Colored Map","Colored Powertips","DeckTracker","Minty Spire (QoL Compilation)","Relic Stats","StSLib"],"gold_per_floor":[116,131,148,164,183,183,108,108,108,208,220,248,266,283,283,283,283],"floor_reached":16,"language":"ENG","playtime":564,"items_purged":["Strike_P"],"score":159,"play_id":"183c716f-99f8-4230-b1c2-74e98da651f4","local_time":"20210125175904","is_ascension_mode":true,"campfire_choices":[{"data":"BattleHymn","floor":6,"key":"SMITH"},{"data":"Eruption","floor":8,"key":"SMITH"},{"data":"Tantrum","floor":15,"key":"SMITH"}],"circlet_count":0,"master_deck":["AscendersBane","Strike_P","Strike_P","Strike_P","Defend_P","Defend_P","Defend_P","Defend_P","Eruption+1","Vigilance","FlurryOfBlows","BowlingBash","BattleHymn+1","MentalFortress","Tantrum+1"],"relics":["PureWater","Regal Pillow","Happy Flower"],"acts_visited":["Exordium"],"potions_floor_usage":[14,16,16],"damage_taken":[{"damage":2,"enemies":"Small Slimes","floor":1,"turns":4},{"damage":0,"enemies":"Cultist","floor":2,"turns":4},{"damage":0,"enemies":"Jaw Worm","floor":3,"turns":2},{"damage":1,"enemies":"Exordium Thugs","floor":4,"turns":5},{"damage":0,"enemies":"Looter","floor":5,"turns":2},{"damage":7,"enemies":"Exordium Wildlife","floor":11,"turns":3},{"damage":4,"enemies":"Lagavulin","floor":12,"turns":5},{"damage":16,"enemies":"Blue Slaver","floor":13,"turns":4},{"damage":10,"enemies":"Lots of Slimes","floor":14,"turns":3},{"damage":34,"enemies":"The Guardian","floor":16,"turns":4}],"seed_played":"-4813852658467669870","potions_obtained":[{"floor":2,"key":"Explosive Potion"},{"floor":4,"key":"PowerPotion"},{"floor":11,"key":"Weak Potion"}],"is_trial":false,"path_per_floor":["M","M","M","M","M","R","$","R","T","?","M","E","M","M","R","B"],"character_chosen":"WATCHER","items_purchased":[],"campfire_rested":0,"item_purchase_floors":[],"current_hp_per_floor":[70,70,70,69,69,69,69,69,69,69,62,58,42,32,32,0,0],"gold":283,"neow_bonus":"TEN_PERCENT_HP_BONUS","is_daily":false,"chose_seed":false,"campfire_upgraded":3,"win_rate":0.0,"timestamp":1611615544,"path_taken":["M","M","M","M","M","R","$","R","T","?","M","E","?","M","R","BOSS"],"items_purchased_type":[],"build_version":"2020-12-22","purchased_purges":1,"victory":false,"max_hp_per_floor":[79,79,79,79,79,79,79,79,79,79,79,79,79,79,79,79,79],"relic_stats":{"Regal Pillow":0,"Happy Flower":[3],"counters":[10,36],"obtain_stats":[{"Regal Pillow":9,"Happy Flower":12,"PureWater":0},{"Regal Pillow":5,"Happy Flower":7,"PureWater":0},{"Regal Pillow":17,"Happy Flower":25,"PureWater":0}]},"card_choices":[{"not_picked":["JustLucky","Vengeance"],"picked":"FlurryOfBlows","floor":1},{"not_picked":["EmptyBody","PathToVictory"],"picked":"BowlingBash","floor":2},{"not_picked":["ThirdEye","Nirvana","Vengeance"],"picked":"SKIP","floor":3},{"not_picked":["SpiritShield","ThirdEye","Crescendo"],"picked":"SKIP","floor":4},{"not_picked":["EmptyFist","CrushJoints"],"picked":"BattleHymn","floor":5},{"not_picked":["LikeWater","EmptyFist"],"picked":"MentalFortress","floor":11},{"not_picked":["Devotion","Collect"],"picked":"Tantrum","floor":12},{"not_picked":["JustLucky","ClearTheMind","Halt"],"picked":"SKIP","floor":13},{"not_picked":["ClearTheMind","Worship","Tantrum"],"picked":"SKIP","floor":14}],"player_experience":831016,"relics_obtained":[{"floor":9,"key":"Regal Pillow"},{"floor":12,"key":"Happy Flower"}],"event_choices":[{"damage_healed":0,"gold_gain":100,"player_choice":"Pray","damage_taken":0,"max_hp_gain":0,"max_hp_loss":0,"event_name":"Golden Shrine","floor":10,"gold_loss":0}],"is_beta":false,"boss_relics":[],"items_purged_floors":[7],"is_endless":false,"potions_floor_spawned":[2,4,11,12,13],"killed_by":"The Guardian","ascension_level":10}}