{"host":"zx8rmvlb08usbkpl","time":1611544699,"event":{"mods":["BaseMod","BetterRewards","Colored Powertips","Dota2Spire","Downfall","GifTheSpireLib","Marisa????????","Minty Spire (QoL Compilation)","Quick Restart","StSLib","Stuff the Spire","The Bug Knight","The Senshi"],"gold_per_floor":[115,290,113,133,133,133,133,133,133,33,49,49,49,63,63,63,63],"floor_reached":16,"language":"ENG","playtime":317,"items_purged":["Doubt","StuffTheSpire:CuriosityCurse"],"score":88,"play_id":"87bb43bc-7bd2-48f2-930b-53ff85c4286d","local_time":"20210124221819","is_ascension_mode":false,"campfire_choices":[{"data":"Armaments","floor":6,"key":"SMITH"},{"data":"Pommel Strike","floor":8,"key":"SMITH"},{"data":"Shrug It Off","floor":15,"key":"SMITH"}],"circlet_count":0,"master_deck":["Strike_R","Strike_R","Defend_R","Defend_R","Defend_R","Defend_R","Bash","StuffTheSpire:Slingshot","Pommel Strike+1","Armaments+1","Shrug It Off+1","Sever Soul","Injury","Sentinel"],"relics":["Burning Blood","Dota2Spire:MantaStyle","Golden Idol"],"acts_visited":["Exordium"],"potions_floor_usage":[16,16],"damage_taken":[{"damage":0,"enemies":"2 Louse","floor":1,"turns":3},{"damage":6,"enemies":"Jaw Worm","floor":4,"turns":3},{"damage":0,"enemies":"Small Slimes","floor":11,"turns":3},{"damage":10,"enemies":"Looter","floor":14,"turns":3},{"damage":67,"enemies":"Slime Boss","floor":16,"turns":10}],"seed_played":"-2698028244560147337","potions_obtained":[{"floor":4,"key":"AttackPotion"},{"floor":11,"key":"LiquidMemories"}],"is_trial":false,"path_per_floor":["M","?","$","M","?","R","?","R","T","$","M","?","$","M","R","B"],"character_chosen":"IRONCLAD","items_purchased":["Pommel Strike","Armaments"],"campfire_rested":0,"item_purchase_floors":[3,3],"current_hp_per_floor":[62,62,62,62,62,62,62,62,62,62,68,68,68,64,64,0,0],"gold":63,"neow_bonus":"REMOVE_TWO","is_daily":false,"chose_seed":false,"campfire_upgraded":3,"win_rate":0.0,"timestamp":1611544699,"path_taken":["M","?","$","M","?","R","?","R","T","$","M","?","?","M","R","BOSS"],"items_purchased_type":["Card","Card"],"build_version":"2020-12-22","purchased_purges":2,"victory":false,"max_hp_per_floor":[80,80,80,80,80,80,80,80,80,80,80,80,80,80,80,80,80],"card_choices":[{"not_picked":["Headbutt","StuffTheSpire:Incineration"],"picked":"StuffTheSpire:Slingshot","floor":1},{"not_picked":["Perfected Strike","Combust"],"picked":"Shrug It Off","floor":4},{"not_picked":["Warcry","Sword Boomerang","Body Slam"],"picked":"SKIP","floor":11},{"not_picked":["Headbutt","Thunderclap"],"picked":"Sentinel","floor":14}],"player_experience":973436,"relics_obtained":[],"event_choices":[{"damage_healed":0,"gold_gain":175,"player_choice":"AGREE","damage_taken":0,"max_hp_gain":0,"max_hp_loss":0,"event_name":"Liars Game","floor":2,"gold_loss":0,"cards_obtained":["Doubt"]},{"damage_healed":0,"gold_gain":0,"cards_transformed":["Strike_R"],"player_choice":"Change","damage_taken":0,"max_hp_gain":0,"max_hp_loss":0,"event_name":"Living Wall","floor":7,"gold_loss":0,"cards_obtained":["Sever Soul"]},{"damage_healed":0,"gold_gain":0,"player_choice":"Take Wound","damage_taken":0,"relics_obtained":["Golden Idol"],"max_hp_gain":0,"max_hp_loss":0,"event_name":"Golden Idol","floor":12,"gold_loss":0,"cards_obtained":["Injury"]}],"is_beta":false,"boss_relics":[],"items_purged_floors":[3,10],"is_endless":false,"potions_floor_spawned":[4,11],"killed_by":"Slime Boss","ascension_level":0}}