{"host":"s9n53dspxjwkh5no","time":1611540834,"event":{"mods":["AchievementEnabler","Aspiration","Bard","BaseMod","Beaked The Cultist","Better Altar","Better Match","Better Note","Better Sensory Stone","Better Skull","Better Third Choice","BetterRewards","Colored Map","Colored Powertips","Conspire","Dio Mod","Disable Question Mark Monsters","Downfall","Energized Spire","Halation","Hermit","Hubris","Jorbs\u0027s Wanderer Trilogy","Koishi","Marisa????????","Marked Mod","Melee Mod","Minty Spire (QoL Compilation)","Permanent Neow","Quarter Circle Forward PUNCH!","Quick Restart","RRrroohrrRGHHhhh!!","Random Character Button","Rare Cards Sparkle","Reimu??????","Relic Stats","Remilia??????","Replay The Spire","Shade Mod","Small Relic Pack","Spicy Shops","Spire Arcade","StSLib","The Animator","The Bug Knight","The Construct","The Disciple","The Hierophant","The Mystic","The Problem Sleuth","The Runesmith","The Senshi","The Servant 0.9.4","The Valiant","The Wild Card","TheBandit","TheVacant","Wandering Minibosses"],"gold_per_floor":[119,119,119,132,146,179,179,195,195,215,235,235,249,303,402,402,421,521,521,521,521,605,605,559,559,559,559,37,61,61,61,61],"floor_reached":33,"language":"ENG","playtime":974,"items_purged":[],"score":263,"play_id":"6f8a374c-ae58-4288-85e2-2effba53d3a5","local_time":"20210124191354","is_ascension_mode":false,"campfire_choices":[{"data":"theWildCard:Metatron","floor":7,"key":"SMITH"},{"floor":25,"key":"REST"},{"floor":27,"key":"REST"},{"data":"FlurryOfBlows","floor":29,"key":"SMITH"}],"circlet_count":0,"master_deck":["Strike_P","Strike_P","Strike_P","Strike_P","Defend_P","Defend_P","Defend_P","Defend_P","Eruption","Vigilance","Pray","theWildCard:Metatron+1","rorgmod:Follow-Up","Consecrate","FlurryOfBlows+1","ThirdEye","DevaForm+1","JustLucky","EmptyFist","Ragnarok","ForeignInfluence","Worship","CutThroughFate+1","Replay:Hum","Consecrate","Consecrate","Brilliance"],"relics":["PureWater","NeowsBlessing","hubris:Teleporter","Frozen Egg 2","relicPack:OneForAll","hubris:VirtuousBlindfold","Pet Ghost","conspire:DecoderRing","Blood Vial","relicPack:InfinityGauntlet","construct:FoamFinger","hubris:SphereOfDissonance","hubris:BottledHeart"],"acts_visited":["Exordium","TheCity"],"potions_floor_usage":[16],"damage_taken":[{"damage":0.0,"enemies":"Cultist","floor":1.0,"turns":1.0},{"damage":0,"enemies":"Small Slimes","floor":4,"turns":1},{"damage":0,"enemies":"Jaw Worm","floor":5,"turns":1},{"damage":18,"enemies":"3 Sentries","floor":6,"turns":3},{"damage":0,"enemies":"Gremlin Gang","floor":8,"turns":1},{"damage":0,"enemies":"Blue Slaver","floor":11,"turns":1},{"damage":8,"enemies":"Looter","floor":12,"turns":3},{"damage":0,"enemies":"Lots of Slimes","floor":14,"turns":2},{"damage":19,"enemies":"Slime Boss","floor":16,"turns":7},{"damage":27,"enemies":"2 Thieves","floor":18,"turns":3},{"damage":18,"enemies":"Spheric Guardian","floor":26,"turns":7},{"damage":20,"enemies":"conspire:SneckoGhost","floor":31,"turns":6},{"damage":0,"enemies":"conspire:HollyBat","floor":33,"turns":1}],"seed_played":"2354967502382997170","potions_obtained":[{"floor":1.0,"key":"EssenceOfSteel"},{"floor":8,"key":"Reflective Coating"},{"floor":11,"key":"BlessingOfTheForge"},{"floor":12,"key":"GrandPatriotsElixir:ReiMu"},{"floor":23,"key":"hexamod:SoulburnPotion"}],"is_trial":false,"path_per_floor":["M","?","?","M","M","E","R","M","T","M","M","?","M","R_BF","B",null,"M","?","PTL","PTL","?","?","R","M","R","T","R","$","E","?","M"],"character_chosen":"WATCHER","items_purchased":["Blood Vial","relicPack:InfinityGauntlet","construct:FoamFinger","Consecrate"],"campfire_rested":2,"item_purchase_floors":[30,30,30,30],"current_hp_per_floor":[72,72,72,72,72,54,54,54,54,54,46,46,46,46,27,72,45,45,45,45,45,17,38,20,41,41,41,41,23,1,1,1],"gold":61,"neow_bonus":"THREE_ENEMY_KILL","is_daily":false,"chose_seed":false,"campfire_upgraded":2,"win_rate":0.0,"timestamp":1611540834,"path_taken":["M","?","?","M","M","E","R","?","T","?","M","?","M","R_BF","BOSS","M","?","PTL","PTL","?","?","R","M","R","T","R","$","E","?","M"],"items_purchased_type":["Relic","Relic","Relic","Card"],"build_version":"2020-12-22","purchased_purges":0,"victory":false,"max_hp_per_floor":[72,72,72,72,72,72,72,72,72,72,72,72,72,72,72,72,72,72,72,72,72,72,72,72,72,72,72,72,72,1,1,1],"relic_stats":{"Blood Vial":2,"counters":[13,37],"obtain_stats":[{"hubris:Teleporter":6,"construct:FoamFinger":30,"NeowsBlessing":0,"hubris:VirtuousBlindfold":17,"hubris:SphereOfDissonance":31,"Frozen Egg 2":9,"Pet Ghost":23,"relicPack:InfinityGauntlet":30,"relicPack:OneForAll":13,"Blood Vial":30,"hubris:BottledHeart":32,"conspire:DecoderRing":28,"PureWater":0},{"hubris:Teleporter":4,"construct:FoamFinger":11,"NeowsBlessing":0,"hubris:VirtuousBlindfold":9,"hubris:SphereOfDissonance":12,"Frozen Egg 2":5,"Pet Ghost":10,"relicPack:InfinityGauntlet":11,"relicPack:OneForAll":7,"Blood Vial":11,"hubris:BottledHeart":12,"conspire:DecoderRing":11,"PureWater":0},{"hubris:Teleporter":6,"construct:FoamFinger":30,"NeowsBlessing":0,"hubris:VirtuousBlindfold":20,"hubris:SphereOfDissonance":36,"Frozen Egg 2":7,"Pet Ghost":23,"relicPack:InfinityGauntlet":30,"relicPack:OneForAll":11,"Blood Vial":30,"hubris:BottledHeart":36,"conspire:DecoderRing":30,"PureWater":0}]},"card_choices":[{"not_picked":["InnerPeace","FlyingSleeves"],"picked":"Pray","floor":1.0},{"not_picked":["Replay:Battleflow","Protect"],"picked":"rorgmod:Follow-Up","floor":4},{"not_picked":["FlyingSleeves","Protect"],"picked":"Consecrate","floor":5},{"not_picked":["Perseverance","ClearTheMind"],"picked":"FlurryOfBlows","floor":6},{"not_picked":["Wireheading","Evaluate"],"picked":"ThirdEye","floor":8},{"not_picked":["FlyingSleeves","Worship"],"picked":"DevaForm+1","floor":11},{"not_picked":["Meditate","rorgmod:Follow-Up"],"picked":"JustLucky","floor":12},{"not_picked":["ClearTheMind","Replay:ManipulateFuture"],"picked":"EmptyFist","floor":14},{"not_picked":["Replay:AllIn","DevaForm+1"],"picked":"Ragnarok","floor":16},{"not_picked":["MarkedMod:Acupuncture","Replay:AtTheReady+1"],"picked":"ForeignInfluence","floor":18},{"not_picked":["Prostrate+1","Crescendo+1"],"picked":"CutThroughFate+1","floor":23},{"not_picked":["Adaptation+1","FlurryOfBlows+1"],"picked":"Replay:Hum","floor":26},{"not_picked":["Pray","SashWhip"],"picked":"Brilliance","floor":31}],"player_experience":384096,"relics_obtained":[{"floor":6,"key":"hubris:Teleporter"},{"floor":9,"key":"Frozen Egg 2"},{"floor":23,"key":"Pet Ghost"},{"floor":28,"key":"conspire:DecoderRing"},{"floor":31,"key":"hubris:SphereOfDissonance"}],"event_choices":[{"damage_healed":0,"gold_gain":100,"player_choice":"Pray","damage_taken":0,"max_hp_gain":0,"max_hp_loss":0,"event_name":"Golden Shrine","floor":19,"gold_loss":0},{"cards_removed":["theWildCard:Metatron"],"damage_healed":0,"gold_gain":0,"player_choice":"Take \u0026 Give","damage_taken":0,"max_hp_gain":0,"max_hp_loss":0,"event_name":"betterNote:BetterNote","floor":22,"gold_loss":0,"cards_obtained":["Worship"]}],"is_beta":false,"boss_relics":[{"not_picked":["ChewingGum","Runesmith:UraniumAnvil"],"picked":"hubris:VirtuousBlindfold"}],"items_purged_floors":[],"is_endless":false,"potions_floor_spawned":[1,8,11,12,26],"killed_by":"conspire:HollyBat","ascension_level":0}}