{"host":"ooa7gbxz3ilj1hm6","time":1611559443,"event":{"mods":["BaseMod","Colored Map","Downfall","Highlight Path","Minty Spire (QoL Compilation)","StSLib"],"gold_per_floor":[99,110,130,130,130,130,130,40,60,92,103,88,98,34,53,157,157,157,173,192,212,43,72,72,72,91,108,125,125,145,130,143,240,240,240,258,258,268,284,298,323,8,58,58,87,87,103,81,93,93,93,93],"floor_reached":50,"language":"ENG","playtime":3936,"items_purged":["downfall:Haunted","Doubt"],"score":675,"play_id":"68096c41-ba22-49bb-91c9-bb6583dae759","local_time":"20210125002403","is_ascension_mode":false,"campfire_choices":[{"data":"Slimebound:DuplicatedForm","floor":1,"key":"SMITH"},{"data":"Slimebound:Split","floor":6,"key":"SMITH"},{"data":"Slimebound:ServeAndProtect","floor":18,"key":"SMITH"},{"floor":35,"key":"RECALL"},{"data":"Slimebound:MinionMaster","floor":46,"key":"SMITH"}],"circlet_count":0,"master_deck":["Slimebound:Strike_Slimebound","Slimebound:Strike_Slimebound","Slimebound:Strike_Slimebound","Slimebound:Tackle","Slimebound:Defend_Slimebound","Slimebound:Defend_Slimebound","Slimebound:Defend_Slimebound","Slimebound:Defend_Slimebound","Slimebound:Split+1","Slimebound:CorrosiveSpit","Slimebound:DuplicatedForm+1","Slimebound:SplitMire","Slimebound:SelfFormingGoo","Slimebound:LeadByExample","Slimebound:ServeAndProtect+1","Slimebound:SlimeSpikes","Slimebound:LeechLife","Slimebound:SplitAcid","Slimebound:SplitAcid","Slimebound:Teamwork","Slimebound:PressTheAttack+1","Slimebound:SplitLeeching+1","Slimebound:SplitLeeching","Slimebound:LevelUp","Slimebound:LeechEnergy","Slimebound:SplitBruiser","Slimebound:MinionMaster+1","Slimebound:DisruptingSlam","Slimebound:SplitAcid","downfall:Aged","Slimebound:SplitAcid","Slimebound:SlimeBarrage","Slimebound:SlimeBarrage","Slimebound:SpikyOuterGoop"],"relics":["Slimebound:AbsorbEndCombat","downfall:ExtraCursedKey","Ornamental Fan","Black Star","Anchor","Omamori","MealTicket","HornCleat","Torii","Sozu","FossilizedHelix","Pocketwatch","Oddly Smooth Stone","Bird Faced Urn","Mummified Hand"],"acts_visited":["Exordium","TheCity","TheBeyond"],"potions_floor_usage":[20,22,33,39,50],"damage_taken":[{"damage":0,"enemies":"2 Louse","floor":2,"turns":4},{"damage":26,"enemies":"Jaw Worm","floor":3,"turns":4},{"damage":25,"enemies":"downfall:FleeingMerchant","floor":8,"turns":4},{"damage":27,"enemies":"Small Slimes","floor":9,"turns":3},{"damage":20,"enemies":"Lagavulin","floor":10,"turns":5},{"damage":26,"enemies":"Blue Slaver","floor":11,"turns":4},{"damage":5,"enemies":"downfall:FleeingMerchant","floor":12,"turns":4},{"damage":0,"enemies":"2 Fungi Beasts","floor":13,"turns":4},{"damage":30,"enemies":"downfall:FleeingMerchant","floor":14,"turns":4},{"damage":9,"enemies":"Lots of Slimes","floor":15,"turns":4},{"damage":15,"enemies":"SI_SHIV_ARCHETYPE","floor":16,"turns":7},{"damage":23,"enemies":"Shell Parasite","floor":19,"turns":7},{"damage":22,"enemies":"Spheric Guardian","floor":20,"turns":5},{"damage":29,"enemies":"3 Cultists","floor":21,"turns":5},{"damage":20,"enemies":"downfall:FleeingMerchant","floor":22,"turns":4},{"damage":29,"enemies":"Gremlin Leader","floor":23,"turns":8},{"damage":23,"enemies":"Cultist and Chosen","floor":26,"turns":6},{"damage":6,"enemies":"Snake Plant","floor":27,"turns":4},{"damage":0,"enemies":"Snecko","floor":28,"turns":6},{"damage":12,"enemies":"Sentry and Sphere","floor":30,"turns":5},{"damage":7,"enemies":"downfall:FleeingMerchant","floor":31,"turns":4},{"damage":16,"enemies":"Centurion and Healer","floor":32,"turns":6},{"damage":15,"enemies":"WA_ARCHETYPE_CALM","floor":33,"turns":8},{"damage":27,"enemies":"3 Darklings","floor":36,"turns":5},{"damage":0,"enemies":"Orb Walker","floor":38,"turns":4},{"damage":15,"enemies":"Transient","floor":39,"turns":5},{"damage":9,"enemies":"4 Shapes","floor":40,"turns":5},{"damage":23,"enemies":"downfall:FleeingMerchant","floor":42,"turns":4},{"damage":0,"enemies":"downfall:FleeingMerchant","floor":43,"turns":5},{"damage":26,"enemies":"Reptomancer","floor":45,"turns":8},{"damage":8,"enemies":"Spire Growth","floor":47,"turns":5},{"damage":0,"enemies":"downfall:FleeingMerchant","floor":48,"turns":1},{"damage":1,"enemies":"Maw","floor":49,"turns":7},{"damage":147,"enemies":"IC_BLOCK_ARCHETYPE","floor":50,"turns":6}],"seed_played":"3580154724319798138","potions_obtained":[{"floor":2,"key":"Explosive Potion"},{"floor":10,"key":"champ:CounterPotion"},{"floor":15,"key":"SkillPotion"},{"floor":16,"key":"Fruit Juice"},{"floor":20,"key":"Dexterity Potion"},{"floor":21,"key":"LiquidMemories"},{"floor":26,"key":"champ:CounterPotion"},{"floor":30,"key":"Fruit Juice"},{"floor":33,"key":"SteroidPotion"}],"is_trial":false,"path_per_floor":["R","M","M","?","?","R","T","$","M","E","M","$","M","$","M","B",null,"R","M","M","M","$","E","T","?","M","M","M","?","M","$","M","B",null,"R","M","?","M","M","M","T","$","?","T","E","R","M","$","M","B"],"character_chosen":"SLIMEBOUND","items_purchased":["Slimebound:SplitAcid","Anchor","FossilizedHelix","Mummified Hand","Slimebound:SlimeBarrage"],"campfire_rested":0,"item_purchase_floors":[14,22,42,48,48],"current_hp_per_floor":[65,65,56,61,61,61,61,55,47,50,45,46,50,39,32,54,70,70,70,52,64,50,37,37,37,39,39,45,45,33,45,54,75,75,75,52,52,56,69,70,70,74,80,80,71,71,74,80,80,0,0,0],"gold":93,"neow_bonus":"ONE_RANDOM_RARE_CARD","is_daily":false,"chose_seed":false,"campfire_upgraded":4,"win_rate":0.0,"timestamp":1611559443,"path_taken":["R","M","M","?","?","R","T","$","M","E","M","$","M","?","M","BOSS","R","M","M","M","$","E","T","?","M","M","M","?","M","?","M","BOSS","R","M","?","M","?","M","T","$","?","?","E","R","M","$","M","BOSS"],"items_purchased_type":["Card","Relic","Relic","Relic","Card"],"build_version":"2020-12-22","purchased_purges":2,"victory":false,"max_hp_per_floor":[65,65,65,70,70,70,70,70,70,70,70,70,70,70,70,70,70,70,70,70,70,70,70,70,70,70,70,70,70,70,70,70,75,75,75,75,75,75,80,80,80,80,80,80,80,80,80,80,80,80,80,80],"card_choices":[{"not_picked":["Slimebound:ProtectTheBoss","Slimebound:BestDefense"],"picked":"Slimebound:SplitMire","floor":2},{"not_picked":["Slimebound:SplitBruiser","Slimebound:SplitLeeching","Slimebound:Prepare"],"picked":"SKIP","floor":3},{"not_picked":["Slimebound:FinishingTackle","Slimebound:AcidTongue"],"picked":"Slimebound:LeadByExample","floor":8},{"not_picked":["Slimebound:FinishingTackle","Slimebound:MegaLick"],"picked":"Slimebound:ServeAndProtect","floor":9},{"not_picked":["Slimebound:RejuvenatingLick","Slimebound:LeechingTouch","Slimebound:RollThrough"],"picked":"SKIP","floor":10},{"not_picked":["Slimebound:GrowthPunch","Slimebound:FormOfPuddle","Slimebound:LeadByExample"],"picked":"SKIP","floor":11},{"not_picked":["Slimebound:SplitMire","Slimebound:DisruptingSlam"],"picked":"Slimebound:SlimeSpikes","floor":12},{"not_picked":["Slimebound:SlimeTap","Slimebound:LeechEnergy"],"picked":"Slimebound:LeechLife","floor":13},{"not_picked":["Slimebound:ComboTackle","Slimebound:PressTheAttack","Slimebound:ViciousTackle"],"picked":"SKIP","floor":14},{"not_picked":["Slimebound:SamplingLick","Slimebound:GoopTackle"],"picked":"Slimebound:SplitAcid","floor":15},{"not_picked":["Slimebound:MassFeed","Slimebound:OozeBath"],"picked":"Slimebound:Teamwork","floor":16},{"not_picked":["Slimebound:Prepare","Slimebound:ItLooksTasty"],"picked":"Slimebound:PressTheAttack+1","floor":19},{"not_picked":["Slimebound:ComboTackle","Slimebound:LeechLife","Slimebound:ForwardTackle"],"picked":"SKIP","floor":20},{"not_picked":["Slimebound:TongueLash","Slimebound:ComboTackle","Slimebound:SamplingLick"],"picked":"SKIP","floor":21},{"not_picked":["Slimebound:GoopTackle+1","Slimebound:DouseInSlime"],"picked":"Slimebound:SplitLeeching+1","floor":22},{"not_picked":["Slimebound:Prepare","Slimebound:ComboTackle"],"picked":"Slimebound:SplitLeeching","floor":23},{"not_picked":["Slimebound:SplitAcid","Slimebound:FormOfPuddle"],"picked":"Slimebound:LevelUp","floor":26},{"not_picked":["Slimebound:Grow","Slimebound:SplitLeeching","Slimebound:SplitAcid"],"picked":"SKIP","floor":27},{"not_picked":["Slimebound:SplitLeeching","Slimebound:ProtectTheBoss+1","Slimebound:RainOfGoop+1"],"picked":"SKIP","floor":28},{"not_picked":["Slimebound:SplitLeeching","Slimebound:Gluttony+1"],"picked":"Slimebound:LeechEnergy","floor":30},{"not_picked":["Slimebound:LeechEnergy","Slimebound:RejuvenatingLick+1"],"picked":"Slimebound:SplitBruiser","floor":31},{"not_picked":["Slimebound:FormOfPuddle+1","Slimebound:GoopTackle+1","Slimebound:DisruptingSlam"],"picked":"SKIP","floor":32},{"not_picked":["Slimebound:OozeBath","Slimebound:DouseInSlime"],"picked":"Slimebound:MinionMaster","floor":33},{"not_picked":["Slimebound:FinishingTackle","Slimebound:HauntingLick","Slimebound:SplitAcid+1"],"picked":"SKIP","floor":36},{"not_picked":["Slimebound:ItLooksTasty","Slimebound:MegaLick+1","Slimebound:SlimeBrawl+1"],"picked":"SKIP","floor":38},{"not_picked":["Slimebound:SplitMire","Slimebound:LeechEnergy+1","Slimebound:SplitAcid"],"picked":"SKIP","floor":39},{"not_picked":["Slimebound:LeadByExample","Slimebound:RejuvenatingLick","Slimebound:SamplingLick+1"],"picked":"SKIP","floor":40},{"not_picked":["Slimebound:Teamwork","Slimebound:Schlurp+1","Slimebound:Grow+1"],"picked":"SKIP","floor":42},{"not_picked":["Slimebound:LeechEnergy+1","Slimebound:SamplingLick"],"picked":"Slimebound:SplitAcid","floor":43},{"not_picked":["Slimebound:LeechEnergy","Slimebound:ComboTackle","Slimebound:ItLooksTasty"],"picked":"SKIP","floor":45},{"not_picked":["Slimebound:SpikyOuterGoop","Slimebound:Schlurp","Slimebound:RollThrough"],"picked":"SKIP","floor":47},{"not_picked":["Slimebound:FirmFortitude","Slimebound:ComboTackle+1"],"picked":"Slimebound:SlimeBarrage","floor":48},{"not_picked":["Slimebound:LeechEnergy+1","Slimebound:SlimeBarrage"],"picked":"Slimebound:SpikyOuterGoop","floor":49}],"player_experience":25053,"relics_obtained":[{"floor":10,"key":"Ornamental Fan"},{"floor":23,"key":"Omamori"},{"floor":23,"key":"MealTicket"},{"floor":24,"key":"HornCleat"},{"floor":43,"key":"Pocketwatch"},{"floor":45,"key":"Oddly Smooth Stone"},{"floor":45,"key":"Bird Faced Urn"}],"event_choices":[{"damage_healed":0,"gold_gain":0,"player_choice":"Donut","damage_taken":0,"max_hp_gain":5,"max_hp_loss":0,"event_name":"Big Fish","floor":4,"gold_loss":0}],"is_beta":false,"boss_relics":[{"not_picked":["Coffee Dripper","Astrolabe"],"picked":"Black Star"},{"not_picked":["Snecko Eye","Busted Crown"],"picked":"Sozu"}],"items_purged_floors":[8,48],"is_endless":false,"potions_floor_spawned":[2,10,15,16,20,21,26,30,33,36,43,49],"killed_by":"IC_BLOCK_ARCHETYPE","ascension_level":0}}