{"host":"78zdngn0u28jm0pp","time":1611537443,"event":{"mods":["BaseMod","Jorbs\u0027s Wanderer Trilogy","Minty Spire (QoL Compilation)","Permanent Neow","Quick Restart","Relic Stats","StSLib","Unceasing Turn Reminder"],"gold_per_floor":[110,127,127,141,160,160,191,222,258,282,444,456,408,437,449,461,461],"floor_reached":0,"language":"ENG","playtime":0,"items_purged":[],"score":0,"play_id":"dcbf87b7-755c-4d06-84f5-a344e155bf03","local_time":"20210124181723","is_ascension_mode":true,"campfire_choices":[{"data":"Neutralize","floor":6,"key":"SMITH"},{"floor":12,"key":"REST"},{"data":"Crippling Poison","floor":15,"key":"SMITH"}],"circlet_count":0,"master_deck":["AscendersBane","Strike_G","Strike_G","Strike_G","Strike_G","Defend_G","Defend_G","Defend_G","Defend_G","Defend_G","Survivor","Neutralize+1","Slice","Blade Dance","Tactician","Blade Dance","Eviscerate","Crippling Poison+1","Acrobatics","Doubt","Concentrate"],"relics":["Runic Pyramid","MawBank","Regal Pillow","Bag of Preparation"],"acts_visited":["Exordium"],"potions_floor_usage":[7,8],"damage_taken":[{"damage":2,"enemies":"Jaw Worm","floor":1,"turns":5},{"damage":3,"enemies":"Cultist","floor":2,"turns":4},{"damage":0,"enemies":"2 Louse","floor":4,"turns":3},{"damage":7,"enemies":"Gremlin Gang","floor":5,"turns":5},{"damage":19,"enemies":"Lagavulin","floor":7,"turns":8},{"damage":7,"enemies":"Blue Slaver","floor":8,"turns":3},{"damage":0,"enemies":"2 Fungi Beasts","floor":10,"turns":3},{"damage":11,"enemies":"3 Louse","floor":14,"turns":4},{"damage":19,"enemies":"Hexaghost","floor":16,"turns":9}],"seed_played":"1390528640672331586","potions_obtained":[{"floor":2,"key":"Swift Potion"},{"floor":4,"key":"Dexterity Potion"}],"is_trial":false,"path_per_floor":["M","M","?","M","M","R","E","M","T","M","?","R","?","M","R","B"],"character_chosen":"THE_SILENT","items_purchased":[],"campfire_rested":1,"item_purchase_floors":[],"current_hp_per_floor":[57,54,54,54,47,47,28,21,21,21,21,55,55,44,44,25,25],"gold":461,"neow_bonus":"BOSS_RELIC","is_daily":false,"chose_seed":false,"campfire_upgraded":2,"win_rate":0.0,"timestamp":1611537443,"path_taken":["M","M","?","?","M","R","E","M","T","M","?","R","?","?","R","BOSS"],"items_purchased_type":[],"build_version":"2020-12-22","purchased_purges":0,"victory":false,"max_hp_per_floor":[66,66,66,66,66,66,66,66,66,66,66,66,66,66,66,66,66],"relic_stats":{"Regal Pillow":15,"counters":[9,44],"Bag of Preparation":[4],"MawBank":108,"obtain_stats":[{"Regal Pillow":9,"Bag of Preparation":13,"MawBank":7,"Ring of the Snake":0,"Runic Pyramid":0},{"Regal Pillow":6,"Bag of Preparation":7,"MawBank":5,"Ring of the Snake":0,"Runic Pyramid":0},{"Regal Pillow":28,"Bag of Preparation":31,"MawBank":25,"Ring of the Snake":0,"Runic Pyramid":0}]},"card_choices":[{"not_picked":["Dagger Spray","Skewer"],"picked":"Slice","floor":1},{"not_picked":["Prepared","Flying Knee"],"picked":"Blade Dance","floor":2},{"not_picked":["Distraction","Dagger Throw"],"picked":"Tactician","floor":4},{"not_picked":["Sucker Punch","Bouncing Flask"],"picked":"Blade Dance","floor":5},{"not_picked":["Dagger Spray","Heel Hook"],"picked":"Eviscerate","floor":7},{"not_picked":["Poisoned Stab","Night Terror"],"picked":"Crippling Poison","floor":8},{"not_picked":["Cloak And Dagger","Escape Plan"],"picked":"Acrobatics","floor":10},{"not_picked":["Blade Dance","Flying Knee"],"picked":"Concentrate","floor":14}],"player_experience":798712,"relics_obtained":[{"floor":7,"key":"MawBank"},{"floor":9,"key":"Regal Pillow"}],"event_choices":[{"cards_removed":["Strike_G"],"damage_healed":0,"gold_gain":0,"player_choice":"Offered Basic","damage_taken":0,"max_hp_gain":0,"max_hp_loss":0,"event_name":"Bonfire Elementals","floor":3,"gold_loss":0},{"damage_healed":0,"gold_gain":150,"player_choice":"AGREE","damage_taken":0,"max_hp_gain":0,"max_hp_loss":0,"event_name":"Liars Game","floor":11,"gold_loss":0,"cards_obtained":["Doubt"]},{"damage_healed":0,"gold_gain":0,"player_choice":"Paid Gold","damage_taken":0,"relics_obtained":["Bag of Preparation"],"max_hp_gain":0,"max_hp_loss":0,"event_name":"WeMeetAgain","floor":13,"gold_loss":60}],"is_beta":false,"boss_relics":[],"items_purged_floors":[],"is_endless":false,"potions_floor_spawned":[2,4,5],"killed_by":"Hexaghost","ascension_level":20}}