{"host":"lnt5dzsuhru0aonl","time":1611570737,"event":{"mods":["2.2 Compatiblity","BaseMod","Colored Map","Colored Powertips","DeckTracker","Keyboard Shortcuts","Minty Spire (QoL Compilation)","Permanent Neow","Rare Cards Sparkle","StSLib","SuperFastMode","everything is the same but u backflip on backflip"],"gold_per_floor":[114,114,128,128,143,143,169,169,169,169,182,182,182],"floor_reached":12,"language":"KOR","playtime":213,"items_purged":[],"score":156,"play_id":"9250da60-83f3-4f7e-adc5-80c82eb04946","local_time":"20210125193217","is_ascension_mode":true,"campfire_choices":[{"data":"Dualcast","floor":6,"key":"SMITH"},{"data":"Turbo","floor":8,"key":"SMITH"},{"data":"Zap","floor":10,"key":"SMITH"}],"circlet_count":0,"master_deck":["AscendersBane","Strike_B","Strike_B","Strike_B","Defend_B","Defend_B","Defend_B","Defend_B","Zap+1","Dualcast+1","Meteor Strike","Doom and Gloom","Pain","Coolheaded","Turbo+1"],"relics":["Cracked Core","WarpedTongs","Ornamental Fan","Orichalcum"],"acts_visited":["Exordium"],"potions_floor_usage":[7,12,12],"damage_taken":[{"damage":0,"enemies":"Small Slimes","floor":1,"turns":3},{"damage":1,"enemies":"Cultist","floor":3,"turns":3},{"damage":7,"enemies":"Jaw Worm","floor":5,"turns":4},{"damage":28,"enemies":"Lagavulin","floor":7,"turns":6},{"damage":10,"enemies":"Gremlin Gang","floor":11,"turns":3},{"damage":32,"enemies":"Gremlin Nob","floor":12,"turns":3}],"seed_played":"-1135684099192114936","potions_obtained":[{"floor":1,"key":"Swift Potion"},{"floor":3,"key":"SkillPotion"},{"floor":5,"key":"CultistPotion"},{"floor":11,"key":"Explosive Potion"}],"is_trial":false,"path_per_floor":["M","?","M","?","M","R","E","R","T","R","M","E"],"character_chosen":"DEFECT","items_purchased":[],"campfire_rested":0,"item_purchase_floors":[],"current_hp_per_floor":[64,64,63,63,56,56,28,28,28,28,18,0,0],"gold":182,"neow_bonus":"ONE_RANDOM_RARE_CARD","is_daily":false,"chose_seed":false,"campfire_upgraded":3,"win_rate":0.0,"timestamp":1611570737,"path_taken":["M","?","?","?","?","R","E","R","T","R","M","E"],"items_purchased_type":[],"build_version":"2020-12-22","purchased_purges":0,"victory":false,"max_hp_per_floor":[71,71,71,71,71,71,71,71,71,71,71,71,71],"card_choices":[{"not_picked":["Recycle","Beam Cell","Go for the Eyes"],"picked":"SKIP","floor":1},{"not_picked":["Blizzard","Stack"],"picked":"Doom and Gloom","floor":3},{"not_picked":["Sweeping Beam","Gash"],"picked":"Coolheaded","floor":5},{"not_picked":["Doom and Gloom","Capacitor"],"picked":"Turbo","floor":7},{"not_picked":["White Noise","Electrodynamics","Gash"],"picked":"SKIP","floor":11}],"player_experience":759772,"relics_obtained":[{"floor":7,"key":"Ornamental Fan"},{"floor":9,"key":"Orichalcum"}],"event_choices":[{"cards_removed":["Strike_B"],"damage_healed":0,"gold_gain":0,"player_choice":"Purged","damage_taken":0,"max_hp_gain":0,"max_hp_loss":0,"event_name":"Purifier","floor":2,"gold_loss":0},{"damage_healed":0,"gold_gain":0,"player_choice":"Rummage","damage_taken":0,"relics_obtained":["WarpedTongs"],"max_hp_gain":0,"max_hp_loss":0,"event_name":"Accursed Blacksmith","floor":4,"gold_loss":0,"cards_obtained":["Pain"]}],"is_beta":false,"boss_relics":[],"items_purged_floors":[],"is_endless":false,"potions_floor_spawned":[1,3,5,11],"killed_by":"Gremlin Nob","ascension_level":20}}