{"host":"mhr97lg0mj90r8b2","time":1611559432,"event":{"mods":["BaseMod","Lobotomy","Minty Spire (QoL Compilation)","Quick Restart","Remilia£®¿Ÿ√◊¿Ú—«£©","StSLib"],"gold_per_floor":[110,285,301,301,320,320,286,303,383,383,356,371,388,401,401,462,462,352,352,367,2,2,2,16,19,19,36,36,36,50,60,60,161,161,180,197,197,97,113,113,126,140,140,160,180,6,16,40,40,40],"floor_reached":51,"language":"ZHS","playtime":4452,"items_purged":["QueenOfHatred","LittlePrince","MeltingLove"],"score":636,"play_id":"c56cbe40-d71e-4fd5-a949-e8530aa9e8f6","local_time":"20210125152352","is_ascension_mode":false,"campfire_choices":[{"data":"EndlessAdversity","floor":6,"key":"SMITH"},{"data":"DiffusionOfMisfortune","floor":15,"key":"SMITH"},{"data":"TransientEternity","floor":23,"key":"SMITH"},{"data":"DiffusionOfMisfortune","floor":28,"key":"SMITH"},{"data":"ScarletSymphony","floor":32,"key":"SMITH"},{"data":"ScarletCoffin","floor":40,"key":"SMITH"},{"floor":49,"key":"REST"}],"circlet_count":0,"master_deck":["Strike_RM+1","Defend_RM","MeatLantern","Septette","EndlessAdversity+1","ScarletSymphony+1","GreedKing","FitfulNightmare","ScarletImprint+1","LittleHelper","ScarletImprint+1","SpiderBud","Funeral","ShyLook","BlackArmy","ScarletCoffin+1","Scarecrow","RedNightlessCastle","BodiesMountain","ForecastOfChange","CharismaGuard","MastersStateliness","LongBird","ScarletDevilSign+1"],"relics":["ScarletHat","CogitoBucket","TungstenRod","HornCleat","TreeSap","SlaversCollar","AspirationHeart","Gungnir","Whetstone","Question Card","AtMidnight","LuminousBracelet","APieceOfRedMist","Nunchaku","InkBottle","Kunai","Centennial Puzzle"],"acts_visited":["Exordium","TheCity","TheBeyond"],"potions_floor_usage":[16,27,30,41],"damage_taken":[{"damage":1,"enemies":"Jaw Worm","floor":1,"turns":4},{"damage":0,"enemies":"2 Louse","floor":3,"turns":3},{"damage":0,"enemies":"Cultist","floor":5,"turns":6},{"damage":7,"enemies":"Gremlin Nob","floor":7,"turns":5},{"damage":2,"enemies":"Lots of Slimes","floor":8,"turns":2},{"damage":18,"enemies":"Exordium Thugs","floor":11,"turns":2},{"damage":0,"enemies":"Blue Slaver","floor":12,"turns":2},{"damage":0,"enemies":"3 Louse","floor":13,"turns":2},{"damage":44,"enemies":"Exordium Wildlife","floor":14,"turns":5},{"damage":20,"enemies":"Hexaghost","floor":16,"turns":14},{"damage":57,"enemies":"Shell Parasite","floor":18,"turns":6},{"damage":4,"enemies":"Spheric Guardian","floor":20,"turns":6},{"damage":15,"enemies":"Centurion and Healer","floor":24,"turns":6},{"damage":28,"enemies":"3 Cultists","floor":25,"turns":6},{"damage":7,"enemies":"Snake Plant","floor":27,"turns":4},{"damage":52,"enemies":"Centurion and Healer","floor":30,"turns":29},{"damage":34,"enemies":"3 Cultists","floor":31,"turns":4},{"damage":60,"enemies":"Automaton","floor":33,"turns":7},{"damage":0,"enemies":"3 Darklings","floor":35,"turns":2},{"damage":12,"enemies":"Orb Walker","floor":36,"turns":5},{"damage":5,"enemies":"Jaw Worm Horde","floor":39,"turns":4},{"damage":0,"enemies":"Sphere and 2 Shapes","floor":41,"turns":4},{"damage":17,"enemies":"Maw","floor":42,"turns":9},{"damage":20,"enemies":"Transient","floor":44,"turns":5},{"damage":76,"enemies":"4 Shapes","floor":45,"turns":6},{"damage":3,"enemies":"Jaw Worm Horde","floor":47,"turns":3},{"damage":54,"enemies":"Time Eater","floor":50,"turns":7}],"seed_played":"-4868350135866709945","potions_obtained":[{"floor":1,"key":"DistilledChaos"},{"floor":3,"key":"SneckoOil"},{"floor":7,"key":"SmokeBomb"},{"floor":11,"key":"Swift Potion"},{"floor":20,"key":"DistilledChaos"},{"floor":27,"key":"Strength Potion"},{"floor":30,"key":"EssenceOfSteel"},{"floor":30,"key":"DestinyDice"},{"floor":44,"key":"Energy Potion"},{"floor":45,"key":"Fire Potion"}],"is_trial":false,"path_per_floor":["M","?","M","?","M","R","E","M","T","?","M","M","M","M","R","B",null,"M","?","M","$","?","R","M","M","T","M","R","T","M","M","R","B",null,"M","M","?","$","M","R","M","M","T","M","M","$","M","T","R","B",null],"character_chosen":"REMILIA","items_purchased":["Gungnir","MastersStateliness"],"campfire_rested":1,"item_purchase_floors":[21,46],"current_hp_per_floor":[75,75,75,68,70,70,69,67,67,67,49,58,58,56,56,58,75,41,95,95,95,95,95,85,62,62,85,85,85,105,86,86,77,110,110,106,106,106,104,104,108,90,90,93,53,53,69,69,99,98],"gold":40,"neow_bonus":"","is_daily":false,"chose_seed":false,"campfire_upgraded":6,"win_rate":0.0,"timestamp":1611559432,"path_taken":["M","?","M","?","M","R","E","M","T","?","M","M","M","?","R","BOSS","M","?","M","$","?","R","?","M","T","?","R","?","?","M","R","BOSS","M","M","?","$","M","R","M","M","T","M","M","$","M","?","R","BOSS"],"items_purchased_type":["Relic","Card"],"build_version":"2020-12-22","purchased_purges":3,"victory":true,"max_hp_per_floor":[75,75,75,75,75,75,75,75,75,75,75,75,75,75,75,75,75,85,95,95,95,95,95,95,95,95,95,95,95,110,110,110,110,110,110,110,110,110,110,110,110,100,100,100,100,100,100,100,100,100],"card_choices":[{"not_picked":["SpiderBud","MHz"],"picked":"MeatLantern","floor":1},{"not_picked":["Stigmanizer","RedRainbow"],"picked":"Septette","floor":1},{"not_picked":["Porccubus","Murderer"],"picked":"Freischutz","floor":3},{"not_picked":["BloodyMagicSquare","BlasphemousPunishment"],"picked":"MiserableFate","floor":3},{"not_picked":["OldLady","Woodsman"],"picked":"NakedNest","floor":5},{"not_picked":["UnstableMagic","UnderTheZenith"],"picked":"EndlessAdversity","floor":5},{"not_picked":["Wellcheers","SingingMachine"],"picked":"Yin","floor":7},{"not_picked":["UnstableMagic","VampireKiss"],"picked":"ScarletSymphony","floor":7},{"not_picked":["VampireClaw","FavorOfDestiny"],"picked":"BombardNight","floor":8},{"not_picked":["SpiderBud","FairyFestival"],"picked":"GreedKing","floor":11},{"not_picked":["Maim","ScarletDevilSign"],"picked":"FitfulNightmare","floor":11},{"not_picked":["ShyLook","SingingMachine"],"picked":"QueenOfHatred","floor":12},{"not_picked":["QueenOfMidnight","SuperhumanBloodyKnife","RedRainbow"],"picked":"SKIP","floor":12},{"not_picked":["QueenOfMidnight","SuperhumanBloodyKnife","RedRainbow"],"picked":"SKIP","floor":12},{"not_picked":["BeautyBeast","SpiderBud"],"picked":"BigBadWolf","floor":13},{"not_picked":["BloodHunter","FavorOfDestiny"],"picked":"ScarletImprint","floor":13},{"not_picked":["Scorched","Rudolta"],"picked":"LittleHelper","floor":14},{"not_picked":["GlobalNightmare","ScarletDevil"],"picked":"DiffusionOfMisfortune","floor":14},{"not_picked":["MeltingLove","QueenBee"],"picked":"SilentOrchestra","floor":16},{"not_picked":["ChaoticDestiny","EquivalentExchange"],"picked":"TransientEternity","floor":16},{"not_picked":["LaLuna","FairyFestival","Bloodbath"],"picked":"Singing Bowl","floor":18},{"not_picked":["SingingMachine","Bloodbath"],"picked":"OSAHOGD","floor":18},{"not_picked":["RedMagic","ScarletDevil","VampireKiss"],"picked":"SKIP","floor":18},{"not_picked":["MHz","Wellcheers"],"picked":"MeltingLove","floor":20},{"not_picked":["BlasphemousPunishment","BloodyMagicSquare","Stigmanizer+1"],"picked":"SKIP","floor":20},{"not_picked":["WallGazer","PunishingBird"],"picked":"LittlePrince","floor":24},{"not_picked":["VampireFantasy+1","UnstableMagic"],"picked":"ScarletImprint","floor":24},{"not_picked":["Bloodbath","CrumblingArmor"],"picked":"Funeral","floor":25},{"not_picked":["FavorOfDestiny","Stigmanizer","CharismaGuard+1"],"picked":"SKIP","floor":25},{"not_picked":["FavorOfDestiny","Stigmanizer","CharismaGuard+1"],"picked":"SKIP","floor":25},{"not_picked":["StarOfDavid","VampireSweep+1"],"picked":"DiffusionOfMisfortune","floor":27},{"not_picked":["QueenBee","Rudolta","Freischutz"],"picked":"Singing Bowl","floor":30},{"not_picked":["WallGazer","FieryBird"],"picked":"DreamingCurrent","floor":30},{"not_picked":["RedRainbow","NightDance","Maim"],"picked":"DiffusionOfMisfortune+1","floor":30},{"not_picked":["Mercenary","HappyTeddy","CherryBlossoms"],"picked":"Singing Bowl","floor":31},{"not_picked":["GalaxyChild","HappyTeddy"],"picked":"SpiderBud","floor":31},{"not_picked":["DiffusionOfMisfortune","GlobalNightmare+1","FavorOfDestiny","ScarletGensokyo"],"picked":"SKIP","floor":31},{"not_picked":["Alriune","Laetitia","BlackSwan"],"picked":"Singing Bowl","floor":33},{"not_picked":["Scorched","RedShoes"],"picked":"Funeral","floor":33},{"not_picked":["QueenBee","WallGazer","QueenOfHatred"],"picked":"Singing Bowl","floor":35},{"not_picked":["SnowQueen","HeroicMonk"],"picked":"ShyLook","floor":35},{"not_picked":["NightDance+1","BloodHunter","CharismaGuard+1","Septette+1"],"picked":"SKIP","floor":35},{"not_picked":["Porccubus","DreamingCurrent","Rudolta"],"picked":"Singing Bowl","floor":36},{"not_picked":["Rudolta","DreamingCurrent"],"picked":"BlackArmy","floor":36},{"not_picked":["TwelveNightmare","MiserableFate+1","Septette","BlasphemousPunishment+1"],"picked":"SKIP","floor":36},{"not_picked":["TwelveNightmare","MiserableFate+1","Septette","BlasphemousPunishment+1"],"picked":"SKIP","floor":36},{"not_picked":["GalaxyChild","HappyTeddy","LongBird"],"picked":"Singing Bowl","floor":39},{"not_picked":["VoidDream","Rudolta"],"picked":"DespairKnight","floor":39},{"not_picked":["EmergencyRegeneration","BloodHunter+1","CharismaGuard"],"picked":"ScarletCoffin","floor":39},{"not_picked":["HeroicMonk","PunishingBird","SingingMachine"],"picked":"Singing Bowl","floor":41},{"not_picked":["Bloodbath","BigBird"],"picked":"Scarecrow","floor":41},{"not_picked":["MiserableFate+1","StarOfDavid+1","ScarletDevil+1"],"picked":"RedNightlessCastle","floor":41},{"not_picked":["Porccubus","BlackSwan","FairyFestival"],"picked":"Singing Bowl","floor":42},{"not_picked":["FavorOfDestiny+1","MastersStateliness","VampirishNight","RedRainbow+1"],"picked":"SKIP","floor":42},{"not_picked":["BigBird","BlackSwan"],"picked":"BodiesMountain","floor":44},{"not_picked":["FavorOfDestiny","ScarletDevilSign","StarOfDavid"],"picked":"ForecastOfChange","floor":44},{"not_picked":["NakedNest","WallGazer","Porccubus"],"picked":"Singing Bowl","floor":45},{"not_picked":["NightDance","RedRainbow+1","EndlessAdversity"],"picked":"CharismaGuard","floor":45},{"not_picked":["Porccubus","BigBadWolf","FairyFestival"],"picked":"Singing Bowl","floor":47},{"not_picked":["HeroicMonk","LittlePrince"],"picked":"LongBird","floor":47},{"not_picked":["BloodyMagicSquare+1","BlasphemousPunishment","NightLord+1"],"picked":"ScarletDevilSign+1","floor":47}],"player_experience":110315,"relics_obtained":[{"floor":7,"key":"TungstenRod"},{"floor":9,"key":"HornCleat"},{"floor":26,"key":"Whetstone"},{"floor":29,"key":"Question Card"},{"floor":30,"key":"AtMidnight"},{"floor":35,"key":"Nunchaku"},{"floor":41,"key":"InkBottle"},{"floor":43,"key":"Kunai"},{"floor":48,"key":"Centennial Puzzle"}],"event_choices":[{"damage_healed":0,"gold_gain":175,"player_choice":"AGREE","damage_taken":0,"max_hp_gain":0,"max_hp_loss":0,"event_name":"Liars Game","floor":2,"gold_loss":0,"cards_obtained":["Doubt"]},{"cards_removed":["Doubt"],"damage_healed":0,"gold_gain":0,"player_choice":"Card Removal","damage_taken":7,"max_hp_gain":0,"max_hp_loss":0,"event_name":"Golden Wing","floor":4,"gold_loss":0},{"cards_removed":["Strike_RM"],"damage_healed":0,"gold_gain":0,"player_choice":"Purged","damage_taken":0,"max_hp_gain":0,"max_hp_loss":0,"event_name":"Purifier","floor":10,"gold_loss":0},{"damage_healed":0,"gold_gain":0,"player_choice":"Ignored","damage_taken":0,"max_hp_gain":0,"max_hp_loss":0,"event_name":"Ghosts","floor":22,"gold_loss":0},{"damage_healed":0,"gold_gain":0,"player_choice":"Ignored","damage_taken":0,"max_hp_gain":0,"max_hp_loss":0,"event_name":"Mysterious Sphere","floor":37,"gold_loss":0}],"is_beta":false,"boss_relics":[{"not_picked":["Astrolabe","Snecko Eye"],"picked":"SlaversCollar"},{"not_picked":["Calling Bell","Pandora\u0027s Box"],"picked":"APieceOfRedMist"}],"items_purged_floors":[21,38,46],"is_endless":false,"potions_floor_spawned":[1,3,7,11,12,20,27,30,33,42,44,45],"ascension_level":0}}