{"host":"h0xw20cia6ppa69g","time":1611560682,"event":{"mods":["AchievementEnabler","BaseMod","Colored Map","Filter the Spire","Googly Eyes","Minty Spire (QoL Compilation)","Relic Stats","StSLib","The Awakened One except there are too many feathers","everything is the same but u backflip on backflip"],"gold_per_floor":[116,116,130,130,130,130,162,162,162,162,180,200,220,252,252,355,355,366,380,380,446,78,111,30,65,65,214,290,306,340,358,358,456,456,469,1518,1532,1630,849,883,933,286,367,367,367],"floor_reached":44,"language":"ENG","playtime":2134,"items_purged":["Normality","Normality"],"score":604,"play_id":"1a89e20a-8919-4189-8bcb-752cd765adc6","local_time":"20210125014442","is_ascension_mode":true,"campfire_choices":[{"data":"Zap","floor":6.0,"key":"SMITH"},{"data":"Steam Power","floor":8.0,"key":"SMITH"},{"data":"Rainbow","floor":15.0,"key":"SMITH"},{"data":"Reinforced Body","floor":32,"key":"SMITH"}],"circlet_count":0,"master_deck":["Zap+1","Dualcast","Rainbow","Turbo","Capacitor","All For One","Steam Power+1","Thunder Strike","Darkness","Cold Snap","Leap","Rainbow+1","Hyperbeam","Capacitor","Storm","Leap","Seek","Echo Form","Coolheaded","Turbo","Creative AI","Biased Cognition","Static Discharge","Reinforced Body+1","Compile Driver","Barrage","Meteor Strike","Reinforced Body+1","Conserve Battery","Stack","Self Repair","Hologram","Undo+1","Madness","Madness","Leap","Coolheaded"],"relics":["Pandora\u0027s Box","Oddly Smooth Stone","Peace Pipe","PreservedInsect","Pear","Cables","Coffee Dripper","SsserpentHead","Bird Faced Urn","Bag of Marbles","Sundial","Juzu Bracelet","Torii","Philosopher\u0027s Stone","Shovel","WingedGreaves","Lizard Tail","Orichalcum","Chemical X","Potion Belt","Centennial Puzzle","Meat on the Bone"],"acts_visited":["Exordium","TheCity","TheBeyond"],"potions_floor_usage":[18,18,23,40,44],"damage_taken":[{"damage":11.0,"enemies":"Jaw Worm","floor":1.0,"turns":2.0},{"damage":5.0,"enemies":"2 Louse","floor":3.0,"turns":3.0},{"damage":11.0,"enemies":"Lagavulin","floor":7.0,"turns":5.0},{"damage":0.0,"enemies":"Cultist","floor":11.0,"turns":3.0},{"damage":0.0,"enemies":"3 Louse","floor":12.0,"turns":1.0},{"damage":3.0,"enemies":"Exordium Wildlife","floor":13.0,"turns":2.0},{"damage":7.0,"enemies":"3 Sentries","floor":14.0,"turns":3.0},{"damage":7.0,"enemies":"The Guardian","floor":16.0,"turns":7.0},{"damage":0,"enemies":"Shell Parasite","floor":18,"turns":4},{"damage":3,"enemies":"3 Byrds","floor":19,"turns":4},{"damage":15,"enemies":"3 Cultists","floor":21,"turns":5},{"damage":8,"enemies":"Gremlin Leader","floor":23,"turns":4},{"damage":7,"enemies":"Slavers","floor":25,"turns":2},{"damage":12,"enemies":"Centurion and Healer","floor":29,"turns":11},{"damage":28,"enemies":"Gremlin Leader","floor":30,"turns":7},{"damage":1,"enemies":"Shelled Parasite and Fungi","floor":31,"turns":4},{"damage":42,"enemies":"Collector","floor":33,"turns":7},{"damage":35,"enemies":"Orb Walker","floor":35,"turns":5},{"damage":11,"enemies":"3 Darklings","floor":37,"turns":5},{"damage":47,"enemies":"2 Orb Walkers","floor":38,"turns":4},{"damage":44,"enemies":"Nemesis","floor":40,"turns":7},{"damage":66,"enemies":"Reptomancer","floor":44,"turns":3}],"seed_played":"-4891007036177798893","potions_obtained":[{"floor":1.0,"key":"Fire Potion"},{"floor":3.0,"key":"Fire Potion"},{"floor":14.0,"key":"DuplicationPotion"},{"floor":16.0,"key":"Swift Potion"},{"floor":21,"key":"Weak Potion"},{"floor":30,"key":"DuplicationPotion"},{"floor":31,"key":"FearPotion"},{"floor":40,"key":"Weak Potion"}],"is_trial":false,"path_per_floor":["M","?","M","?","?","R","E","R","T","T","M","M","M","E","R","B",null,"M","M","?","M","$","E","$","E","T","?","T","M","E","M","R","B",null,"M","?","M","?","$","E","?","$","T","E"],"character_chosen":"DEFECT","items_purchased":["Bird Faced Urn","Biased Cognition","Reinforced Body","WingedGreaves","Lizard Tail","Self Repair","Hologram","Chemical X","Potion Belt","Centennial Puzzle","Leap","Coolheaded"],"campfire_rested":0,"item_purchase_floors":[22,22,24,39,39,39,39,42,42,42,42,42],"current_hp_per_floor":[64,52,47,47,47,47,36,36,36,46,46,46,43,36,36,29,85,85,82,82,67,67,75,75,68,68,68,68,85,75,85,85,69,85,59,59,58,21,21,60,49,49,49,0,0],"gold":367,"neow_bonus":"BOSS_RELIC","is_daily":false,"chose_seed":false,"campfire_upgraded":4,"win_rate":0.0,"timestamp":1611560682,"path_taken":["M","?","M","?","?","R","E","R","T","?","M","M","M","E","R","BOSS","M","M","?","?","$","E","$","E","T","?","?","M","E","M","R","BOSS","M","?","M","?","$","E","?","$","T","E"],"items_purchased_type":["Relic","Card","Card","Relic","Relic","Card","Card","Relic","Relic","Relic","Card","Card"],"build_version":"2020-12-22","purchased_purges":2,"victory":false,"max_hp_per_floor":[75,75,75,75,75,75,75,75,75,85,85,85,85,85,85,85,85,85,85,85,85,85,85,85,85,85,85,85,85,85,85,85,85,85,85,85,85,85,85,85,85,85,85,85,85],"relic_stats":{"Torii":20,"counters":[22,98],"PreservedInsect":270,"Juzu Bracelet":1,"Orichalcum":[6],"Cables":[62,29,19,11,3],"Peace Pipe":0,"SsserpentHead":300,"Lizard Tail":42,"Centennial Puzzle":[3],"Shovel":0,"Sundial":[4],"Bird Faced Urn":[157],"Pandora\u0027s Box":["Rainbow","Turbo","Capacitor","All For One","Double Energy","Steam Power","Thunder Strike","Darkness"],"Chemical X":[1],"obtain_stats":[{"Potion Belt":42,"Pear":10,"Torii":30,"Oddly Smooth Stone":2,"PreservedInsect":9,"Juzu Bracelet":28,"Orichalcum":40,"Cables":14,"Peace Pipe":7,"SsserpentHead":20,"Lizard Tail":39,"Centennial Puzzle":42,"Shovel":38,"Sundial":25,"Bird Faced Urn":22,"Pandora\u0027s Box":0,"Philosopher\u0027s Stone":34,"WingedGreaves":39,"Coffee Dripper":17,"Bag of Marbles":23,"Chemical X":42,"Cracked Core":0,"Meat on the Bone":43},{"Potion Belt":21,"Pear":3,"Torii":15,"Oddly Smooth Stone":1,"PreservedInsect":3,"Juzu Bracelet":13,"Orichalcum":21,"Cables":7,"Peace Pipe":3,"SsserpentHead":10,"Lizard Tail":20,"Centennial Puzzle":21,"Shovel":20,"Sundial":13,"Bird Faced Urn":11,"Pandora\u0027s Box":0,"Philosopher\u0027s Stone":17,"WingedGreaves":20,"Coffee Dripper":8,"Bag of Marbles":12,"Chemical X":21,"Cracked Core":0,"Meat on the Bone":21},{"Potion Belt":95,"Pear":10,"Torii":63,"Oddly Smooth Stone":2,"PreservedInsect":10,"Juzu Bracelet":45,"Orichalcum":95,"Cables":19,"Peace Pipe":10,"SsserpentHead":34,"Lizard Tail":88,"Centennial Puzzle":95,"Shovel":88,"Sundial":45,"Bird Faced Urn":39,"Pandora\u0027s Box":0,"Philosopher\u0027s Stone":74,"WingedGreaves":88,"Coffee Dripper":26,"Bag of Marbles":43,"Chemical X":95,"Cracked Core":0,"Meat on the Bone":95}],"Meat on the Bone":0},"card_choices":[{"not_picked":["Sweeping Beam","Chaos"],"picked":"Cold Snap","floor":1.0},{"not_picked":["Hologram","Doom and Gloom"],"picked":"Leap","floor":3.0},{"not_picked":["Rip and Tear","Conserve Battery"],"picked":"Hyperbeam","floor":7.0},{"not_picked":["Hologram","Steam Power"],"picked":"Capacitor","floor":11.0},{"not_picked":["Turbo","Redo"],"picked":"Storm","floor":12.0},{"not_picked":["Redo","Gash"],"picked":"Leap","floor":13.0},{"not_picked":["Steam Power","Doom and Gloom"],"picked":"Seek","floor":14.0},{"not_picked":["All For One","Electrodynamics"],"picked":"Echo Form","floor":16.0},{"not_picked":["Hello World+1","Steam"],"picked":"Coolheaded","floor":18},{"not_picked":["Gash","White Noise+1"],"picked":"Turbo","floor":19},{"not_picked":["Gash","Cold Snap+1"],"picked":"Creative AI","floor":21},{"not_picked":["Blizzard","Conserve Battery"],"picked":"Static Discharge","floor":23},{"not_picked":["Sweeping Beam","Chaos","Beam Cell"],"picked":"SKIP","floor":25},{"not_picked":["Double Energy+1","Seek"],"picked":"Compile Driver","floor":29},{"not_picked":["Defragment","Leap"],"picked":"Barrage","floor":30},{"not_picked":["Reprogram","Rebound","Beam Cell"],"picked":"SKIP","floor":31},{"not_picked":["Biased Cognition","Buffer"],"picked":"Meteor Strike","floor":33},{"not_picked":["Cold Snap+1","Rebound"],"picked":"Reinforced Body+1","floor":35},{"not_picked":["Gash+1","Barrage"],"picked":"Conserve Battery","floor":37},{"not_picked":["Tempest","Beam Cell+1"],"picked":"Stack","floor":38},{"not_picked":["Blizzard+1","Chill"],"picked":"Undo+1","floor":40}],"player_experience":3758133,"relics_obtained":[{"floor":7.0,"key":"Peace Pipe"},{"floor":9.0,"key":"PreservedInsect"},{"floor":10.0,"key":"Pear"},{"floor":14.0,"key":"Cables"},{"floor":23,"key":"Bag of Marbles"},{"floor":25,"key":"Sundial"},{"floor":28,"key":"Juzu Bracelet"},{"floor":30,"key":"Torii"},{"floor":38,"key":"Shovel"},{"floor":40,"key":"Orichalcum"},{"floor":43,"key":"Meat on the Bone"}],"event_choices":[{"damage_healed":0.0,"max_hp_gain":0.0,"max_hp_loss":0.0,"gold_gain":0.0,"event_name":"Scrap Ooze","player_choice":"Success","floor":2.0,"gold_loss":0.0,"damage_taken":12.0,"relics_obtained":["Oddly Smooth Stone"]},{"damage_healed":0.0,"max_hp_gain":0.0,"max_hp_loss":0.0,"gold_gain":0.0,"event_name":"Liars Game","player_choice":"Ignored","floor":4.0,"gold_loss":0.0,"damage_taken":0.0},{"damage_healed":0.0,"max_hp_gain":0.0,"max_hp_loss":0.0,"gold_gain":0.0,"cards_transformed":["Double Energy"],"event_name":"Living Wall","player_choice":"Change","floor":5.0,"gold_loss":0.0,"damage_taken":0.0,"cards_obtained":["Rainbow"]},{"damage_healed":0,"gold_gain":0,"player_choice":"Trade","damage_taken":0,"relics_obtained":["SsserpentHead"],"max_hp_gain":0,"max_hp_loss":0,"event_name":"FaceTrader","floor":20,"gold_loss":0},{"damage_healed":0,"gold_gain":99,"player_choice":"Stole From Cult","damage_taken":0,"max_hp_gain":0,"max_hp_loss":0,"event_name":"Nest","floor":27,"gold_loss":0},{"damage_healed":0,"gold_gain":999,"player_choice":"Gold","damage_taken":0,"max_hp_gain":0,"max_hp_loss":0,"event_name":"MindBloom","floor":36,"gold_loss":0,"cards_obtained":["Normality","Normality"]},{"damage_healed":0,"gold_gain":0,"player_choice":"Fight","damage_taken":0,"max_hp_gain":0,"max_hp_loss":0,"event_name":"Mysterious Sphere","floor":38,"gold_loss":0},{"damage_healed":0,"gold_gain":0,"player_choice":"Embrace Madness","damage_taken":11,"max_hp_gain":0,"max_hp_loss":0,"event_name":"Winding Halls","floor":41,"gold_loss":0,"cards_obtained":["Madness","Madness"]}],"is_beta":false,"boss_relics":[{"not_picked":["Astrolabe","Nuclear Battery"],"picked":"Coffee Dripper"},{"not_picked":["Empty Cage","Fusion Hammer"],"picked":"Philosopher\u0027s Stone"}],"items_purged_floors":[39,42],"is_endless":false,"potions_floor_spawned":[1,3,14,16,21,30,31,33,35,40],"killed_by":"Reptomancer","ascension_level":1}}