{"host":"3azvxbhvx7nk2p5g","time":1611569549,"event":{"mods":["BaseMod","Minty Spire (QoL Compilation)","StSLib","WarShipGirlsR/’ΩΩ¢…Ÿ≈ÆR mod"],"gold_per_floor":[114,126,142,162,177,177,210,210,236,236,236,255,255,274,274,371,371,390,416,190,201,201,201,229,241,264,284,284,314,334,352,352,455,455,472,491,507,271,311,327,307,321,345,345,363,397,409,421,421],"floor_reached":48,"language":"ZHS","playtime":3168,"items_purged":["rmod:strick","rmod:strick"],"score":535,"play_id":"0e70af8d-d502-440a-8e87-331a31f9d1c9","local_time":"20210125181229","is_ascension_mode":false,"campfire_choices":[{"data":"rmod:expedition","floor":6.0,"key":"SMITH"},{"floor":8.0,"key":"DIG"},{"data":"rmod:expedition+1","floor":10.0,"key":"SMITH"},{"floor":15.0,"key":"REST"},{"floor":23,"key":"DIG"},{"floor":28,"key":"REST"},{"floor":32,"key":"REST"},{"floor":44,"key":"DIG"},{"floor":47,"key":"DIG"}],"circlet_count":0,"master_deck":["rmod:strick","rmod:strick","rmod:defend","rmod:defend+1","rmod:defend+1","rmod:defend","rmod:basicallowance","rmod:maingunfire","rmod:expedition+2","rmod:desperatesituation","rmod:acesubmarine","rmod:ridicule","rmod:chargemoney","rmod:wolves+1","rmod:acesubmarine+1","rmod:heivgo+1","rmod:advancebysurprise+1","rmod:supportaircraftcarrier+1","rmod:supportaircraftcarrier+1","rmod:unsinkable+1","rmod:auspiciousomen+1","rmod:advancebysurprise+1","rmod:wife+1","rmod:timeschanged+1","rmod:guardianhero+1","rmod:firesupport+1"],"relics":["rmod:firstchargereward","Shovel","Regal Pillow","Lantern","War Paint","Molten Egg 2","Black Star","Bag of Preparation","Toxic Egg 2","Sundial","Strawberry","Nunchaku","rmod:quickrepair","Letter Opener","Sozu","Dream Catcher","InkBottle","MawBank","Oddly Smooth Stone","Torii"],"acts_visited":["Exordium","TheCity","TheBeyond"],"potions_floor_usage":[46],"damage_taken":[{"damage":0.0,"enemies":"Cultist","floor":1.0,"turns":3.0},{"damage":0.0,"enemies":"Jaw Worm","floor":2.0,"turns":3.0},{"damage":0.0,"enemies":"Small Slimes","floor":3.0,"turns":2.0},{"damage":3.0,"enemies":"Gremlin Gang","floor":4.0,"turns":8.0},{"damage":14.0,"enemies":"Lots of Slimes","floor":5.0,"turns":6.0},{"damage":40.0,"enemies":"Gremlin Nob","floor":7.0,"turns":5.0},{"damage":0.0,"enemies":"Large Slime","floor":12.0,"turns":3.0},{"damage":6.0,"enemies":"Exordium Wildlife","floor":14.0,"turns":7.0},{"damage":12.0,"enemies":"Hexaghost","floor":16.0,"turns":11.0},{"damage":0.0,"enemies":"Chosen","floor":18.0,"turns":4.0},{"damage":8.0,"enemies":"Shell Parasite","floor":21.0,"turns":5.0},{"damage":60,"enemies":"Slavers","floor":24,"turns":4},{"damage":14,"enemies":"Centurion and Healer","floor":25,"turns":6},{"damage":0,"enemies":"Snecko","floor":27,"turns":3},{"damage":26,"enemies":"Gremlin Leader","floor":29,"turns":3},{"damage":5,"enemies":"Cultist and Chosen","floor":30,"turns":2},{"damage":9,"enemies":"Centurion and Healer","floor":31,"turns":2},{"damage":22,"enemies":"Automaton","floor":33,"turns":7},{"damage":25,"enemies":"3 Darklings","floor":35,"turns":2},{"damage":4,"enemies":"Orb Walker","floor":36,"turns":2},{"damage":12,"enemies":"4 Shapes","floor":37,"turns":3},{"damage":0,"enemies":"Sphere and 2 Shapes","floor":39,"turns":2},{"damage":0,"enemies":"Maw","floor":40,"turns":6},{"damage":5,"enemies":"Spire Growth","floor":42,"turns":4},{"damage":0,"enemies":"Sphere and 2 Shapes","floor":45,"turns":3},{"damage":62,"enemies":"Nemesis","floor":46,"turns":5},{"damage":36,"enemies":"Transient","floor":48,"turns":3}],"seed_played":"7237117246621261998","potions_obtained":[{"floor":2.0,"key":"AttackPotion"},{"floor":3.0,"key":"FairyPotion"},{"floor":7.0,"key":"CultistPotion"},{"floor":12.0,"key":"DistilledChaos"}],"is_trial":false,"path_per_floor":["M","M","M","M","M","R","E","R","T","R","?","M","T","M","R","B",null,"M","T","$","M","?","R","E","M","T","M","R","E","M","M","R","B",null,"M","M","M","$","M","M","?","M","T","R","M","E","R","M"],"character_chosen":"PRAEFECT","items_purchased":["rmod:chargemoney","rmod:wolves+1","rmod:timeschanged+1"],"campfire_rested":3,"item_purchase_floors":[20,20,38],"current_hp_per_floor":[82,82,82,79,65,65,25,25,25,25,18,18,18,12,51,39,82,82,82,82,74,74,74,21,7,7,7,48,22,17,8,49,27,89,64,60,48,48,48,48,48,43,43,43,43,16,16,0,0],"gold":421,"neow_bonus":"TEN_PERCENT_HP_BONUS","is_daily":false,"chose_seed":false,"campfire_upgraded":2,"win_rate":0.0,"timestamp":1611569549,"path_taken":["M","M","?","M","M","R","E","R","T","R","?","M","?","M","R","BOSS","M","?","$","M","?","R","E","M","T","?","R","E","M","M","R","BOSS","M","?","M","$","?","M","?","M","T","R","M","E","R","M"],"items_purchased_type":["Card","Card","Card"],"build_version":"2020-12-22","purchased_purges":2,"victory":false,"max_hp_per_floor":[82,82,82,82,82,82,82,82,82,82,82,82,82,82,82,82,82,82,82,82,82,82,82,89,89,89,89,89,89,89,89,89,89,89,89,89,89,89,89,89,89,89,89,89,89,89,89,89,89],"card_choices":[{"not_picked":["rmod:combined","rmod:slowdown","rmod:robin"],"picked":"SKIP","floor":1.0},{"not_picked":["rmod:victimresponsibility","rmod:firesupport","rmod:combined"],"picked":"SKIP","floor":2.0},{"not_picked":["rmod:ammunitionsupply","rmod:supportescort"],"picked":"rmod:expedition","floor":3.0},{"not_picked":["rmod:steelsupply","rmod:firesupport"],"picked":"rmod:desperatesituation","floor":4.0},{"not_picked":["rmod:firesupport","rmod:luckystar","rmod:fuelsupply"],"picked":"SKIP","floor":5.0},{"not_picked":["rmod:supportescort","rmod:capitalist"],"picked":"rmod:acesubmarine","floor":7.0},{"not_picked":["rmod:garrisonisland","rmod:victimresponsibility","rmod:fuelsupply"],"picked":"SKIP","floor":12.0},{"not_picked":["rmod:capitalist","rmod:expedition","rmod:combined+1"],"picked":"SKIP","floor":14.0},{"not_picked":["rmod:supriseattacks","rmod:u235"],"picked":"rmod:ridicule","floor":16.0},{"not_picked":["rmod:supportescort","rmod:shuttlebombing","rmod:aviationdawn"],"picked":"SKIP","floor":18.0},{"not_picked":["rmod:generalist+1","rmod:luckystar+1","rmod:maintain"],"picked":"SKIP","floor":21},{"not_picked":["rmod:ring+1","rmod:stealaluminum"],"picked":"rmod:heivgo+1","floor":24},{"not_picked":["rmod:aggressivemary+1","rmod:diamondstrike+1"],"picked":"rmod:advancebysurprise+1","floor":25},{"not_picked":["rmod:combined+1","rmod:steelsupply+1"],"picked":"rmod:supportaircraftcarrier+1","floor":27},{"not_picked":["rmod:ridicule+1","rmod:diaomin+1"],"picked":"rmod:supportaircraftcarrier+1","floor":29},{"not_picked":["rmod:unsinkable+1","rmod:rockthrower+1","rmod:aviationdawn+1"],"picked":"SKIP","floor":30},{"not_picked":["rmod:combined+1","rmod:luckystar+1"],"picked":"rmod:unsinkable+1","floor":31},{"not_picked":["rmod:desperatesituation","rmod:stealaluminum"],"picked":"rmod:auspiciousomen+1","floor":33},{"not_picked":["rmod:fletcherpendant+1","rmod:supportescort+1"],"picked":"rmod:advancebysurprise+1","floor":35},{"not_picked":["rmod:intelligenceanalysis+1","rmod:luckystar+1"],"picked":"rmod:wife+1","floor":36},{"not_picked":["rmod:victimresponsibility+1","rmod:steelsupply+1","rmod:combined+1"],"picked":"SKIP","floor":37},{"not_picked":["rmod:shuttlebombing+1","rmod:aviationdawn+1","rmod:luckystar+1"],"picked":"SKIP","floor":39},{"not_picked":["rmod:u235+1","rmod:launchingtorpedo+1","rmod:unsinkable+1"],"picked":"SKIP","floor":40},{"not_picked":["rmod:u235+1","rmod:launchingtorpedo+1","rmod:unsinkable+1"],"picked":"SKIP","floor":40},{"not_picked":[],"picked":"rmod:guardianhero","floor":41},{"not_picked":["rmod:generalist+1","rmod:ammunitionsupply+1","rmod:aluminumsupply+1"],"picked":"SKIP","floor":42},{"not_picked":["rmod:combined+1","rmod:aluminumsupply+1","rmod:steelsupply+1"],"picked":"SKIP","floor":45},{"not_picked":["rmod:chargemoney+1","rmod:ammunitionsupply+1"],"picked":"rmod:firesupport+1","floor":46}],"player_experience":40024,"relics_obtained":[{"floor":7.0,"key":"Shovel"},{"floor":8.0,"key":"Regal Pillow"},{"floor":9.0,"key":"Lantern"},{"floor":13.0,"key":"Molten Egg 2"},{"floor":19.0,"key":"Bag of Preparation"},{"floor":23,"key":"Toxic Egg 2"},{"floor":24,"key":"Sundial"},{"floor":24,"key":"Strawberry"},{"floor":26,"key":"Nunchaku"},{"floor":29,"key":"rmod:quickrepair"},{"floor":29,"key":"Letter Opener"},{"floor":43,"key":"Dream Catcher"},{"floor":44,"key":"InkBottle"},{"floor":46,"key":"MawBank"},{"floor":46,"key":"Oddly Smooth Stone"},{"floor":47,"key":"Torii"}],"event_choices":[{"damage_healed":0.0,"max_hp_gain":0.0,"max_hp_loss":0.0,"gold_gain":0.0,"event_name":"Scrap Ooze","player_choice":"Success","floor":11.0,"gold_loss":0.0,"damage_taken":7.0,"relics_obtained":["War Paint"]},{"damage_healed":0,"gold_gain":0,"player_choice":"Copied","damage_taken":0,"max_hp_gain":0,"max_hp_loss":0,"event_name":"Duplicator","floor":22,"gold_loss":0,"cards_obtained":["rmod:acesubmarine"]}],"is_beta":false,"boss_relics":[{"not_picked":["SlaversCollar","Fusion Hammer"],"picked":"Black Star"},{"not_picked":["Philosopher\u0027s Stone","Runic Dome"],"picked":"Sozu"}],"items_purged_floors":[20,38],"is_endless":false,"potions_floor_spawned":[2,3,7,12,16,21,25,27,29,35,39,42,45],"killed_by":"Transient","ascension_level":0}}