{"host":"f4xk8spljo3akohx","time":1611564323,"event":{"mods":["Act Like it!","Arknights The Spire","BaseMod","Better Third Choice","Downfall","Ekko","Gensokyo","GifTheSpireLib","Hallownest","Hermit","Highlight Path","Luminous","Marisa£®ÏF”Í°°ƒß¿Ì…≥£©","Minty Spire (QoL Compilation)","Quick Restart","Reimu£®≤©¿ˆ¡È√Œ£©","Remilia£®¿Ÿ√◊¿Ú—«£©","Replay The Spire","StSLib","The Bug Knight","The Cursed","The Marked","The Runesmith","The Senshi","The Servant 0.9.4","Waifu the Spire","WarShipGirlsR/’ΩΩ¢…Ÿ≈ÆR mod","Yakumo Yukari mod","Youmu£®ªÍ∆«—˝√Œ£©","Yuyuko","°æ“≈ŒÔø®≈∆°øREMEMod"],"gold_per_floor":[115,133,163,163,88,88,113,126,152,152,152,170,170,170,170,170,170],"floor_reached":16,"language":"ZHS","playtime":434,"items_purged":["ats:Strike G"],"score":133,"play_id":"abb7f47f-f544-4a22-816b-95ec7cbd1026","local_time":"20210125164523","is_ascension_mode":false,"campfire_choices":[{"data":"ats:Neurotoxin","floor":6,"key":"SMITH"},{"floor":11,"key":"REST"},{"floor":15,"key":"REST"}],"circlet_count":0,"master_deck":["ats:Strike C","ats:Strike S","ats:Strike V","ats:Armor Crushing Shot","ats:Defend","ats:Defend","ats:Defend","ats:Defend","ats:Emotion Absorption","ats:Neurotoxin+1","ats:Durian+1","ats:Consecutive Shot Auto","ats:Neurotoxin"],"relics":["ats:Sanity","REME_ComplimentaryCards","NeowsBlessing","ats:Originium","Nunchaku","Bag of Marbles","Omamori","Hallownest:DreamNailRelic","RuthlessExorcism:ReiMu","Hallownest:SalubrasBlessingRelic"],"acts_visited":["Hallownest:Greenpath"],"potions_floor_usage":[7,16],"damage_taken":[{"damage":0,"enemies":"Hallownest:monsterHuskGuard","floor":1,"turns":1},{"damage":0,"enemies":"2_ Uuma","floor":2,"turns":1},{"damage":0,"enemies":"Hallownest:eliteVengeflyKing","floor":3,"turns":1},{"damage":64,"enemies":"Hallownest:eliteVengeflyKing","floor":7,"turns":7},{"damage":0,"enemies":"Hallownest:monsterHuskWarrior","floor":8,"turns":3},{"damage":17,"enemies":"Hallownest:2_Tiktiks_1_Baldur_1_Crawlid","floor":12,"turns":4},{"damage":39,"enemies":"Hallownest:BossFalseKnight","floor":16,"turns":6}],"seed_played":"-5787384134724539029","potions_obtained":[{"floor":1,"key":"SpeedPotion"},{"floor":2,"key":"Strength Potion"},{"floor":3,"key":"Block Potion"},{"floor":8,"key":"BlessingOfTheForge"}],"is_trial":false,"path_per_floor":["M","M","?","?","$","R","E","M","T","?","R","M","T","?","R","B"],"character_chosen":"DOCTOR_CLASS","items_purchased":[],"campfire_rested":2,"item_purchase_floors":[],"current_hp_per_floor":[72,72,72,72,72,72,8,8,8,8,29,12,12,12,35,0,0],"gold":170,"neow_bonus":"THREE_ENEMY_KILL","is_daily":false,"chose_seed":false,"campfire_upgraded":1,"win_rate":0.0,"timestamp":1611564323,"path_taken":["M","M","?","?","?","R","E","M","T","?","R","?","?","?","R","BOSS"],"items_purchased_type":[],"build_version":"2020-12-22","purchased_purges":1,"victory":false,"max_hp_per_floor":[72,72,72,72,72,72,72,72,72,72,72,72,72,72,74,74,74],"card_choices":[{"not_picked":["ats:Soul Absorption","ats:Magnetic Hammer"],"picked":"ats:Neurotoxin","floor":1},{"not_picked":["ats:Collapsing Strike","ats:Closed Bolt Burst Fire","ats:Very Hot Blade"],"picked":"SKIP","floor":2},{"not_picked":["ats:Flame Of Heaven","ats:Poison Spread"],"picked":"ats:Durian","floor":3},{"not_picked":["ats:Charging Defense","ats:Composite Medical Shells"],"picked":"ats:Consecutive Shot Auto","floor":7},{"not_picked":["ats:Hook Shot","ats:Serious Mode","ats:Hammer On"],"picked":"SKIP","floor":8},{"not_picked":["ats:Powerful Strike","ats:Phantom"],"picked":"ats:Neurotoxin","floor":12}],"player_experience":67118,"relics_obtained":[{"floor":3,"key":"ats:Originium"},{"floor":3,"key":"Nunchaku"},{"floor":7,"key":"ats:Originium"},{"floor":7,"key":"Bag of Marbles"},{"floor":9,"key":"Omamori"},{"floor":13,"key":"RuthlessExorcism:ReiMu"}],"event_choices":[],"is_beta":false,"boss_relics":[],"items_purged_floors":[5],"is_endless":false,"potions_floor_spawned":[1,2,3,8,12],"killed_by":"Hallownest:BossFalseKnight","ascension_level":0}}