{"host":"dbb4fkd1j4jczim2","time":1611552479,"event":{"mods":["BaseMod","Downfall","Marisa????????","Minty Spire (QoL Compilation)","Permanent Neow","StSLib"],"gold_per_floor":[99,118,130,141,141,158,158,17,37,50,85,96,96,111,131,235,235,235,250,250,525,625,625,625,277,277,296,307,307,307,320,333,429,429,429,444,122,122,174,174,174,194,29,61,76,91,91,121,132,132],"floor_reached":51,"language":"ENG","playtime":3378,"items_purged":["champ:RecklessLeap+1","Regret","champ:GutPunch","champ:Execute"],"score":863,"play_id":"c9130588-e2c6-4cec-a9aa-ff8806a766df","local_time":"20210124232759","is_ascension_mode":false,"campfire_choices":[{"data":"champ:Taunt","floor":1,"key":"SMITH"},{"data":"champ:PreciseThrust","floor":13,"key":"SMITH"},{"data":"champ:StanceDance","floor":18,"key":"SMITH"},{"data":"expansioncontent:DashGenerateEvil","floor":26,"key":"SMITH"},{"data":"champ:ShieldSigil","floor":29,"key":"SMITH"},{"data":"champ:StanceDance","floor":35,"key":"SMITH"},{"data":"champ:DefensiveStyle","floor":47,"key":"SMITH"}],"circlet_count":0,"master_deck":["champ:Strike","champ:Strike","champ:Strike","champ:Strike","champ:Defend","champ:Taunt+1","champ:DefensiveStyle+1","champ:ShieldSigil+1","champ:PreciseThrust+1","champ:HoldFirm+1","champ:Lariat","champ:StanceDance+1","champ:Circumvent","champ:EnGarde","champ:BringItOn","champ:StanceDance+1","champ:FalseCounter","champ:TripleStrike","CurseOfTheBell","champ:ShieldSigil+1","champ:ArenaPreparation+1","expansioncontent:DashGenerateEvil+1","champ:RageSigil","champ:PerfectedStrike","champ:RageSigil+1","champ:ShieldSigil","champ:ShieldWall","champ:DefensiveStyle+1","champ:RisingSlash+1","champ:FlashCut+1","champ:MurderStrike+1","champ:SwordSigil+1","champ:ShieldSigil","champ:ShieldWall","champ:StanceDance+1","champ:RisingSlash+1"],"relics":["Astrolabe","Eternal Feather","Ornamental Fan","Calling Bell","Juzu Bracelet","Meat on the Bone","Lizard Tail","champ:BlackKnightHelmet","Letter Opener","Gremlin Horn","Philosopher\u0027s Stone","champ:BerserkersGuideToSlaughter","CatCart","Molten Egg 2","Prayer Wheel","Bird Faced Urn"],"acts_visited":["Exordium","TheCity","TheBeyond"],"potions_floor_usage":[22,22,39],"damage_taken":[{"damage":24,"enemies":"Small Slimes","floor":2,"turns":3},{"damage":24,"enemies":"Cultist","floor":3,"turns":2},{"damage":0,"enemies":"Jaw Worm","floor":4,"turns":2},{"damage":5,"enemies":"Exordium Wildlife","floor":6,"turns":3},{"damage":10,"enemies":"downfall:FleeingMerchant","floor":8,"turns":4},{"damage":0,"enemies":"Blue Slaver","floor":9,"turns":3},{"damage":1,"enemies":"2 Fungi Beasts","floor":10,"turns":3},{"damage":0,"enemies":"Lagavulin","floor":11,"turns":6},{"damage":0,"enemies":"Exordium Wildlife","floor":12,"turns":5},{"damage":0,"enemies":"Red Slaver","floor":14,"turns":3},{"damage":14,"enemies":"Blue Slaver","floor":15,"turns":4},{"damage":0,"enemies":"IC_STATUS_ARCHETYPE","floor":16,"turns":6},{"damage":6,"enemies":"Chosen","floor":19,"turns":4},{"damage":82,"enemies":"Chosen","floor":22,"turns":11},{"damage":32,"enemies":"downfall:FleeingMerchant","floor":25,"turns":4},{"damage":55,"enemies":"Centurion and Healer","floor":27,"turns":9},{"damage":6,"enemies":"Shelled Parasite and Fungi","floor":28,"turns":3},{"damage":7,"enemies":"Snake Plant","floor":31,"turns":3},{"damage":52,"enemies":"3 Cultists","floor":32,"turns":6},{"damage":24,"enemies":"SI_MIRROR_ARCHETYPE","floor":33,"turns":8},{"damage":53,"enemies":"3 Shapes","floor":36,"turns":7},{"damage":10,"enemies":"downfall:FleeingMerchant","floor":37,"turns":4},{"damage":87,"enemies":"Orin","floor":39,"turns":10},{"damage":19,"enemies":"3 Darklings","floor":42,"turns":5},{"damage":0,"enemies":"downfall:FleeingMerchant","floor":43,"turns":4},{"damage":13,"enemies":"Reptomancer","floor":44,"turns":4},{"damage":8,"enemies":"4 Shapes","floor":45,"turns":5},{"damage":5,"enemies":"Maw","floor":46,"turns":5},{"damage":53,"enemies":"Nemesis","floor":48,"turns":7},{"damage":0,"enemies":"3 Darklings","floor":49,"turns":4},{"damage":28,"enemies":"DF_ARCHETYPE_ORBS","floor":50,"turns":8}],"seed_played":"-1785478207117656527","potions_obtained":[{"floor":3,"key":"Fire Potion"},{"floor":9,"key":"sneckomod:MuddlingPotion"},{"floor":10,"key":"hexamod:SoulburnPotion"},{"floor":22,"key":"AttackPotion"},{"floor":31,"key":"Dexterity Potion"},{"floor":39,"key":"bronze:BurnAndBuffPotion"}],"is_trial":false,"path_per_floor":["R","M","M","M","?","M","T","$","M","M","E","M","R","M","M","B",null,"R","M","?","?","?","?","T","$","R","M","M","R","?","M","M","B",null,"R","M","?","?","?","?","T","M","$","E","M","M","R","E","M","B",null],"character_chosen":"THE_CHAMP","items_purchased":["champ:EnGarde","expansioncontent:DashGenerateEvil","champ:RageSigil","champ:ShieldWall","champ:BerserkersGuideToSlaughter"],"campfire_rested":0,"item_purchase_floors":[8,25,25,37,37],"current_hp_per_floor":[90,76,72,72,72,67,67,67,67,66,66,66,75,75,71,71,90,90,84,84,84,34,34,34,44,59,66,65,80,80,73,48,51,90,90,90,90,90,70,79,79,60,70,57,49,44,62,36,44,36],"gold":132,"neow_bonus":"BOSS_RELIC","is_daily":false,"chose_seed":false,"campfire_upgraded":7,"win_rate":0.0,"timestamp":1611552479,"path_taken":["R","M","M","M","?","M","T","$","?","M","E","M","R","M","M","BOSS","R","M","?","?","?","?","T","$","R","M","M","R","?","M","M","BOSS","R","M","?","?","?","?","T","M","$","E","M","M","R","E","M","BOSS"],"items_purchased_type":["Card","Card","Card","Card","Relic"],"build_version":"2020-12-22","purchased_purges":4,"victory":true,"max_hp_per_floor":[90,90,90,90,90,90,90,90,90,90,90,90,90,90,90,90,90,90,90,90,90,90,90,90,90,90,90,90,90,90,90,90,90,90,90,90,90,90,90,79,79,79,79,79,79,79,79,79,79,79],"card_choices":[{"not_picked":["champ:DefensiveStyle","champ:Circumvent"],"picked":"champ:PreciseThrust","floor":2},{"not_picked":["champ:GladiatorStyle","champ:BringItOn"],"picked":"champ:HoldFirm","floor":3},{"not_picked":["champ:TornadoPunch","champ:DefensiveShout"],"picked":"champ:Lariat","floor":4},{"not_picked":["champ:LastStand","champ:CrownThrow"],"picked":"champ:StanceDance","floor":6},{"not_picked":["champ:TornadoPunch","champ:EndlessRage"],"picked":"champ:Circumvent","floor":8},{"not_picked":["champ:CrownThrow","champ:AdrenalArmor","champ:EnragedBash"],"picked":"SKIP","floor":9},{"not_picked":["champ:AdrenalArmor","champ:Circumvent"],"picked":"champ:BringItOn","floor":10},{"not_picked":["champ:BerserkersShout","champ:BringItOn"],"picked":"champ:StanceDance","floor":11},{"not_picked":["champ:ShieldSlam","champ:LastStand"],"picked":"champ:FalseCounter","floor":12},{"not_picked":["champ:StanceDance","champ:FocusedBerserking"],"picked":"champ:GutPunch","floor":14},{"not_picked":["champ:AdrenalArmor","champ:BerserkersShout","champ:RapidStrikes"],"picked":"SKIP","floor":15},{"not_picked":["champ:Improvising","champ:DancingMaster"],"picked":"champ:TripleStrike","floor":16},{"not_picked":["champ:RapidStrikes","champ:AdrenalArmor"],"picked":"champ:ShieldSigil","floor":19},{"not_picked":["champ:SteelEdge","champ:AdrenalArmor"],"picked":"champ:ArenaPreparation+1","floor":25},{"not_picked":["champ:StanceDance","champ:EnGarde+1"],"picked":"champ:Haymaker","floor":27},{"not_picked":["champ:Lariat","champ:FanOfKnives+1","champ:AdrenalArmor+1"],"picked":"SKIP","floor":28},{"not_picked":["champ:PreciseThrust","champ:FlashCut"],"picked":"champ:PerfectedStrike","floor":31},{"not_picked":["champ:Encircle","champ:PreciseThrust+1"],"picked":"champ:RageSigil+1","floor":32},{"not_picked":["champ:GutPunch+1","champ:AdrenalArmor+1"],"picked":"champ:ShieldSigil","floor":36},{"not_picked":["champ:BladeFlurry","champ:BerserkersShout+1","champ:CheapShot"],"picked":"SKIP","floor":37},{"not_picked":["champ:StanceDance","champ:AdrenalArmor"],"picked":"champ:DefensiveStyle","floor":39},{"not_picked":["champ:SetATrap+1","champ:DefensiveShout"],"picked":"champ:RisingSlash+1","floor":42},{"not_picked":["champ:FaceSlap+1","champ:EnGarde"],"picked":"champ:FlashCut+1","floor":43},{"not_picked":["champ:CrownThrow+1","champ:SkillfulDodge+1"],"picked":"champ:MurderStrike+1","floor":44},{"not_picked":["champ:TornadoPunch+1","champ:Circumvent"],"picked":"champ:SwordSigil+1","floor":45},{"not_picked":["champ:AdrenalArmor+1","champ:GladiatorStyle+1"],"picked":"champ:ShieldSigil","floor":45},{"not_picked":["champ:RisingSlash+1","champ:BerserkersShout+1","champ:ShieldSigil"],"picked":"SKIP","floor":46},{"not_picked":["champ:Backstep","champ:CrownThrow+1","champ:ShieldSlam"],"picked":"SKIP","floor":46},{"not_picked":["champ:FanOfKnives+1","champ:Lariat+1"],"picked":"champ:ShieldWall","floor":48},{"not_picked":["champ:CrownThrow+1","champ:IgnorePain"],"picked":"champ:StanceDance+1","floor":49},{"not_picked":["champ:AdrenalArmor","champ:BerserkerStyle"],"picked":"champ:RisingSlash+1","floor":49}],"player_experience":308259,"relics_obtained":[{"floor":7,"key":"Eternal Feather"},{"floor":11,"key":"Ornamental Fan"},{"floor":17,"key":"Juzu Bracelet"},{"floor":17,"key":"Meat on the Bone"},{"floor":17,"key":"Lizard Tail"},{"floor":22,"key":"champ:BlackKnightHelmet"},{"floor":22,"key":"Letter Opener"},{"floor":24,"key":"Gremlin Horn"},{"floor":39,"key":"CatCart"},{"floor":41,"key":"Molten Egg 2"},{"floor":44,"key":"Prayer Wheel"},{"floor":48,"key":"Bird Faced Urn"}],"event_choices":[{"damage_healed":0,"gold_gain":0,"player_choice":"Forge","damage_taken":0,"max_hp_gain":0,"max_hp_loss":0,"event_name":"Accursed Blacksmith","floor":5,"gold_loss":0,"cards_upgraded":["champ:HoldFirm"]},{"damage_healed":0,"gold_gain":0,"player_choice":"Ignored","damage_taken":0,"max_hp_gain":0,"max_hp_loss":0,"event_name":"Ghosts","floor":20,"gold_loss":0},{"damage_healed":0,"gold_gain":0,"player_choice":"Ignored","damage_taken":0,"max_hp_gain":0,"max_hp_loss":0,"event_name":"Vampires","floor":30,"gold_loss":0},{"cards_removed":["champ:Haymaker"],"damage_healed":0,"gold_gain":0,"player_choice":"Removed Attack","damage_taken":0,"max_hp_gain":0,"max_hp_loss":0,"event_name":"Falling","floor":38,"gold_loss":0},{"damage_healed":0,"gold_gain":0,"player_choice":"Fight","damage_taken":0,"max_hp_gain":0,"max_hp_loss":0,"event_name":"OrinTheCat","floor":39,"gold_loss":0}],"is_beta":false,"boss_relics":[{"not_picked":["Snecko Eye","bronze:MakeshiftBattery"],"picked":"Calling Bell"},{"not_picked":["Black Star","Sozu"],"picked":"Philosopher\u0027s Stone"}],"items_purged_floors":[8,25,37,43],"is_endless":false,"potions_floor_spawned":[3,9,10,15,16,22,31,33,36,39,46,48,49],"ascension_level":0}}