{"host":"8g198xe1n7br41jb","time":1611617682,"event":{"mods":["BaseMod","Downfall","Minty Spire (QoL Compilation)","StSLib","SuperFastMode"],"gold_per_floor":[99,119,129,142,159,159,159,179,279,309,309,327,65,80,97,202,202,2,21,21,6,106,120,145,145,145,171,195,207,219,242,274,384,396,408,437,462,491,219,319,390,403,43,57,57,74,74,84,103,103],"floor_reached":51,"language":"ENG","playtime":12541,"items_purged":["bronze:CloningBeam"],"score":715,"play_id":"0f7113a9-2209-40d9-a533-2e1b52dbbd1c","local_time":"20210126003442","is_ascension_mode":false,"campfire_choices":[{"data":"bronze:Goto","floor":1.0,"key":"SMITH"},{"floor":6.0,"key":"RECALL"},{"data":"bronze:Assembly","floor":18,"key":"SMITH"},{"floor":30,"key":"REST"},{"data":"bronze:HardenedForm","floor":35,"key":"SMITH"},{"data":"bronze:Optimize","floor":45,"key":"SMITH"},{"data":"J.A.X.","floor":47,"key":"SMITH"}],"circlet_count":0,"master_deck":["bronze:Defend","bronze:Defend","bronze:Defend","bronze:Replicate+1","bronze:Goto+1","bronze:WhirlingStrike","bronze:Repair","bronze:ChosenStrike","bronze:CutThrough","bronze:CloningBeam","bronze:Deprecate","bronze:Branch","bronze:Overheat","bronze:DelayedGuard","bronze:Assembly+1","bronze:Flail","J.A.X.+1","bronze:BronzeArmor","bronze:FineTuning","bronze:Repair","bronze:Optimize+1","bronze:Iterate+1","bronze:HardenedForm+1","bronze:FollowUp+1","bronze:Iterate+1","bronze:Assembly+1","Parasite","bronze:Invalidate+1"],"relics":["bronze:BronzeCore","Mummified Hand","Philosopher\u0027s Stone","downfall:HeartBlessingRed","downfall:HeartBlessingBlue","Blue Candle","MutagenicStrength","Juzu Bracelet","Unceasing Top","MawBank","Black Star","Happy Flower","Pantograph","DollysMirror","Meat on the Bone","HornCleat"],"acts_visited":["Exordium","TheCity","TheBeyond"],"potions_floor_usage":[27,27,32,43,50,50],"damage_taken":[{"damage":10.0,"enemies":"Jaw Worm","floor":2.0,"turns":5.0},{"damage":0.0,"enemies":"2 Louse","floor":3.0,"turns":2.0},{"damage":1.0,"enemies":"Cultist","floor":4.0,"turns":4.0},{"damage":0.0,"enemies":"2 Fungi Beasts","floor":5.0,"turns":2.0},{"damage":5.0,"enemies":"Exordium Wildlife","floor":8.0,"turns":3.0},{"damage":40.0,"enemies":"downfall:Heads","floor":9.0,"turns":6.0},{"damage":14.0,"enemies":"Blue Slaver","floor":12.0,"turns":3.0},{"damage":0.0,"enemies":"downfall:FleeingMerchant","floor":13.0,"turns":4.0},{"damage":1.0,"enemies":"2 Fungi Beasts","floor":14.0,"turns":2.0},{"damage":0.0,"enemies":"Large Slime","floor":15.0,"turns":4.0},{"damage":41.0,"enemies":"IC_STATUS_ARCHETYPE","floor":16.0,"turns":11.0},{"damage":18,"enemies":"Shell Parasite","floor":19,"turns":4},{"damage":0,"enemies":"downfall:FleeingMerchant","floor":21,"turns":4},{"damage":53,"enemies":"downfall:Augmenter","floor":22,"turns":5},{"damage":6,"enemies":"3 Byrds","floor":23,"turns":4},{"damage":2,"enemies":"Slavers","floor":27,"turns":2},{"damage":3,"enemies":"3 Cultists","floor":31,"turns":3},{"damage":21,"enemies":"Shelled Parasite and Fungi","floor":32,"turns":4},{"damage":6,"enemies":"WA_ARCHETYPE_CALM","floor":33,"turns":5},{"damage":16,"enemies":"3 Shapes","floor":36,"turns":3},{"damage":0,"enemies":"Orb Walker","floor":37,"turns":2},{"damage":41,"enemies":"Spire Growth","floor":38,"turns":5},{"damage":0,"enemies":"downfall:FleeingMerchant","floor":39,"turns":4},{"damage":5,"enemies":"4 Shapes","floor":42,"turns":3},{"damage":0,"enemies":"Writhing Mass","floor":44,"turns":4},{"damage":3,"enemies":"3 Darklings","floor":46,"turns":2},{"damage":1,"enemies":"Transient","floor":48,"turns":5},{"damage":4,"enemies":"Jaw Worm Horde","floor":49,"turns":3},{"damage":34,"enemies":"DF_ARCHETYPE_ORBS","floor":50,"turns":5}],"seed_played":"1933364184412037245","potions_obtained":[{"floor":3.0,"key":"bronze:FreeFunctionsPotion"},{"floor":8.0,"key":"sneckomod:MuddlingPotion"},{"floor":12.0,"key":"SkillPotion"},{"floor":22,"key":"Dexterity Potion"},{"floor":27,"key":"Regen Potion"},{"floor":31,"key":"Regen Potion"},{"floor":32,"key":"BlessingOfTheForge"},{"floor":36,"key":"Strength Potion"},{"floor":49,"key":"SteroidPotion"}],"is_trial":false,"path_per_floor":["R","M","M","M","M","R","T","M","?","?","?","M","$","M","M","B",null,"R","M","?","$","?","M","T","?","?","E","T","?","R","M","M","B",null,"R","M","M","M","$","?","T","M","$","M","R","M","R","M","M","B",null],"character_chosen":"THE_AUTOMATON","items_purchased":["Mummified Hand","Happy Flower","Pantograph","DollysMirror","HornCleat","Fruit Juice"],"campfire_rested":1,"item_purchase_floors":[13,39,39,39,43,43],"current_hp_per_floor":[77,67,67,73,77,77,77,72,38,38,38,31,38,37,37,10,77,87,69,64,71,25,26,26,26,26,38,38,38,64,71,76,81,87,87,82,87,48,63,63,63,76,81,92,92,92,92,91,92,67],"gold":103,"neow_bonus":"TEN_PERCENT_HP_BONUS","is_daily":false,"chose_seed":false,"campfire_upgraded":5,"win_rate":0.0,"timestamp":1611617682,"path_taken":["R","M","M","M","M","R","T","M","?","?","?","?","$","M","M","BOSS","R","M","?","$","?","?","T","?","?","E","?","?","R","M","M","BOSS","R","M","M","M","$","?","T","M","$","M","R","M","R","M","M","BOSS"],"items_purchased_type":["Relic","Relic","Relic","Relic","Relic","Potion"],"build_version":"2020-12-22","purchased_purges":1,"victory":true,"max_hp_per_floor":[77,77,77,77,77,77,77,77,77,77,77,77,77,77,77,77,77,87,87,87,87,87,87,87,87,87,87,87,87,87,87,87,87,87,87,87,87,87,87,87,87,87,92,92,92,92,92,92,92,92],"card_choices":[{"not_picked":["bronze:Frontload","bronze:Turbo"],"picked":"bronze:WhirlingStrike","floor":2.0},{"not_picked":["bronze:Iterate","bronze:Invalidate"],"picked":"bronze:Repair","floor":3.0},{"not_picked":["bronze:BugBarrage","bronze:Return"],"picked":"bronze:ChosenStrike","floor":4.0},{"not_picked":["bronze:Philosophize","bronze:BugBarrage","bronze:BitShift"],"picked":"SKIP","floor":5.0},{"not_picked":["bronze:Turbo","bronze:BuggyMess"],"picked":"bronze:CutThrough","floor":8.0},{"not_picked":["bronze:CutThrough","bronze:Shell"],"picked":"bronze:CloningBeam","floor":9.0},{"not_picked":["bronze:Shell","bronze:BuggyMess"],"picked":"bronze:Deprecate","floor":12.0},{"not_picked":["bronze:WhirlingStrike","bronze:DigitalCarnage"],"picked":"bronze:Branch","floor":13.0},{"not_picked":["bronze:ShipIt","bronze:NullPointer"],"picked":"bronze:Overheat","floor":14.0},{"not_picked":["bronze:Branch","bronze:WhirlingStrike"],"picked":"bronze:DelayedGuard","floor":15.0},{"not_picked":["bronze:ShipIt","bronze:Mutator"],"picked":"bronze:Assembly","floor":16.0},{"not_picked":["bronze:ClassDefault","bronze:Overheat","bronze:DigitalCarnage"],"picked":"SKIP","floor":19},{"not_picked":["bronze:OilSpill","bronze:NullPointer"],"picked":"bronze:Flail","floor":21},{"not_picked":[],"picked":"J.A.X.","floor":22},{"not_picked":["bronze:BronzeArmor+1","bronze:DelayedSlice"],"picked":"bronze:Repair","floor":23},{"not_picked":["bronze:Overheat+1","bronze:FineTuning+1"],"picked":"bronze:Optimize","floor":27},{"not_picked":["bronze:ChildClass+1","bronze:CloningBeam+1"],"picked":"bronze:Iterate+1","floor":31},{"not_picked":["bronze:BuggyMess","bronze:DelayedGuard","bronze:Turbo"],"picked":"SKIP","floor":32},{"not_picked":["bronze:RecursiveStrike","bronze:HyperBeam"],"picked":"bronze:HardenedForm","floor":33},{"not_picked":["bronze:Turbo","bronze:CloningBeam"],"picked":"bronze:FollowUp+1","floor":36},{"not_picked":["bronze:DelayedSlice+1","bronze:OilSpill+1"],"picked":"bronze:Iterate+1","floor":37},{"not_picked":["bronze:Boost","bronze:FollowUp+1","bronze:Flail+1"],"picked":"SKIP","floor":38},{"not_picked":["bronze:ClassDefault+1","bronze:Repair+1","bronze:NullPointer+1"],"picked":"SKIP","floor":39},{"not_picked":["bronze:Backtrace+1","bronze:ChildClass","bronze:Deprecate+1"],"picked":"SKIP","floor":42},{"not_picked":["bronze:Boost","bronze:DarkDash+1","bronze:Allocate+1"],"picked":"SKIP","floor":44},{"not_picked":["bronze:BuggyMess","bronze:ItsAFeature+1"],"picked":"bronze:Invalidate+1","floor":46},{"not_picked":["bronze:Frontload+1","bronze:WildBeam","bronze:Iterate+1"],"picked":"SKIP","floor":48},{"not_picked":["bronze:Invalidate","bronze:BugBarrage","bronze:Shield+1"],"picked":"SKIP","floor":49}],"player_experience":1231240,"relics_obtained":[{"floor":22,"key":"MutagenicStrength"},{"floor":24,"key":"Juzu Bracelet"},{"floor":27,"key":"Unceasing Top"},{"floor":28,"key":"MawBank"},{"floor":41,"key":"Meat on the Bone"}],"event_choices":[],"is_beta":false,"boss_relics":[{"not_picked":["Snecko Eye","bronze:MakeshiftBattery"],"picked":"Philosopher\u0027s Stone"},{"not_picked":["Fusion Hammer","Pandora\u0027s Box"],"picked":"Black Star"}],"items_purged_floors":[39],"is_endless":false,"potions_floor_spawned":[3,8,12,14,22,27,31,32,33,36,38,48,49],"ascension_level":0}}