{"host":"gk9qdtkqd8dwfeg2","time":1611576974,"event":{"mods":["Aspiration","BaseMod","Colored Powertips","Downfall","Minty Spire (QoL Compilation)","Quick Restart","Replay The Spire","Shop Mod","StSLib","TestMod","The Servant 0.9.4","Waifu the Spire","WarShipGirlsR/战舰少女R mod","vexMod","【遗物卡牌】REMEMod"],"gold_per_floor":[112,129,129,54,64,64,64],"floor_reached":6,"language":"ZHS","playtime":184,"items_purged":[],"score":72,"play_id":"5d7f2690-c790-4be5-81af-bfee9786eff3","local_time":"20210125201614","is_ascension_mode":true,"campfire_choices":[],"circlet_count":0,"master_deck":["AscendersBane","Strike_R","Strike_R","Strike_R","Strike_R","Defend_R","Defend_R","Defend_R","Defend_R","Bash","expansioncontent:DashGenerateEvil","Evolve","Abandon","Immolate"],"relics":["Burning Blood","testmod-TestBox","REME_ComplimentaryCards","testmod-RainbowHikingShoes","King of Hearts","Replay:Ringing Soul"],"acts_visited":["Exordium"],"potions_floor_usage":[],"damage_taken":[{"damage":0,"enemies":"Small Slimes","floor":1,"turns":2},{"damage":4,"enemies":"2 Louse","floor":2,"turns":3},{"damage":17,"enemies":"Cultist","floor":5,"turns":4},{"damage":39,"enemies":"Gremlin Nob","floor":6,"turns":4}],"seed_played":"-5924922131308446898","potions_obtained":[{"floor":2,"key":"LiquidBronze"},{"floor":5,"key":"Strength Potion"}],"is_trial":false,"path_per_floor":["M","M","?","?","M","E"],"character_chosen":"IRONCLAD","items_purchased":[],"campfire_rested":0,"item_purchase_floors":[],"current_hp_per_floor":[74,75,49,49,41,2,2],"gold":64,"neow_bonus":"RANDOM_COMMON_RELIC","is_daily":false,"chose_seed":false,"campfire_upgraded":0,"win_rate":0.0,"timestamp":1611576974,"path_taken":["M","M","?","?","M","E"],"items_purchased_type":[],"build_version":"2020-12-22","purchased_purges":0,"victory":false,"max_hp_per_floor":[75,75,75,75,78,78,78],"card_choices":[{"not_picked":["True Grit","Run Through"],"picked":"Evolve","floor":1},{"not_picked":["Flex","Shrug It Off"],"picked":"Abandon","floor":2},{"not_picked":["Flex","Reckless Charge"],"picked":"Immolate","floor":5}],"player_experience":762374,"relics_obtained":[],"event_choices":[{"damage_healed":0,"gold_gain":0,"player_choice":"Success","damage_taken":26,"relics_obtained":["Replay:Ringing Soul"],"max_hp_gain":0,"max_hp_loss":0,"event_name":"Scrap Ooze","floor":3,"gold_loss":0},{"cards_removed":["Strike_R"],"damage_healed":0,"gold_gain":0,"player_choice":"Card Removal","damage_taken":0,"max_hp_gain":0,"max_hp_loss":0,"event_name":"The Cleric","floor":4,"gold_loss":75}],"is_beta":false,"boss_relics":[],"items_purged_floors":[],"is_endless":false,"potions_floor_spawned":[2,5],"killed_by":"Gremlin Nob","ascension_level":20}}