{"host":"kvh5342rl0c7vxi5","time":1611610710,"event":{"mods":["BaseMod","Downfall","Hermit","Jorbs\u0027s Wanderer Trilogy","Minty Spire (QoL Compilation)","Quick Restart","StSLib","SuperFastMode","The Poker Player"],"gold_per_floor":[109,284,37,50,65,95,15,15,15,47,73,73,112,132,132,234,234,257,275,275,295,320,356,371,402,402,434,447,221,253,51,51,161,161,182,182,182,232,256,256,295,300,300],"floor_reached":42,"language":"ENG","playtime":1833,"items_purged":["Doubt","hermit:Strike_Hermit","hermit:Defend_Hermit"],"score":882,"play_id":"0bd423db-d177-4047-b6f6-c1f389c7dc2f","local_time":"20210125163830","is_ascension_mode":true,"campfire_choices":[{"data":"hermit:Brawl","floor":8,"key":"SMITH"},{"floor":12,"key":"REST"},{"data":"hermit:Determination","floor":15,"key":"SMITH"},{"floor":32,"key":"REST"},{"floor":40,"key":"REST"}],"circlet_count":0,"master_deck":["hermit:Defend_Hermit","hermit:Defend_Hermit","hermit:Snapshot","hermit:Covet","hermit:Enervate","hermit:Headshot","hermit:Determination+1","hermit:Scavenge","hermit:TakeCover","hermit:Brawl+1","hermit:Snipe","hermit:FlashPowder","hermit:SprayPray","hermit:Coalescence","hermit:BlackWind","hermit:FinalCanter+1","hermit:EyeOfTheStorm+1","hermit:BlackWind+1","hermit:CursedWeapon","hermit:Manifest+1","hermit:Gestalt","hermit:FlashPowder+1","hermit:Glare+1","hermit:Determination","hermit:EyeOfTheStorm+1","hermit:TakeCover+1","hermit:Coalescence+1","hermit:Reprieve+1","hermit:HoleUp+1","hermit:HoleUp+1"],"relics":["hermit:Momento","Akabeko","WingedGreaves","Mango","Odd Mushroom","Singing Bowl","Dream Catcher","Astrolabe","Blood Vial","hermit:RyeStalk","Toxic Egg 2","Vajra","The Courier","hermit:DentedPlate","Bird Faced Urn","Eternal Feather"],"acts_visited":["Exordium","TheCity","TheBeyond"],"potions_floor_usage":[6,13,14,25,27,38,41],"damage_taken":[{"damage":8,"enemies":"2 Louse","floor":1,"turns":3},{"damage":0,"enemies":"Jaw Worm","floor":4,"turns":1},{"damage":0,"enemies":"Cultist","floor":5,"turns":3},{"damage":5,"enemies":"Gremlin Nob","floor":6,"turns":3},{"damage":22,"enemies":"The Mushroom Lair","floor":10,"turns":4},{"damage":26,"enemies":"3 Sentries","floor":11,"turns":6},{"damage":22,"enemies":"Lagavulin","floor":13,"turns":5},{"damage":6,"enemies":"Lots of Slimes","floor":14,"turns":4},{"damage":14,"enemies":"Hexaghost","floor":16,"turns":9},{"damage":10,"enemies":"Shell Parasite","floor":18,"turns":4},{"damage":0,"enemies":"Spheric Guardian","floor":19,"turns":2},{"damage":14,"enemies":"Cultist and Chosen","floor":21,"turns":4},{"damage":15,"enemies":"Sentry and Sphere","floor":22,"turns":4},{"damage":25,"enemies":"Gremlin Leader","floor":23,"turns":4},{"damage":0,"enemies":"Snake Plant","floor":24,"turns":1},{"damage":10,"enemies":"Slavers","floor":25,"turns":2},{"damage":2,"enemies":"Gremlin Leader","floor":27,"turns":4},{"damage":1,"enemies":"Snecko","floor":28,"turns":3},{"damage":14,"enemies":"Book of Stabbing","floor":30,"turns":3},{"damage":33,"enemies":"Automaton","floor":33,"turns":8},{"damage":3,"enemies":"Orb Walker","floor":35,"turns":3},{"damage":9,"enemies":"2 Orb Walkers","floor":38,"turns":3},{"damage":29,"enemies":"3 Shapes","floor":39,"turns":8},{"damage":41,"enemies":"Nemesis","floor":41,"turns":13},{"damage":46,"enemies":"Reptomancer","floor":42,"turns":2}],"seed_played":"4042983728205403164","potions_obtained":[{"floor":1,"key":"FearPotion"},{"floor":4,"key":"hermit:Tonic"},{"floor":11,"key":"DistilledChaos"},{"floor":16,"key":"EssenceOfSteel"},{"floor":18,"key":"bronze:BurnAndBuffPotion"},{"floor":19,"key":"AttackPotion"},{"floor":21,"key":"CultistPotion"},{"floor":25,"key":"Swift Potion"},{"floor":30,"key":"SkillPotion"},{"floor":38,"key":"hermit:Eclipse"},{"floor":41,"key":"EssenceOfSteel"}],"is_trial":false,"path_per_floor":["M","?","$","M","M","E","$","R","T","?","E","R","E","M","R","B",null,"M","M","?","M","M","E","M","E","T","E","M","$","E","$","R","B",null,"M","?","?","?","M","R","E","E"],"character_chosen":"HERMIT","items_purchased":["hermit:Headshot","Akabeko","hermit:Brawl","hermit:Glare+1","hermit:Determination","hermit:TakeCover+1","PowerPotion"],"campfire_rested":3,"item_purchase_floors":[3,3,7,29,29,31,31],"current_hp_per_floor":[67,67,67,67,67,62,62,62,76,54,28,56,34,28,28,14,76,66,66,66,54,41,18,22,14,14,14,17,17,5,5,36,5,37,36,36,36,31,16,56,29,0,0],"gold":300,"neow_bonus":"TEN_PERCENT_HP_BONUS","is_daily":false,"chose_seed":false,"campfire_upgraded":2,"win_rate":0.0,"timestamp":1611610710,"path_taken":["M","?","$","M","M","E","$","R","T","?","E","R","E","M","R","BOSS","M","M","?","?","M","E","M","E","T","E","M","?","E","$","R","BOSS","M","?","?","?","M","R","E","E"],"items_purchased_type":["Card","Relic","Card","Card","Card","Card","Potion"],"build_version":"2020-12-22","purchased_purges":3,"victory":false,"max_hp_per_floor":[82,82,82,82,82,82,82,82,96,96,96,96,96,96,96,96,96,96,96,96,98,100,102,104,104,104,104,106,106,106,106,106,106,138,138,138,131,133,135,135,137,137,137],"card_choices":[{"not_picked":["hermit:NoHoldsBarred","hermit:Dive"],"picked":"hermit:Enervate","floor":1},{"not_picked":["hermit:LowProfile","hermit:Maintenance"],"picked":"hermit:Determination","floor":4},{"not_picked":["hermit:Vantage","hermit:SprayPray"],"picked":"hermit:Scavenge","floor":5},{"not_picked":["hermit:SprayPray","hermit:DeadMansHand"],"picked":"hermit:TakeCover","floor":6},{"not_picked":["hermit:EyeOfTheStorm","hermit:TrackingShot"],"picked":"hermit:Snipe","floor":10},{"not_picked":["hermit:Determination","hermit:SprayPray"],"picked":"hermit:FlashPowder","floor":11},{"not_picked":["hermit:DeadMansHand","hermit:NoHoldsBarred"],"picked":"hermit:SprayPray","floor":13},{"not_picked":["hermit:Snipe","hermit:Quickdraw"],"picked":"hermit:Coalescence","floor":14},{"not_picked":["hermit:Roughhouse","hermit:Dissolve"],"picked":"hermit:BlackWind","floor":16},{"not_picked":["hermit:Roulette+1","hermit:HighCaliber"],"picked":"hermit:CursedWeapon","floor":18},{"not_picked":["hermit:TrackingShot","hermit:Desperado"],"picked":"hermit:Manifest+1","floor":19},{"not_picked":["hermit:Malice","hermit:SprayPray","hermit:TrackingShot+1"],"picked":"Singing Bowl","floor":21},{"not_picked":["hermit:Snipe+1","hermit:ShadowCloak+1","hermit:BodyArmor"],"picked":"Singing Bowl","floor":22},{"not_picked":["hermit:GoldenBullet","hermit:Quickdraw+1","hermit:NoHoldsBarred"],"picked":"Singing Bowl","floor":23},{"not_picked":["hermit:Horror","hermit:LowProfile+1","hermit:GoldenBullet"],"picked":"Singing Bowl","floor":24},{"not_picked":["hermit:Coalescence","hermit:EyeOfTheStorm"],"picked":"hermit:Gestalt","floor":25},{"not_picked":["hermit:ShadowCloak+1","hermit:Snipe+1"],"picked":"hermit:FlashPowder+1","floor":27},{"not_picked":["hermit:HighCaliber","hermit:DeadOrAlive","hermit:Quickdraw"],"picked":"Singing Bowl","floor":28},{"not_picked":["hermit:Glare+1","hermit:Midnight+1"],"picked":"hermit:EyeOfTheStorm+1","floor":30},{"not_picked":["hermit:Manifest+1","hermit:Enervate"],"picked":"hermit:Coalescence+1","floor":32},{"not_picked":["hermit:Purgatory","hermit:FinalCanter"],"picked":"hermit:Reprieve+1","floor":33},{"not_picked":["hermit:Manifest+1","hermit:Misfire+1"],"picked":"hermit:HoleUp+1","floor":35},{"not_picked":["hermit:Showdown+1","hermit:Headshot+1","hermit:GoldenBullet+1"],"picked":"Singing Bowl","floor":38},{"not_picked":["hermit:HighCaliber+1","hermit:Determination","hermit:ShadowCloak+1"],"picked":"Singing Bowl","floor":39},{"not_picked":["hermit:Shortfuse+1","hermit:GoldenBullet+1"],"picked":"hermit:HoleUp+1","floor":40},{"not_picked":["hermit:BodyArmor+1","hermit:Quickdraw+1","hermit:Malice"],"picked":"Singing Bowl","floor":41}],"player_experience":563285,"relics_obtained":[{"floor":6,"key":"WingedGreaves"},{"floor":9,"key":"Mango"},{"floor":10,"key":"Odd Mushroom"},{"floor":11,"key":"Singing Bowl"},{"floor":13,"key":"Dream Catcher"},{"floor":23,"key":"Blood Vial"},{"floor":25,"key":"hermit:RyeStalk"},{"floor":26,"key":"Toxic Egg 2"},{"floor":27,"key":"Vajra"},{"floor":30,"key":"The Courier"},{"floor":38,"key":"Bird Faced Urn"},{"floor":41,"key":"Eternal Feather"}],"event_choices":[{"damage_healed":0,"gold_gain":175,"player_choice":"AGREE","damage_taken":0,"max_hp_gain":0,"max_hp_loss":0,"event_name":"Liars Game","floor":2,"gold_loss":0,"cards_obtained":["Doubt"]},{"damage_healed":0,"gold_gain":0,"player_choice":"Fought Mushrooms","damage_taken":0,"max_hp_gain":0,"max_hp_loss":0,"event_name":"Mushrooms","floor":10,"gold_loss":0},{"damage_healed":0,"gold_gain":0,"player_choice":"0 cards matched","damage_taken":0,"max_hp_gain":0,"max_hp_loss":0,"event_name":"Match and Keep!","floor":20,"gold_loss":0,"cards_obtained":[]},{"cards_removed":["hermit:Defend_Hermit"],"damage_healed":0,"gold_gain":0,"player_choice":"Removed Skill","damage_taken":0,"max_hp_gain":0,"max_hp_loss":0,"event_name":"Falling","floor":36,"gold_loss":0},{"damage_healed":0,"gold_gain":0,"player_choice":"Max HP","damage_taken":0,"max_hp_gain":0,"max_hp_loss":7,"event_name":"Winding Halls","floor":37,"gold_loss":0},{"damage_healed":0,"gold_gain":0,"player_choice":"Fight","damage_taken":0,"max_hp_gain":0,"max_hp_loss":0,"event_name":"Mysterious Sphere","floor":38,"gold_loss":0}],"is_beta":false,"boss_relics":[{"not_picked":["Ectoplasm","Pandora\u0027s Box"],"picked":"Astrolabe"},{"not_picked":["SlaversCollar","hermit:ClaspedLocket"],"picked":"hermit:DentedPlate"}],"items_purged_floors":[3,29,31],"is_endless":false,"potions_floor_spawned":[1,4,11,16,18,19,21,25,30,38,41],"killed_by":"Reptomancer","ascension_level":9}}