{"host":"y7b1p9nkx4idorr2","time":1611568675,"event":{"mods":["AchievementEnabler","Act Like it!","BaseMod","Colored Map","Downfall","GifTheSpireLib","Googly Eyes","Highlight Path","Mimic Mod","Minty Spire (QoL Compilation)","Shop Mod","Spicy Shops","StSLib","Unceasing Turn Reminder"],"gold_per_floor":[99,119,119,133,153,172,172,185,210,221,4,38,38,68,85,85,85,85],"floor_reached":16,"language":"ENG","playtime":2165,"items_purged":["Guardian:Defend_Guardian"],"score":149,"play_id":"947cb788-1033-45a4-bfcd-1bbb005a2739","local_time":"20210125035755","is_ascension_mode":false,"campfire_choices":[{"floor":1,"key":"RECALL"},{"data":"Guardian:Orbwalk","floor":13,"key":"SMITH"}],"circlet_count":0,"master_deck":["Guardian:Strike_Guardian","Guardian:Strike_Guardian","Guardian:Strike_Guardian","Guardian:Defend_Guardian","Guardian:Defend_Guardian","Guardian:Defend_Guardian","Guardian:CurlUp","Guardian:TwinSlam","Guardian:Preprogram","Guardian:ShieldCharger","Guardian:Orbwalk+1","Guardian:ArmoredProtocol","Guardian:Clone","Guardian:Incinerate","Guardian:EvasiveProtocol","Guardian:CrystalBeam","Guardian:FloatingOrbs","Guardian:Gem_Green"],"relics":["Guardian:ModeShifter","Mango","Incense Burner","StrikeDummy","Bottled Flame"],"acts_visited":["Exordium"],"potions_floor_usage":[9,11,16,16],"damage_taken":[{"damage":2,"enemies":"Cultist","floor":2,"turns":5},{"damage":3,"enemies":"Small Slimes","floor":4,"turns":4},{"damage":5,"enemies":"Jaw Worm","floor":5,"turns":5},{"damage":7,"enemies":"Blue Slaver","floor":6,"turns":4},{"damage":6,"enemies":"Lots of Slimes","floor":8,"turns":6},{"damage":33,"enemies":"Gremlin Nob","floor":9,"turns":7},{"damage":9,"enemies":"Blue Slaver","floor":10,"turns":5},{"damage":0,"enemies":"downfall:FleeingMerchant","floor":11,"turns":4},{"damage":0,"enemies":"Lagavulin","floor":12,"turns":8},{"damage":7,"enemies":"3 Sentries","floor":14,"turns":7},{"damage":0,"enemies":"Exordium Thugs","floor":15,"turns":5},{"damage":15,"enemies":"IC_STATUS_ARCHETYPE","floor":16,"turns":2}],"seed_played":"-2728277171826782295","potions_obtained":[{"floor":2,"key":"Guardian:AcceleratePotion"},{"floor":8,"key":"Weak Potion"},{"floor":9,"key":"Strength Potion"},{"floor":14,"key":"Ancient Potion"},{"floor":15,"key":"champ:CounterPotion"}],"is_trial":false,"path_per_floor":["R","M","?","M","M","M","T","M","E","M","$","E","R","E","M","B"],"character_chosen":"GUARDIAN","items_purchased":["Guardian:EvasiveProtocol","Guardian:CrystalBeam"],"campfire_rested":0,"item_purchase_floors":[11,11],"current_hp_per_floor":[86,84,84,81,76,69,69,63,30,21,21,21,21,14,14,0,0,0],"gold":85,"neow_bonus":"ONE_RARE_RELIC","is_daily":false,"chose_seed":false,"campfire_upgraded":1,"win_rate":0.0,"timestamp":1611568675,"path_taken":["R","?","?","M","M","M","T","M","E","M","$","E","R","E","M","BOSS"],"items_purchased_type":["Card","Card"],"build_version":"2020-12-22","purchased_purges":1,"victory":false,"max_hp_per_floor":[86,86,86,86,86,86,86,86,86,86,86,86,86,86,86,86,86,86],"card_choices":[{"not_picked":["Guardian:RollAttack","Guardian:PrismaticBeam"],"picked":"Guardian:Gem_Yellow","floor":2},{"not_picked":["Guardian:RollAttack","Guardian:Gem_Lightblue"],"picked":"Guardian:Gem_White","floor":4},{"not_picked":["Guardian:TemporalShield","Guardian:ShieldSpikes"],"picked":"Guardian:Preprogram","floor":5},{"not_picked":["Guardian:PiercingHide","Guardian:GuardianWhirl"],"picked":"Guardian:ShieldCharger","floor":6},{"not_picked":["Guardian:RollAttack","Guardian:PrimingBeam"],"picked":"Guardian:Orbwalk","floor":8},{"not_picked":["Guardian:BodySlam","Guardian:Emergency"],"picked":"Guardian:ArmoredProtocol","floor":9},{"not_picked":["Guardian:ShieldSpikes","Guardian:DecasProtection"],"picked":"Guardian:Clone","floor":10},{"not_picked":["Guardian:ShieldCharger","Guardian:ShieldSpikes"],"picked":"Guardian:Incinerate","floor":11},{"not_picked":["Guardian:TimeSifter","Guardian:RollAttack"],"picked":"Guardian:Gem_Cyan","floor":12},{"not_picked":["Guardian:WalkerClaw","Guardian:EvasiveProtocol"],"picked":"Guardian:FloatingOrbs","floor":14},{"not_picked":["Guardian:RollAttack","Guardian:ArmoredProtocol"],"picked":"Guardian:Gem_Green","floor":15}],"player_experience":2190046,"relics_obtained":[{"floor":9,"key":"Incense Burner"},{"floor":12,"key":"StrikeDummy"},{"floor":14,"key":"Bottled Flame"}],"event_choices":[],"is_beta":false,"boss_relics":[],"items_purged_floors":[11],"is_endless":false,"potions_floor_spawned":[2,5,8,9,14,15],"killed_by":"IC_STATUS_ARCHETYPE","ascension_level":0}}