{"host":"f76kcizrccta30ww","time":1611549844,"event":{"mods":["Act Like it!","Aspiration","BaseMod","Gensokyo","Marisa（F雨　魔理沙）","Minty Spire (QoL Compilation)","Pale of the Ancients","Replay The Spire","Shop Mod","StSLib","TestMod"],"gold_per_floor":[112,112,127,143,62,89,89,106,106,138,138,138,149,129,129,226,226,243,243,9,9,28,28,62,62,116,130,130,156,81,95,95,193,193,209,254,254,270,290,290,324,324,324,345,29,48,69,103,103,110,125,155,155,51,51,65,65,90,90,113],"floor_reached":61,"language":"ZHS","playtime":10441,"items_purged":[],"score":1356,"play_id":"1e9dae15-77a3-48f1-88c7-ea5b1c576b92","local_time":"20210125124404","is_ascension_mode":false,"campfire_choices":[{"data":"Hello World","floor":7.0,"key":"SMITH"},{"data":"Streamline","floor":11.0,"key":"SMITH"},{"data":"Zap","floor":15.0,"key":"SMITH"},{"data":"Aggregate","floor":23.0,"key":"SMITH"},{"floor":25.0,"key":"REST"},{"data":"Defragment","floor":32.0,"key":"SMITH"},{"data":"Static Discharge","floor":40.0,"key":"SMITH"},{"data":"Reboot","floor":42.0,"key":"SMITH"},{"data":"Beam Cell","floor":49,"key":"SMITH"},{"data":"Storm","floor":55,"key":"SMITH"},{"data":"Skewer","floor":57,"key":"SMITH"}],"circlet_count":0,"master_deck":["Strike_B","Strike_B","Defend_B+1","Zap+1","Gash+1","Hello World+1","Go for the Eyes","Scrape+1","Gash","Streamline+1","Aggregate+1","Redo","Reboot+1","Auto Shields","Storm+1","Bouncing Flask","Skewer+1","Rip and Tear","Go for the Eyes","BasicCrystalCard+1","Beam Cell+1","Defragment+1","Reboot","Static Discharge+1","Compile Driver","Hologram+1","BasicCrystalCard+1","Streamline+1","Fission+1","Aggregate+1","Melter","Loop","BasicCrystalCard+1","Coolheaded+1","ReplaySort+1","Hologram+1","Streamline+1"],"relics":["Cracked Core","testmod-TestBox","testmod-IntensifyImprint","Burning Blood","Boot","Carrot","SlaversCollar","MutagenicStrength","MerchantsRug","testmod-Antiphasic","Gremlin Food","testmod-LifeArmor","aspiration:FaultyCoupler","testmod-Recursion","testmod-TheFather","testmod-InjuryResistance","Toxic Egg 2","Bottled Flame","Letter Opener","paleoftheancients:Timepiece","Anchor","Ice Cream","Bronze Scales","paleoftheancients:SoulOfTheCollector","Lee\u0027s Waffle","ReplayFunnel"],"acts_visited":["Exordium","TheCity","TheBeyond","paleoftheancients:PaleOfTheAncients"],"potions_floor_usage":[],"damage_taken":[{"damage":11.0,"enemies":"Small Slimes","floor":1.0,"turns":3.0},{"damage":0.0,"enemies":"Cultist","floor":3.0,"turns":3.0},{"damage":0.0,"enemies":"2 Louse","floor":4.0,"turns":2.0},{"damage":27.0,"enemies":"3 Sentries","floor":6.0,"turns":6.0},{"damage":10.0,"enemies":"Exordium Thugs","floor":8.0,"turns":2.0},{"damage":10.0,"enemies":"Gremlin Nob","floor":10.0,"turns":3.0},{"damage":2.0,"enemies":"Blue Slaver","floor":13.0,"turns":2.0},{"damage":0.0,"enemies":"Slime Boss","floor":16.0,"turns":3.0},{"damage":10.0,"enemies":"Chosen","floor":18.0,"turns":3.0},{"damage":10.0,"enemies":"Spheric Guardian","floor":22.0,"turns":4.0},{"damage":0.0,"enemies":"Gremlin Leader","floor":24.0,"turns":4.0},{"damage":11.0,"enemies":"Snecko","floor":27.0,"turns":3.0},{"damage":8.0,"enemies":"Book of Stabbing","floor":29.0,"turns":3.0},{"damage":5.0,"enemies":"Cultist and Chosen","floor":31.0,"turns":3.0},{"damage":31.0,"enemies":"Collector","floor":33.0,"turns":4.0},{"damage":11.0,"enemies":"Orb Walker","floor":35.0,"turns":2.0},{"damage":10.0,"enemies":"2 Orb Walkers","floor":36.0,"turns":2.0},{"damage":0.0,"enemies":"3 Darklings","floor":38.0,"turns":2.0},{"damage":0.0,"enemies":"Maw","floor":39.0,"turns":1.0},{"damage":9.0,"enemies":"Giant Head","floor":41.0,"turns":3.0},{"damage":0.0,"enemies":"Transient","floor":44.0,"turns":5.0},{"damage":0,"enemies":"4 Shapes","floor":46,"turns":1},{"damage":0,"enemies":"Writhing Mass","floor":47,"turns":2},{"damage":0,"enemies":"Nemesis","floor":48,"turns":1},{"damage":9,"enemies":"Replay:Hell Engine","floor":50,"turns":3},{"damage":0,"enemies":"Replay:Hell Engine","floor":51,"turns":1},{"damage":0,"enemies":"Replay:Hell Engine","floor":52,"turns":2},{"damage":13,"enemies":"Replay:Hell Engine","floor":56,"turns":2},{"damage":0,"enemies":"paleoftheancients:N","floor":60,"turns":1}],"seed_played":"7899904649441613364","potions_obtained":[{"floor":4.0,"key":"SteroidPotion"},{"floor":8.0,"key":"testmod-TestPotion"},{"floor":10.0,"key":"DuplicationPotion"},{"floor":14.0,"key":"Toxic Potion"},{"floor":16.0,"key":"ColorlessPotion"},{"floor":31.0,"key":"testmod-TestPotion"},{"floor":36.0,"key":"Toxic Potion"},{"floor":44.0,"key":"SteroidPotion"},{"floor":46,"key":"EssenceOfSteel"},{"floor":47,"key":"Elixir"},{"floor":52,"key":"Block Potion"}],"is_trial":false,"path_per_floor":["M","?","M","M","$","E","R","M","T","E","R","?","M","?","R","B",null,"M","?","$","?","M","R","E","R","T","M","?","E","?","M","R","B",null,"M","?","?","M","M","R","E","R","T","M","$","M","M","E","R","B","M","M","?","$","R","M","R","T","?","B",null],"character_chosen":"DEFECT","items_purchased":["Scrape","MerchantsRug","testmod-Antiphasic","Storm","Aggregate+1","Bottled Flame","Melter","Lee\u0027s Waffle"],"campfire_rested":1,"item_purchase_floors":[5,20,20,20,45,45,45,54],"current_hp_per_floor":[70,70,75,75,75,54,54,50,50,46,46,46,50,50,50,56,75,71,71,71,71,67,67,73,75,75,70,70,68,68,69,69,44,75,70,66,75,75,75,75,72,72,72,75,75,75,75,75,75,75,75,75,82,89,89,86,86,86,86,89],"gold":113,"neow_bonus":"NOSTALGIA","is_daily":false,"chose_seed":false,"campfire_upgraded":10,"win_rate":0.0,"timestamp":1611549844,"path_taken":["M","?","?","M","$","E","R","M","T","E","R","?","M","?","R","BOSS","M","?","$","?","M","R","E","R","T","?","?","E","?","M","R","BOSS","M","?","?","M","M","R","E","R","T","?","$","M","M","E","R","BOSS","M","M","?","$","R","M","R","T","?","BOSS"],"items_purchased_type":["Card","Relic","Relic","Card","Card","Relic","Card","Relic"],"build_version":"2020-12-22","purchased_purges":0,"victory":true,"max_hp_per_floor":[75,75,75,75,75,75,75,75,75,75,75,75,75,75,75,75,75,75,75,75,75,75,75,75,75,75,75,75,75,75,75,75,75,75,75,75,75,75,75,75,75,75,75,75,75,75,75,75,75,75,75,75,82,89,89,89,89,89,89,89],"card_choices":[{"not_picked":["Stack","Go for the Eyes"],"picked":"Gash","floor":1.0},{"not_picked":["ReplayTheSpireMod:Reroute Power","ReplaySort"],"picked":"Hello World","floor":3.0},{"not_picked":["Rebound","Coolheaded"],"picked":"Go for the Eyes","floor":4.0},{"not_picked":["ReplayTheSpireMod:Omega Cannon","Coolheaded"],"picked":"Gash","floor":6.0},{"not_picked":["BasicCrystalCard","Beam Cell"],"picked":"Streamline","floor":8.0},{"not_picked":["Redo","Cold Snap"],"picked":"Aggregate","floor":10.0},{"not_picked":["Time Bomb","Barrage"],"picked":"Redo","floor":13.0},{"not_picked":["Mirror Shield","Multi-Cast"],"picked":"Reboot","floor":16.0},{"not_picked":["ReplaySort","ReplaySolidLightProjector"],"picked":"Auto Shields","floor":18.0},{"not_picked":["Steam","Auto Shields"],"picked":"Rip and Tear","floor":22.0},{"not_picked":["Double Energy","Leap"],"picked":"Go for the Eyes","floor":24.0},{"not_picked":["Stack","ReplayTheSpireMod:Repulse"],"picked":"BasicCrystalCard+1","floor":27.0},{"not_picked":["Cold Snap","Go for the Eyes"],"picked":"Beam Cell","floor":29.0},{"not_picked":["Leap+1","BootSequence+1"],"picked":"Defragment","floor":31.0},{"not_picked":["Thunder Strike","Seek"],"picked":"Reboot","floor":33.0},{"not_picked":["Redo+1","Sweeping Beam+1"],"picked":"Static Discharge","floor":35.0},{"not_picked":["Cold Snap","ReplaySolidLightProjector+1"],"picked":"Compile Driver","floor":36.0},{"not_picked":["Conserve Battery+1","Redo+1"],"picked":"Hologram+1","floor":38.0},{"not_picked":["ReplayTheSpireMod:Reroute Power","Panic Button"],"picked":"BasicCrystalCard+1","floor":39.0},{"not_picked":["Lockon+1","Beam Cell+1"],"picked":"Streamline+1","floor":41.0},{"not_picked":["Steam+1","Stack+1"],"picked":"Fission+1","floor":44.0},{"not_picked":["Aggregate+1","Leap+1"],"picked":"Loop","floor":46},{"not_picked":["ReplaySolidLightProjector+1","Conserve Battery+1"],"picked":"BasicCrystalCard+1","floor":47},{"not_picked":["Reprogram+1","Redo+1"],"picked":"Coolheaded+1","floor":48},{"not_picked":["Streamline","Beam Cell"],"picked":"ReplaySort+1","floor":51},{"not_picked":["Conserve Battery+1","Barrage"],"picked":"Hologram+1","floor":52},{"not_picked":["Gash","Barrage"],"picked":"Streamline+1","floor":56}],"player_experience":20491,"relics_obtained":[{"floor":6.0,"key":"Boot"},{"floor":9.0,"key":"Carrot"},{"floor":10.0,"key":"Whetstone"},{"floor":24.0,"key":"Gremlin Food"},{"floor":26.0,"key":"testmod-LifeArmor"},{"floor":29.0,"key":"aspiration:FaultyCoupler"},{"floor":36.0,"key":"testmod-TheFather"},{"floor":41.0,"key":"testmod-InjuryResistance"},{"floor":43.0,"key":"Toxic Egg 2"},{"floor":48,"key":"Letter Opener"},{"floor":51,"key":"paleoftheancients:SoulOfTheCollector"},{"floor":58,"key":"ReplayFunnel"}],"event_choices":[{"cards_removed":["Defend_B"],"damage_healed":0.0,"max_hp_gain":0.0,"max_hp_loss":0.0,"gold_gain":0.0,"event_name":"Purifier","player_choice":"Purged","floor":2.0,"gold_loss":0.0,"damage_taken":0.0},{"damage_healed":0.0,"max_hp_gain":0.0,"max_hp_loss":0.0,"gold_gain":0.0,"event_name":"Liars Game","player_choice":"Ignored","floor":12.0,"gold_loss":0.0,"damage_taken":0.0},{"damage_healed":0.0,"max_hp_gain":0.0,"max_hp_loss":0.0,"gold_gain":0.0,"event_name":"The Woman in Blue","player_choice":"Bought 1 Potion","floor":14.0,"gold_loss":0.0,"damage_taken":0.0},{"damage_healed":0.0,"max_hp_gain":0.0,"max_hp_loss":0.0,"gold_gain":0.0,"event_name":"Drug Dealer","player_choice":"Inject Mutagens","floor":19.0,"gold_loss":0.0,"damage_taken":0.0,"relics_obtained":["MutagenicStrength"]},{"cards_removed":["Defend_B"],"damage_healed":0.0,"max_hp_gain":0.0,"max_hp_loss":0.0,"gold_gain":0.0,"event_name":"Back to Basics","player_choice":"Elegance","floor":28.0,"gold_loss":0.0,"damage_taken":0.0},{"cards_removed":["Dualcast"],"damage_healed":0.0,"max_hp_gain":0.0,"max_hp_loss":0.0,"gold_gain":0.0,"event_name":"Beggar","player_choice":"Gave Gold","floor":30.0,"gold_loss":75.0,"damage_taken":0.0},{"damage_healed":0.0,"max_hp_gain":0.0,"max_hp_loss":0.0,"gold_gain":0.0,"event_name":"Mysterious Sphere","player_choice":"Fight","floor":36.0,"gold_loss":0.0,"damage_taken":0.0},{"cards_removed":["Predator"],"damage_healed":9.0,"max_hp_gain":0.0,"max_hp_loss":0.0,"gold_gain":0.0,"event_name":"Bonfire Elementals","player_choice":"Offered Uncommon","floor":37.0,"gold_loss":0.0,"damage_taken":0.0},{"damage_healed":0,"gold_gain":0,"player_choice":"Swap Relic","damage_taken":0,"relics_obtained":["Strawberry"],"max_hp_gain":0,"max_hp_loss":0,"event_name":"给自己的盒子","floor":53,"relics_lost":["Strawberry"],"gold_loss":0}],"is_beta":false,"boss_relics":[{"not_picked":["vexMod:DeviousBotling","Ectoplasm"],"picked":"SlaversCollar"},{"not_picked":["testmod-EnergyCheck","Cursed Key"],"picked":"testmod-Recursion"}],"items_purged_floors":[],"is_endless":false,"potions_floor_spawned":[4,8,10,16,31,36,44,46,47,52],"ascension_level":0}}