{"host":"ooe12lh8pgcirntb","time":1611560552,"event":{"mods":["AchievementEnabler","Act Like it!","BaseMod","Beaked The Cultist","ChefMod","Colored Map","Colored Powertips","Downfall","Minty Spire (QoL Compilation)","StSLib","The Animator","The Bug Knight","The Disciple","The Hierophant","The Problem Sleuth"],"gold_per_floor":[110,40,60,91,91,91,120,147,147,147,176,87,107,107,107,216,216,187,187,142,142,142,142,171,201,201,229,229,267,114,142,142,280,280,306,306,338,347,8,8,35,35,35,52,52],"floor_reached":44,"language":"ENG","playtime":5622,"items_purged":[],"score":496,"play_id":"dafc460b-cdb1-48cf-83f8-2cf30718285a","local_time":"20210125024232","is_ascension_mode":false,"campfire_choices":[{"data":"animator:MumenRider","floor":6,"key":"SMITH"},{"data":"animator:MetalKnight","floor":10,"key":"SMITH"},{"data":"animator:Kaijin","floor":15,"key":"SMITH"},{"data":"animator:Mikaela","floor":23,"key":"SMITH"},{"data":"animator:Melzalgald","floor":28,"key":"SMITH"},{"floor":32,"key":"REST"},{"data":"animator:Entoma","floor":40,"key":"SMITH"},{"data":"animator:Genos","floor":42,"key":"SMITH"}],"circlet_count":0,"master_deck":["animator:Strike_OnePunchMan+1","animator:Defend_OnePunchMan+1","animator:Genos+1","animator:MumenRider+1","animator:Kaijin+1","animator:Yuuichirou","animator:GazelDwargon+1","animator:MetalKnight+1","animator:Sonic","animator:Strike_HitsugiNoChaika+1","animator:Strike_FullmetalAlchemist+1","animator:Strike_GATE+1","animator:Defend_Konosuba+1","animator:Defend_OwariNoSeraph+1","animator:Defend_Kancolle+1","animator:PandorasActor","animator:Eris","animator:Mikaela+1","animator:Melzalgald+1","animator:Chris","animator:Geryuganshoop+1","animator:ElricAlphonse+1","animator:Entoma+2"],"relics":["animator:LivingPicture","animator:TheMissingPiece","NeowsBlessing","animator:Buoy","HollowMod:QueensCombRelic","Odd Mushroom","animator:HolyGrailRelic","theSleuth:SaltedMelon","theSleuth:SaltedMelon","animator:EngravedStaff","Eternal Feather","Unceasing Top","Regal Pillow","Sozu","Philosopher\u0027s Stone","CaptainsWheel","Gambling Chip"],"acts_visited":["Exordium","TheCity","TheBeyond"],"potions_floor_usage":[35,38],"damage_taken":[{"damage":0,"enemies":"Jaw Worm","floor":1,"turns":1},{"damage":0,"enemies":"Small Slimes","floor":3,"turns":1},{"damage":0,"enemies":"2 Louse","floor":4,"turns":1},{"damage":10,"enemies":"Exordium Thugs","floor":7,"turns":4},{"damage":29,"enemies":"Gremlin Nob","floor":8,"turns":4},{"damage":28,"enemies":"The Mushroom Lair","floor":11,"turns":5},{"damage":0,"enemies":"Blue Slaver","floor":13,"turns":5},{"damage":0,"enemies":"Hexaghost","floor":16,"turns":10},{"damage":26,"enemies":"2 Thieves","floor":18,"turns":5},{"damage":7,"enemies":"Shell Parasite","floor":24,"turns":8},{"damage":34,"enemies":"Gremlin Leader","floor":25,"turns":11},{"damage":16,"enemies":"3 Cultists","floor":27,"turns":6},{"damage":15,"enemies":"Slavers","floor":29,"turns":7},{"damage":13,"enemies":"Centurion and Healer","floor":31,"turns":6},{"damage":27,"enemies":"Collector","floor":33,"turns":11},{"damage":0,"enemies":"Orb Walker","floor":35,"turns":4},{"damage":6,"enemies":"3 Shapes","floor":37,"turns":5},{"damage":13,"enemies":"Spire Growth","floor":38,"turns":5},{"damage":1,"enemies":"Maw","floor":41,"turns":8},{"damage":63,"enemies":"Nemesis","floor":44,"turns":8}],"seed_played":"-470607839932758292","potions_obtained":[{"floor":4,"key":"SmokeBomb"},{"floor":7,"key":"SneckoOil"},{"floor":8,"key":"Guardian:BlockOnCardUsePotion"}],"is_trial":false,"path_per_floor":["M","$","M","M","?","R","M","E","T","R","?","?","M","?","R","B",null,"M","?","$","?","?","R","M","E","T","M","R","E","$","M","R","B",null,"M","?","M","M","$","R","M","R","T","E"],"character_chosen":"THE_ANIMATOR","items_purchased":["animator:Kaijin","animator:Mikaela","Regal Pillow","animator:Entoma","CaptainsWheel"],"campfire_rested":1,"item_purchase_floors":[2,20,30,39,39],"current_hp_per_floor":[66,66,66,66,66,66,56,27,27,27,4,4,24,29,29,45,53,32,32,32,32,32,34,44,23,23,20,34,27,27,23,67,40,64,34,34,31,27,27,41,44,47,47,0,0],"gold":52,"neow_bonus":"THREE_ENEMY_KILL","is_daily":false,"chose_seed":false,"campfire_upgraded":7,"win_rate":0.0,"timestamp":1611560552,"path_taken":["M","$","M","M","?","R","M","E","T","R","?","?","M","?","R","BOSS","M","?","$","?","?","R","M","E","T","M","R","E","$","M","R","BOSS","M","?","?","M","$","R","M","R","T","E"],"items_purchased_type":["Card","Card","Relic","Card","Relic"],"build_version":"2020-12-22","purchased_purges":0,"victory":false,"max_hp_per_floor":[66,66,66,66,66,66,66,66,44,44,45,45,45,45,45,45,53,55,55,55,55,55,57,59,61,61,63,65,63,63,65,67,64,64,34,34,37,39,39,41,45,47,47,47,47],"card_choices":[{"not_picked":["animator:Shinoa","animator:Verdia","animator:SilverFang"],"picked":"SKIP","floor":1},{"not_picked":["animator:Entoma","animator:Shion"],"picked":"animator:Yuuichirou","floor":3},{"not_picked":["animator:Souei","animator:MumenRider"],"picked":"animator:GazelDwargon","floor":4},{"not_picked":["animator:MumenRider","animator:Genos"],"picked":"animator:MetalKnight","floor":7},{"not_picked":["animator:Rider","animator:Verdia"],"picked":"animator:Mitsurugi","floor":8},{"not_picked":["animator:Millim","animator:CrowleyEusford"],"picked":"animator:Sonic","floor":11},{"not_picked":["animator:Hans","animator:Sonic"],"picked":"animator:PandorasActor","floor":13},{"not_picked":["animator:Saber","animator:Shizu"],"picked":"animator:Eris","floor":16},{"not_picked":["animator:GazelDwargon","animator:ElricEdward","animator:Tatsumaki"],"picked":"SKIP","floor":18},{"not_picked":["animator:SilverFang","animator:MetalKnight"],"picked":"animator:Melzalgald","floor":24},{"not_picked":["animator:Gluttony+1","animator:Verdia"],"picked":"animator:Chris","floor":25},{"not_picked":["animator:Genos","animator:ShinjiMatou","animator:Kazuma"],"picked":"SKIP","floor":27},{"not_picked":["animator:Envy","animator:Evileye"],"picked":"animator:Geryuganshoop+1","floor":29},{"not_picked":["animator:Wiz","animator:Albedo"],"picked":"animator:Father","floor":33},{"not_picked":["animator:SilverFang+1","animator:RinTohsaka+1","animator:Sebas"],"picked":"SKIP","floor":35},{"not_picked":["animator:CrowleyEusford","animator:Hakurou"],"picked":"animator:ElricAlphonse+1","floor":37}],"player_experience":725023,"relics_obtained":[{"floor":8,"key":"animator:Buoy"},{"floor":9,"key":"HollowMod:QueensCombRelic"},{"floor":11,"key":"Odd Mushroom"},{"floor":25,"key":"animator:EngravedStaff"},{"floor":26,"key":"Eternal Feather"},{"floor":29,"key":"Unceasing Top"},{"floor":43,"key":"Gambling Chip"}],"event_choices":[{"damage_healed":0,"gold_gain":0,"player_choice":"Grow","damage_taken":0,"max_hp_gain":0,"max_hp_loss":0,"event_name":"Living Wall","floor":5,"gold_loss":0,"cards_upgraded":["animator:GazelDwargon"]},{"damage_healed":0,"gold_gain":0,"player_choice":"Fought Mushrooms","damage_taken":0,"max_hp_gain":0,"max_hp_loss":0,"event_name":"Mushrooms","floor":11,"gold_loss":0},{"cards_removed":["animator:Mitsurugi"],"damage_healed":5,"gold_gain":0,"player_choice":"Offered Common","damage_taken":0,"max_hp_gain":0,"max_hp_loss":0,"event_name":"Bonfire Elementals","floor":14,"gold_loss":0},{"cards_removed":["animator:Mitsurugi"],"damage_healed":5,"gold_gain":0,"player_choice":"Offered Special","damage_taken":0,"max_hp_gain":0,"max_hp_loss":0,"event_name":"Bonfire Elementals","floor":14,"gold_loss":0},{"damage_healed":0,"gold_gain":0,"player_choice":"Simplicity","damage_taken":0,"max_hp_gain":0,"max_hp_loss":0,"event_name":"Back to Basics","floor":21,"gold_loss":0,"cards_upgraded":["animator:Defend_OnePunchMan","animator:Strike_HitsugiNoChaika","animator:Strike_FullmetalAlchemist","animator:Strike_GATE","animator:Defend_Konosuba","animator:Defend_OwariNoSeraph","animator:Defend_Kancolle"]},{"damage_healed":0,"gold_gain":0,"player_choice":"Bought 0 Potions","damage_taken":0,"max_hp_gain":0,"max_hp_loss":0,"event_name":"The Woman in Blue","floor":22,"gold_loss":0},{"damage_healed":0,"gold_gain":0,"player_choice":"Ignored","damage_taken":0,"max_hp_gain":0,"max_hp_loss":0,"event_name":"NoteForYourself","floor":36,"gold_loss":0}],"is_beta":false,"boss_relics":[{"not_picked":["Cursed Key","Velvet Choker"],"picked":"animator:HolyGrailRelic"},{"not_picked":["Coffee Dripper","beaked:SacredDeck"],"picked":"Sozu"}],"items_purged_floors":[],"is_endless":false,"potions_floor_spawned":[4,7,8,16,25,29,31,33,35,37],"killed_by":"Nemesis","ascension_level":0}}