{"host":"tcdxiwht2vajk3tk","time":1611617156,"event":{"mods":["AchievementEnabler","BaseMod","Beaked The Cultist","Colored Powertips","Conspire","Defuse TimeMaze Blight","Downfall","Halation","Hermit","Hubris","Infinite Spire","Lobotomy","LobotomyExtend","Minty Spire (QoL Compilation)","Replay The Spire","Shop Mod","StSLib","The Cursed","The Disciple"],"gold_per_floor":[99,199,215,231,248,0,0,16,16,44,55,83,83,99,115,115,115,115],"floor_reached":16,"language":"ENG","playtime":1724,"items_purged":[],"score":120,"play_id":"996c8805-4cbb-479c-96f4-e750489402ef","local_time":"20210125182556","is_ascension_mode":true,"campfire_choices":[{"data":"bronze:Goto","floor":1.0,"key":"SMITH"},{"floor":9.0,"key":"REST"},{"floor":13.0,"key":"REST"}],"circlet_count":0,"master_deck":["infinitespire:UltimateForm+1","bronze:Strike","bronze:Strike","bronze:Strike","bronze:Strike","bronze:Defend","bronze:Defend","bronze:Defend","bronze:Defend","bronze:Replicate+1","bronze:Goto+1","bronze:Shell","bronze:DelayedGuard","bronze:ClassDefault","bronze:Safeguard","bronze:WhirlingStrike","bronze:Invalidate","bronze:FineTuning","bronze:DelayedSlice","bronze:Allocate","bronze:Optimize","bronze:Repair","bronze:WhirlingStrike","bronze:Optimize","bronze:CleanCode"],"relics":["bronze:BronzeCore","LetterFromLob","Membership Card","Pantograph","Pet Ghost","White Beast Statue"],"acts_visited":["Exordium"],"potions_floor_usage":[16,16,16],"damage_taken":[{"damage":1.0,"enemies":"Cultist","floor":3.0,"turns":3.0},{"damage":15.0,"enemies":"infinitespire:Voidling","floor":4.0,"turns":4.0},{"damage":4.0,"enemies":"2 Louse","floor":5.0,"turns":3.0},{"damage":5.0,"enemies":"downfall:FleeingMerchant","floor":6.0,"turns":4.0},{"damage":16.0,"enemies":"Lots of Slimes","floor":8.0,"turns":3.0},{"damage":19.0,"enemies":"Replay:BlueRogue","floor":10.0,"turns":5.0},{"damage":2.0,"enemies":"2 Fungi Beasts","floor":11.0,"turns":3.0},{"damage":38.0,"enemies":"Lagavulin","floor":12.0,"turns":8.0},{"damage":3.0,"enemies":"Exordium Wildlife","floor":14.0,"turns":4.0},{"damage":7.0,"enemies":"Blue Slaver","floor":15.0,"turns":3.0},{"damage":67,"enemies":"SI_SHIV_ARCHETYPE","floor":16,"turns":8}],"seed_played":"5919530489241257122","potions_obtained":[{"floor":3.0,"key":"bronze:CleanCodePotion"},{"floor":4.0,"key":"GamblersBrew"},{"floor":10.0,"key":"SpeedPotion"},{"floor":11.0,"key":"bronze:FreeFunctionsPotion"},{"floor":14.0,"key":"champ:CounterPotion"}],"is_trial":false,"path_per_floor":["R","?","M","M","M","$","T","M","R","E","M","E","R","M","M","B"],"character_chosen":"THE_AUTOMATON","items_purchased":["Membership Card","bronze:WhirlingStrike","bronze:Invalidate","bronze:FineTuning","bronze:DelayedSlice"],"campfire_rested":2,"item_purchase_floors":[6,6,6,6,6],"current_hp_per_floor":[70,70,69,61,57,52,52,36,57,38,36,8,29,33,26,0,0,0],"gold":115,"neow_bonus":"UPGRADE_CARD","is_daily":false,"chose_seed":false,"campfire_upgraded":1,"win_rate":0.0,"timestamp":1611617156,"path_taken":["R","?","?","M","M","$","T","M","R","E","M","E","R","M","M","BOSS"],"items_purchased_type":["Relic","Card","Card","Card","Card"],"build_version":"2020-12-22","purchased_purges":0,"victory":false,"max_hp_per_floor":[70,70,70,70,70,70,70,70,70,70,70,70,70,70,70,70,70,70],"card_choices":[{"not_picked":["bronze:Repulsor","bronze:Backtrace"],"picked":"bronze:Shell","floor":3.0},{"not_picked":["bronze:Constructor","bronze:GetLatest"],"picked":"bronze:DelayedGuard","floor":4.0},{"not_picked":["bronze:Branch","bronze:Turbo"],"picked":"bronze:ClassDefault","floor":5.0},{"not_picked":["bronze:Constructor","bronze:BuggyMess"],"picked":"bronze:Safeguard","floor":6.0},{"not_picked":["bronze:Invalidate","bronze:DigitalCarnage"],"picked":"bronze:Allocate","floor":8.0},{"not_picked":["bronze:Assembly","bronze:Flail"],"picked":"bronze:Optimize","floor":10.0},{"not_picked":["bronze:DelayedGuard","bronze:Flail"],"picked":"bronze:Repair","floor":11.0},{"not_picked":["bronze:Backtrace","bronze:BitShift"],"picked":"bronze:WhirlingStrike","floor":12.0},{"not_picked":["bronze:CutThrough","bronze:Backtrace"],"picked":"bronze:Optimize","floor":14.0},{"not_picked":["bronze:WhirlingStrike","bronze:ChosenStrike"],"picked":"bronze:CleanCode","floor":15.0}],"player_experience":1651623,"relics_obtained":[{"floor":3.0,"key":"LetterFromLob"},{"floor":7.0,"key":"Pantograph"},{"floor":10.0,"key":"Pet Ghost"},{"floor":12.0,"key":"White Beast Statue"}],"event_choices":[],"is_beta":false,"boss_relics":[],"items_purged_floors":[],"is_endless":false,"potions_floor_spawned":[3,4,10,11,14,15],"killed_by":"SI_SHIV_ARCHETYPE","ascension_level":1}}