{"host":"wkuscavjg97fbbrj","time":1611563054,"event":{"mods":["BaseMod","Colored Powertips","Downfall","Minty Spire (QoL Compilation)","Permanent Neow","Quick Restart","Replay The Spire","StSLib"],"gold_per_floor":[99,114,131,141,37,49,49,49,69,101,119,129,129,39,50,50,50,50],"floor_reached":16,"language":"ENG","playtime":950,"items_purged":["Clumsy"],"score":106,"play_id":"f898a268-010e-4124-a1fb-b7fc0cfdb6e7","local_time":"20210125032414","is_ascension_mode":false,"campfire_choices":[{"data":"champ:Taunt","floor":1,"key":"SMITH"},{"data":"champ:StrikeOfGenius","floor":8,"key":"SMITH"},{"floor":13,"key":"REST"}],"circlet_count":0,"master_deck":["champ:Strike","champ:Strike","champ:Strike+1","champ:Strike","champ:Defend","champ:Defend","champ:Defend","champ:Defend","champ:Execute","champ:Taunt+1","champ:TripleStrike","champ:Encircle","champ:PerfectedStrike","champ:FanOfKnives","champ:StanceDance","champ:BladeFlurry+1","champ:PerfectedStrike+1","champ:StrikeOfGenius+1","champ:FlashCut","champ:HeartStrike","champ:CrookedStrike","champ:BladeFlurry","champ:StanceDance"],"relics":["champ:ChampionCrown","Whetstone","Sundial"],"acts_visited":["Exordium"],"potions_floor_usage":[6,16,16],"damage_taken":[{"damage":15,"enemies":"Cultist","floor":2,"turns":3},{"damage":0,"enemies":"Small Slimes","floor":3,"turns":3},{"damage":18,"enemies":"2 Louse","floor":4,"turns":2},{"damage":30,"enemies":"downfall:FleeingMerchant","floor":5,"turns":4},{"damage":25,"enemies":"Exordium Thugs","floor":6,"turns":4},{"damage":5,"enemies":"Lots of Slimes","floor":9,"turns":4},{"damage":31,"enemies":"Lagavulin","floor":10,"turns":6},{"damage":7,"enemies":"Blue Slaver","floor":11,"turns":2},{"damage":19,"enemies":"2 Fungi Beasts","floor":12,"turns":2},{"damage":25,"enemies":"downfall:FleeingMerchant","floor":14,"turns":4},{"damage":27,"enemies":"Exordium Thugs","floor":15,"turns":3},{"damage":12,"enemies":"SI_SHIV_ARCHETYPE","floor":16,"turns":1}],"seed_played":"-1153739994783861344","potions_obtained":[{"floor":2,"key":"Doom Potion"},{"floor":3,"key":"GamblersBrew"},{"floor":10,"key":"ColorlessPotion"},{"floor":11,"key":"champ:OpenerPotion"},{"floor":12,"key":"Dexterity Potion"}],"is_trial":false,"path_per_floor":["R","M","M","M","$","M","T","R","M","E","M","M","R","$","M","B"],"character_chosen":"THE_CHAMP","items_purchased":["champ:BladeFlurry+1","champ:PerfectedStrike"],"campfire_rested":1,"item_purchase_floors":[5,5],"current_hp_per_floor":[90,90,90,87,82,72,72,72,67,36,29,25,52,37,10,0,0,0],"gold":50,"neow_bonus":"THREE_RARE_CARDS","is_daily":false,"chose_seed":false,"campfire_upgraded":2,"win_rate":0.0,"timestamp":1611563054,"path_taken":["R","M","?","M","?","M","T","R","M","E","M","?","R","$","M","BOSS"],"items_purchased_type":["Card","Card"],"build_version":"2020-12-22","purchased_purges":1,"victory":false,"max_hp_per_floor":[90,90,90,90,90,90,90,90,90,90,90,90,90,90,90,90,90,90],"card_choices":[{"not_picked":["champ:DancingMaster","champ:ShieldThrow"],"picked":"champ:TripleStrike","floor":0},{"not_picked":["champ:GutPunch","champ:EndlessRage"],"picked":"champ:Encircle","floor":2},{"not_picked":["champ:AdrenalArmor","champ:EnGarde"],"picked":"champ:PerfectedStrike","floor":3},{"not_picked":["champ:PreciseThrust","champ:RapidStrikes"],"picked":"champ:FanOfKnives","floor":4},{"not_picked":["champ:BerserkersShout","champ:Backstep"],"picked":"champ:StanceDance","floor":5},{"not_picked":["champ:FancyFootwork","champ:Encircle"],"picked":"champ:StrikeOfGenius","floor":6},{"not_picked":["champ:Endure","champ:RapidStrikes","champ:FanOfKnives"],"picked":"SKIP","floor":9},{"not_picked":["champ:Shatter","champ:IgnorePain"],"picked":"champ:FlashCut","floor":10},{"not_picked":["champ:CrownThrow","champ:FanOfKnives"],"picked":"champ:HeartStrike","floor":11},{"not_picked":["champ:Encircle","champ:SetATrap"],"picked":"champ:CrookedStrike","floor":12},{"not_picked":["champ:ShieldSlam","champ:PreemptiveStrike"],"picked":"champ:BladeFlurry","floor":14},{"not_picked":["champ:FanOfKnives","champ:Parry"],"picked":"champ:StanceDance","floor":15}],"player_experience":157727,"relics_obtained":[{"floor":7,"key":"Whetstone"},{"floor":10,"key":"Sundial"}],"event_choices":[],"is_beta":false,"boss_relics":[],"items_purged_floors":[14],"is_endless":false,"potions_floor_spawned":[2,3,10,11,12,15],"killed_by":"SI_SHIV_ARCHETYPE","ascension_level":0}}