{"host":"cjhtzh7tp54jdfyv","time":1611585224,"event":{"mods":["AchievementEnabler","BaseMod","Colored Map","Colored Powertips","Curses Come First","DeckTracker","Filter the Spire","Minty Spire (QoL Compilation)","RNG Fix","Relic Sorter","Relic Stats","StSLib","UnlockEverythingMod","ojb\u0027s Better Paths Mod","ojb\u0027s Info Mod"],"gold_per_floor":[212,231,17,17,31,63,63,78,78,96,124,9,9,22,22,98,98,110,25,25,37,54,84,84,84,84,103,103,115,39,68,68,144,194,210,229,247,265,265,24,24,24],"floor_reached":41,"language":"ENG","playtime":4169,"items_purged":["Defend_G"],"score":940,"play_id":"4a8fe9a6-098f-4729-8647-6b1009757a77","local_time":"20210125093344","is_ascension_mode":true,"campfire_choices":[{"floor":7.0,"key":"REST"},{"floor":13.0,"key":"REST"},{"data":"Blade Dance","floor":15.0,"key":"SMITH"},{"floor":24.0,"key":"REST"},{"floor":28,"key":"REST"},{"floor":32,"key":"REST"}],"circlet_count":0,"master_deck":["AscendersBane","Strike_G","Strike_G","Strike_G","Strike_G","Defend_G","Defend_G","Defend_G","Defend_G+1","Survivor","Neutralize","Choke","Poisoned Stab","Slice","Blade Dance+1","Blade Dance","Calculated Gamble","Backflip","Malaise","Backflip","Footwork","Bullet Time","Quick Slash","Terror","Acrobatics","Venomology","Acrobatics","Poisoned Stab+1","Acrobatics+1","Underhanded Strike","Tactician","Phantasmal Killer"],"relics":["Ring of the Snake","Incense Burner","Nunchaku","Thread and Needle","Bag of Marbles","Fusion Hammer","Tiny Chest","Potion Belt","Torii","Orichalcum","Tiny House","InkBottle","Membership Card"],"acts_visited":["Exordium","TheCity","TheBeyond"],"potions_floor_usage":[27,33,36,37,37,38,38,41,41,41,41],"damage_taken":[{"damage":4.0,"enemies":"Jaw Worm","floor":1.0,"turns":5.0},{"damage":1.0,"enemies":"Small Slimes","floor":2.0,"turns":5.0},{"damage":0.0,"enemies":"Cultist","floor":5.0,"turns":5.0},{"damage":15.0,"enemies":"3 Sentries","floor":6.0,"turns":9.0},{"damage":0.0,"enemies":"Blue Slaver","floor":8.0,"turns":3.0},{"damage":11.0,"enemies":"2 Fungi Beasts","floor":10.0,"turns":6.0},{"damage":0.0,"enemies":"Gremlin Nob","floor":11.0,"turns":4.0},{"damage":0.0,"enemies":"Red Slaver","floor":14.0,"turns":2.0},{"damage":14.0,"enemies":"Slime Boss","floor":16.0,"turns":14.0},{"damage":3.0,"enemies":"3 Byrds","floor":18.0,"turns":6.0},{"damage":10.0,"enemies":"Chosen","floor":21.0,"turns":5.0},{"damage":0.0,"enemies":"Sentry and Sphere","floor":22.0,"turns":7.0},{"damage":33.0,"enemies":"Gremlin Leader","floor":23.0,"turns":8.0},{"damage":2,"enemies":"Snecko","floor":27,"turns":9},{"damage":0,"enemies":"Snake Plant","floor":29,"turns":7},{"damage":1,"enemies":"Book of Stabbing","floor":31,"turns":8},{"damage":46,"enemies":"Collector","floor":33,"turns":13},{"damage":0,"enemies":"3 Shapes","floor":35,"turns":4},{"damage":2,"enemies":"Orb Walker","floor":36,"turns":3},{"damage":40,"enemies":"3 Darklings","floor":37,"turns":8},{"damage":0,"enemies":"Transient","floor":38,"turns":6},{"damage":17,"enemies":"Reptomancer","floor":41,"turns":3}],"seed_played":"-6863817524122550234","potions_obtained":[{"floor":1.0,"key":"Swift Potion"},{"floor":6.0,"key":"AttackPotion"},{"floor":22.0,"key":"Weak Potion"},{"floor":23.0,"key":"BlessingOfTheForge"},{"floor":27,"key":"Explosive Potion"},{"floor":33,"key":"PowerPotion"},{"floor":34,"key":"Fire Potion"},{"floor":37,"key":"Strength Potion"},{"floor":38,"key":"PowerPotion"}],"is_trial":false,"path_per_floor":["M","M","$","?","M","E","R","M","T","M","E","$","R","M","R","B",null,"M","?","$","M","M","E","R","?","T","M","R","M","$","E","R","B",null,"M","M","M","M","T","$","E"],"character_chosen":"THE_SILENT","items_purchased":["Nunchaku","Fire Potion","Calculated Gamble","Terror","Membership Card","Phantasmal Killer"],"campfire_rested":5,"item_purchase_floors":[3,3,12,30,40,40],"current_hp_per_floor":[55,54,54,19,19,4,23,23,23,12,12,12,31,31,31,17,54,51,51,51,41,41,8,27,27,27,25,44,44,44,43,62,16,59,59,57,17,17,17,17,0,0],"gold":24,"neow_bonus":"HUNDRED_GOLD","is_daily":false,"chose_seed":false,"campfire_upgraded":1,"win_rate":0.0,"timestamp":1611585224,"path_taken":["M","M","?","?","M","E","R","M","T","M","E","$","R","M","R","BOSS","M","?","?","?","M","E","R","?","T","M","R","M","$","E","R","BOSS","M","M","M","M","?","$","E"],"items_purchased_type":["Relic","Potion","Card","Card","Relic","Card"],"build_version":"2020-12-22","purchased_purges":1,"victory":false,"max_hp_per_floor":[66,66,66,66,66,66,66,66,66,66,66,66,66,66,66,66,66,66,66,66,66,66,66,66,66,66,66,66,66,66,66,66,66,71,71,71,71,71,71,71,71,71],"relic_stats":{"Nunchaku":[42],"Torii":11,"counters":[22,140],"Tiny Chest":1,"Orichalcum":[54],"obtain_stats":[{"Potion Belt":23,"Tiny House":34,"Torii":26,"Thread and Needle":4,"Incense Burner":6,"Orichalcum":31,"Nunchaku":3,"Tiny Chest":19,"Fusion Hammer":17,"Bag of Marbles":11,"Membership Card":40,"InkBottle":39,"Ring of the Snake":0},{"Potion Belt":13,"Tiny House":17,"Torii":13,"Thread and Needle":2,"Incense Burner":4,"Orichalcum":16,"Nunchaku":2,"Tiny Chest":10,"Fusion Hammer":9,"Bag of Marbles":7,"Membership Card":21,"InkBottle":21,"Ring of the Snake":0},{"Potion Belt":79,"Tiny House":116,"Torii":79,"Thread and Needle":10,"Incense Burner":24,"Orichalcum":103,"Nunchaku":10,"Tiny Chest":59,"Fusion Hammer":53,"Bag of Marbles":37,"Membership Card":137,"InkBottle":137,"Ring of the Snake":0}],"InkBottle":[2],"Ring of the Snake":[44]},"card_choices":[{"not_picked":["Sucker Punch","Quick Slash"],"picked":"Choke","floor":1.0},{"not_picked":["Accuracy","Prepared","Outmaneuver"],"picked":"SKIP","floor":2.0},{"not_picked":["Choke","PiercingWail"],"picked":"Poisoned Stab","floor":5.0},{"not_picked":["Choke","Poisoned Stab"],"picked":"Slice","floor":6.0},{"not_picked":["Dodge and Roll","Riddle With Holes"],"picked":"Blade Dance","floor":8.0},{"not_picked":["Choke","Dodge and Roll"],"picked":"Blade Dance","floor":10.0},{"not_picked":["Tactician","Grand Finale","Setup"],"picked":"SKIP","floor":11.0},{"not_picked":["Dodge and Roll","Quick Slash"],"picked":"Backflip","floor":14.0},{"not_picked":["Doppelganger","Storm of Steel"],"picked":"Malaise","floor":16.0},{"not_picked":["Poisoned Stab","Dagger Throw","Setup"],"picked":"SKIP","floor":18.0},{"not_picked":["PiercingWail","Underhanded Strike","Dagger Spray"],"picked":"SKIP","floor":21.0},{"not_picked":["PiercingWail","Acrobatics"],"picked":"Backflip","floor":22.0},{"not_picked":["Escape Plan","Masterful Stab"],"picked":"Footwork","floor":23.0},{"not_picked":["Caltrops","Bane"],"picked":"Bullet Time","floor":27},{"not_picked":["Slice","Dagger Spray"],"picked":"Quick Slash","floor":29},{"not_picked":["Unload","Expertise"],"picked":"Acrobatics","floor":31},{"not_picked":["Bullet Time","Die Die Die"],"picked":"Venomology","floor":33},{"not_picked":["Crippling Poison","Bouncing Flask"],"picked":"Acrobatics","floor":34},{"not_picked":["Expertise","Concentrate"],"picked":"Poisoned Stab+1","floor":35},{"not_picked":["Prepared","Bouncing Flask"],"picked":"Acrobatics+1","floor":36},{"not_picked":["Choke+1","Dagger Throw+1"],"picked":"Underhanded Strike","floor":37},{"not_picked":["Deadly Poison","Concentrate"],"picked":"Tactician","floor":38}],"player_experience":4669950,"relics_obtained":[{"floor":6.0,"key":"Incense Burner"},{"floor":11.0,"key":"Bag of Marbles"},{"floor":23.0,"key":"Potion Belt"},{"floor":26.0,"key":"Torii"},{"floor":31,"key":"Orichalcum"},{"floor":39,"key":"InkBottle"}],"event_choices":[{"damage_healed":0.0,"max_hp_gain":0.0,"max_hp_loss":0.0,"gold_gain":0.0,"event_name":"Scrap Ooze","player_choice":"Success","floor":4.0,"gold_loss":0.0,"damage_taken":35.0,"relics_obtained":["Thread and Needle"]},{"damage_healed":0.0,"max_hp_gain":0.0,"max_hp_loss":0.0,"gold_gain":0.0,"event_name":"Addict","player_choice":"Obtained Relic","floor":19.0,"gold_loss":85.0,"damage_taken":0.0,"relics_obtained":["Tiny Chest"]},{"cards_removed":["Strike_G"],"damage_healed":0.0,"max_hp_gain":0.0,"max_hp_loss":0.0,"gold_gain":0.0,"event_name":"Bonfire Elementals","player_choice":"Offered Basic","floor":25.0,"gold_loss":0.0,"damage_taken":0.0}],"is_beta":false,"boss_relics":[{"not_picked":["Calling Bell","Empty Cage"],"picked":"Fusion Hammer"},{"not_picked":["Sozu","Busted Crown"],"picked":"Tiny House"}],"items_purged_floors":[12],"is_endless":false,"potions_floor_spawned":[1,5,6,11,22,23,27,33,37,38],"killed_by":"Reptomancer","ascension_level":20}}