{"host":"rpg32ugylimeqbxt","time":1611591913,"event":{"mods":["AchievementEnabler","BaseMod","BetterRewards","Colored Powertips","Hermit","Highlight Path","Minty Spire (QoL Compilation)","Replay The Spire","StSLib","The Animator","The Bug Knight","The Cursed","The Disciple","The Hierophant","The Runesmith","The Servant 0.9.4"],"gold_per_floor":[118,44,64,78,90,90,102,102,102,102,132,54,66,42,42,42,42],"floor_reached":16,"language":"ENG","playtime":1021,"items_purged":[],"score":102,"play_id":"e8978f70-e71c-48e5-ab0c-c358d6e88e18","local_time":"20210125082513","is_ascension_mode":false,"campfire_choices":[{"data":"Fluid Movement","floor":6,"key":"SMITH"},{"data":"Poisoned Stab","floor":8,"key":"SMITH"},{"floor":15,"key":"RECALL"}],"circlet_count":0,"master_deck":["Strike_G","Strike_G","Strike_G","Strike_G","Defend_G","Defend_G","Defend_G","Defend_G","Defend_G","Survivor","Neutralize+1","Poisoned Stab+1","Fluid Movement+1","Prepared","Bane","Caltrops","Prepared+1","ReplayTheSpireMod:Necrosis","Fluid Movement","Deadly Poison","Backflip"],"relics":["Ring of the Snake","Orichalcum"],"acts_visited":["Exordium"],"potions_floor_usage":[11,13],"damage_taken":[{"damage":9,"enemies":"Cultist","floor":1,"turns":4},{"damage":1,"enemies":"Small Slimes","floor":3,"turns":4},{"damage":1,"enemies":"Jaw Worm","floor":4,"turns":5},{"damage":10,"enemies":"Blue Slaver","floor":5,"turns":5},{"damage":0,"enemies":"Large Slime","floor":7,"turns":6},{"damage":23,"enemies":"HollowMod:MossKnight","floor":11,"turns":7},{"damage":8,"enemies":"Exordium Thugs","floor":13,"turns":4},{"damage":21,"enemies":"Slime Boss","floor":16,"turns":3}],"seed_played":"1149164627069472174","potions_obtained":[{"floor":3,"key":"Death Potion"},{"floor":11,"key":"BlessingOfTheForge"}],"is_trial":false,"path_per_floor":["M","$","M","M","M","R","M","R","T","?","E","$","M","$","R","B"],"character_chosen":"THE_SILENT","items_purchased":["Fluid Movement","Fluid Movement","Backflip"],"campfire_rested":0,"item_purchase_floors":[2,12,14],"current_hp_per_floor":[61,61,60,59,49,49,49,49,49,49,26,26,18,18,18,0,0],"gold":42,"neow_bonus":"UPGRADE_CARD","is_daily":false,"chose_seed":false,"campfire_upgraded":2,"win_rate":0.0,"timestamp":1611591913,"path_taken":["M","?","M","M","?","R","M","R","T","?","E","$","M","?","R","BOSS"],"items_purchased_type":["Card","Card","Card"],"build_version":"2020-12-22","purchased_purges":0,"victory":false,"max_hp_per_floor":[70,70,70,70,70,70,70,70,70,70,70,70,70,70,70,70,70],"card_choices":[{"not_picked":["Quick Slash","Flechettes"],"picked":"Poisoned Stab","floor":1},{"not_picked":["ReplayTheSpireMod:Scrap Shanks","Caltrops"],"picked":"Prepared","floor":3},{"not_picked":["Dodge and Roll","PiercingWail"],"picked":"Bane","floor":4},{"not_picked":["Bane","Finisher"],"picked":"Caltrops","floor":5},{"not_picked":["Outmaneuver","Masterful Stab","Acrobatics"],"picked":"SKIP","floor":7},{"not_picked":["Crippling Poison","PiercingWail"],"picked":"ReplayTheSpireMod:Necrosis","floor":11},{"not_picked":["Quick Slash","Slice"],"picked":"Deadly Poison","floor":13}],"player_experience":456974,"relics_obtained":[{"floor":11,"key":"Orichalcum"}],"event_choices":[],"is_beta":false,"boss_relics":[],"items_purged_floors":[],"is_endless":false,"potions_floor_spawned":[3,11],"killed_by":"Slime Boss","ascension_level":0}}