{"host":"delta","time":1611584939,"event":{"mods":["Act Like it!","Arknights The Spire","BaseMod","Lobotomy","Minty Spire (QoL Compilation)","StSLib"],"gold_per_floor":[118,135,148,161,336,336,346,380,380,380,394,247,272,284,284,380,380,396,414,426,444,444,478,478,512,512,105,105,105],"floor_reached":28,"language":"ZHS","playtime":2121,"items_purged":["Doubt","Funeral"],"score":322,"play_id":"ee152940-3423-4099-a577-c2b1db1311c5","local_time":"20210125222859","is_ascension_mode":false,"campfire_choices":[{"data":"ats:Hammer On","floor":6.0,"key":"SMITH"},{"data":"ats:Hammer On","floor":10.0,"key":"SMITH"},{"data":"ats:Revitalization","floor":15.0,"key":"SMITH"},{"data":"ats:Apocalypse","floor":24.0,"key":"SMITH"}],"circlet_count":0,"master_deck":["ats:Strike C","ats:Strike G","ats:Strike S","ats:Strike V","ats:Armor Crushing Shot","ats:Defend","ats:Defend","ats:Defend","ats:Defend","ats:Emotion Absorption","UniverseFragment","ats:Hammer On+1","ats:Defend Order","Wellcheers","ats:Consecutive Shot Auto","Rudolta","ats:Hammer On+1","SingingMachine","ats:Red Shift","Yin","ats:Shadow Raid","ats:Closed Bolt Burst Fire","ats:Revitalization+1","ats:Blood Oath","GalaxyChild","ats:Blood Oath","LongBird","ats:Soul Rend","DespairKnight","ats:Part Time Job+1","Alriune","ats:Healing Drone","SpiderBud","ats:Charging Defense","HappyTeddy","ats:Soul Rend+1","OldLady","ats:Apocalypse+1","BigBadWolf","ats:Healing Strengthening"],"relics":["ats:Sanity","CogitoBucket","ats:Originium","Centennial Puzzle","Ornamental Fan","AspirationHeart","Yang_Lob","Lantern","Velvet Choker","LuminousBracelet","Gambling Chip","Meat on the Bone","Molten Egg 2","Gremlin Horn"],"acts_visited":["Exordium","TheCity"],"potions_floor_usage":[],"damage_taken":[{"damage":1.0,"enemies":"Cultist","floor":1.0,"turns":4.0},{"damage":5.0,"enemies":"2 Louse","floor":2.0,"turns":2.0},{"damage":0.0,"enemies":"Small Slimes","floor":3.0,"turns":5.0},{"damage":1.0,"enemies":"2 Fungi Beasts","floor":4.0,"turns":5.0},{"damage":0.0,"enemies":"Exordium Thugs","floor":7.0,"turns":3.0},{"damage":2.0,"enemies":"Gremlin Nob","floor":8.0,"turns":3.0},{"damage":23.0,"enemies":"Red Slaver","floor":11.0,"turns":4.0},{"damage":4.0,"enemies":"3 Sentries","floor":13.0,"turns":2.0},{"damage":0.0,"enemies":"Looter","floor":14.0,"turns":1.0},{"damage":77.0,"enemies":"Hexaghost","floor":16.0,"turns":12.0},{"damage":4.0,"enemies":"Spheric Guardian","floor":18.0,"turns":2.0},{"damage":62.0,"enemies":"3 Byrds","floor":19.0,"turns":6.0},{"damage":12.0,"enemies":"Shelled Parasite and Fungi","floor":20.0,"turns":3.0},{"damage":56.0,"enemies":"Cultist and Chosen","floor":21.0,"turns":7.0},{"damage":34.0,"enemies":"Slavers","floor":23.0,"turns":7.0},{"damage":126.0,"enemies":"Book of Stabbing","floor":25.0,"turns":8.0},{"damage":141,"enemies":"Snake Plant","floor":28,"turns":5}],"seed_played":"8220957364053016140","potions_obtained":[{"floor":1.0,"key":"Fire Potion"},{"floor":4.0,"key":"Explosive Potion"},{"floor":7.0,"key":"Ancient Potion"},{"floor":14.0,"key":"PowerPotion"},{"floor":18.0,"key":"SpeedPotion"}],"is_trial":false,"path_per_floor":["M","M","M","M","?","R","M","E","T","R","M","$","E","M","R","B",null,"M","M","M","M","?","E","R","E","T","$","M"],"character_chosen":"DOCTOR_CLASS","items_purchased":["ats:Closed Bolt Burst Fire","ats:Revitalization","ats:Healing Strengthening","Gremlin Horn"],"campfire_rested":0,"item_purchase_floors":[12,12,27,27],"current_hp_per_floor":[71,66,68,72,72,72,72,70,70,70,61,61,57,57,57,21,82,78,47,42,38,38,63,63,63,63,63,0,0],"gold":105,"neow_bonus":"","is_daily":false,"chose_seed":false,"campfire_upgraded":4,"win_rate":0.0,"timestamp":1611584939,"path_taken":["M","M","?","M","?","R","M","E","T","R","M","$","E","M","R","BOSS","M","M","M","M","?","E","R","E","T","$","M"],"items_purchased_type":["Card","Card","Card","Relic"],"build_version":"2020-12-18","purchased_purges":2,"victory":false,"max_hp_per_floor":[72,72,72,72,72,72,72,72,72,72,82,82,82,82,82,82,82,82,97,97,97,97,97,97,97,97,97,97,97],"card_choices":[{"not_picked":["FairyFestival","OSAHOGD"],"picked":"UniverseFragment","floor":1.0},{"not_picked":["ats:Magnetic Hammer","ats:Encircling Forest"],"picked":"ats:Hammer On","floor":1.0},{"not_picked":["FairyFestival","CrumblingArmor"],"picked":"Funeral","floor":2.0},{"not_picked":["ats:Shell Defense","ats:Thermite Blade"],"picked":"ats:Defend Order","floor":2.0},{"not_picked":["BeautyBeast","ShyLook"],"picked":"Wellcheers","floor":3.0},{"not_picked":["ats:Powerful Strike","ats:Consecutive Shot Auto"],"picked":"ats:Shell Defense","floor":3.0},{"not_picked":["CherryBlossoms","LaLuna"],"picked":"Scorched","floor":4.0},{"not_picked":["ats:Hook Shot","ats:Healing Strengthening"],"picked":"ats:Consecutive Shot Auto","floor":4.0},{"not_picked":["FairyFestival","BeautyBeast"],"picked":"Rudolta","floor":7.0},{"not_picked":["ats:Blood Oath","ats:Ignite"],"picked":"ats:Hammer On","floor":7.0},{"not_picked":["Murderer","OldLady"],"picked":"SingingMachine","floor":8.0},{"not_picked":["ats:Consecutive Shot Auto","ats:Assault Order"],"picked":"ats:Red Shift","floor":8.0},{"not_picked":["Bloodbath","LaLuna"],"picked":"Yin","floor":11.0},{"not_picked":["ats:Steam Pump","ats:Healing Strengthening"],"picked":"ats:Shadow Raid","floor":11.0},{"not_picked":["ats:Curse Doll","ats:Song Of Battle"],"picked":"ats:Blood Oath","floor":13.0},{"not_picked":["SpiderBud","Laetitia"],"picked":"GalaxyChild","floor":14.0},{"not_picked":["ats:Hook Shot","ats:Consecutive Shot Auto"],"picked":"ats:Blood Oath","floor":14.0},{"not_picked":["Scarecrow","QueenBee"],"picked":"LongBird","floor":16.0},{"not_picked":["ats:Shadow Assault","ats:Echo Reverb"],"picked":"ats:Soul Rend","floor":16.0},{"not_picked":["LaLuna","QueenBee"],"picked":"DespairKnight","floor":18.0},{"not_picked":["ats:Red Shift","ats:Cat Scratch"],"picked":"ats:Part Time Job+1","floor":18.0},{"not_picked":["OldLady","MHz"],"picked":"Alriune","floor":19.0},{"not_picked":["ats:Leaping Hammer","ats:Beaten Up+1"],"picked":"ats:Healing Drone","floor":19.0},{"not_picked":["BeautyBeast","CrumblingArmor"],"picked":"SpiderBud","floor":20.0},{"not_picked":["ats:Collapsing Strike","ats:Mental Burst"],"picked":"ats:Charging Defense","floor":20.0},{"not_picked":["BlackSwan","WallGazer"],"picked":"HappyTeddy","floor":21.0},{"not_picked":["ats:Shell Defense","ats:Poison Spread"],"picked":"ats:Soul Rend","floor":21.0},{"not_picked":["WallGazer","Laetitia"],"picked":"OldLady","floor":23.0},{"not_picked":["ats:Overload","ats:Encircling Forest"],"picked":"ats:Apocalypse","floor":23.0},{"not_picked":["VoidDream","WallGazer"],"picked":"BigBadWolf","floor":25.0},{"not_picked":["ats:Shell Defense","ats:Automatic Cover","ats:Song Of Battle+1"],"picked":"SKIP","floor":25.0}],"player_experience":326133,"relics_obtained":[{"floor":8.0,"key":"ats:Originium"},{"floor":8.0,"key":"Centennial Puzzle"},{"floor":9.0,"key":"Ornamental Fan"},{"floor":13.0,"key":"ats:Originium"},{"floor":13.0,"key":"Lantern"},{"floor":23.0,"key":"ats:Originium"},{"floor":23.0,"key":"Gambling Chip"},{"floor":25.0,"key":"ats:Originium"},{"floor":25.0,"key":"Meat on the Bone"},{"floor":26.0,"key":"Molten Egg 2"}],"event_choices":[{"damage_healed":0.0,"max_hp_gain":0.0,"max_hp_loss":0.0,"gold_gain":175.0,"event_name":"Liars Game","player_choice":"AGREE","floor":5.0,"gold_loss":0.0,"damage_taken":0.0,"cards_obtained":["Doubt"]},{"damage_healed":0.0,"max_hp_gain":0.0,"max_hp_loss":0.0,"gold_gain":0.0,"event_name":"Upgrade Shrine","player_choice":"Upgraded","floor":22.0,"gold_loss":0.0,"damage_taken":0.0,"cards_upgraded":["ats:Soul Rend"]}],"is_beta":true,"boss_relics":[{"not_picked":["Snecko Eye","SlaversCollar"],"picked":"Velvet Choker"}],"items_purged_floors":[12,27],"is_endless":false,"potions_floor_spawned":[1,4,7,14,18,21,23,25],"killed_by":"Snake Plant","ascension_level":0}}