{"host":"gobyjzz6xbwq9f9i","time":1611554337,"event":{"mods":["AchievementEnabler","BaseMod","Bestiary","Colored Map","Minty Spire (QoL Compilation)"],"gold_per_floor":[111,130,3,20,37,65,65,95,120,154,154,154,168,182,182,283,283,299,314,314,324,324,324,357,357,357,388,4,4,34,48,48,144,144,157,168,182,182,182,213,230,230,300,300,333,345,345,20,20,20],"floor_reached":51,"language":"ENG","playtime":2220,"items_purged":["Strike_B","Strike_B"],"score":1215,"play_id":"b47e9b68-7fbe-40e3-ad4a-f022188c43bb","local_time":"20210124215857","is_ascension_mode":true,"campfire_choices":[{"data":"Barrage","floor":7.0,"key":"SMITH"},{"floor":12.0,"key":"REST"},{"data":"Zap","floor":15.0,"key":"SMITH"},{"floor":23,"key":"REST"},{"data":"Fission","floor":29,"key":"SMITH"},{"data":"Buffer","floor":32,"key":"SMITH"},{"floor":42,"key":"REST"},{"floor":44,"key":"REST"},{"floor":49,"key":"REST"}],"circlet_count":0,"master_deck":["AscendersBane","Strike_B","Strike_B","Defend_B","Defend_B","Defend_B","Zap+1","Dualcast","Ball Lightning","Sweeping Beam","Barrage+1","Genetic Algorithm","Cold Snap","Electrodynamics","Barrage+1","Conserve Battery","Fission+1","Coolheaded","Leap+1","Buffer+1","Core Surge","Compile Driver+1","Creative AI","Coolheaded+1","Dark Shackles","Go for the Eyes+1","Chill+1","Reinforced Body","Static Discharge"],"relics":["Cracked Core","InkBottle","Art of War","Akabeko","Bag of Marbles","Velvet Choker","PreservedInsect","Bottled Tornado","Ornamental Fan","Lizard Tail","Lee\u0027s Waffle","Vajra","StrikeDummy","Fusion Hammer","DataDisk","Mercury Hourglass","Anchor"],"acts_visited":["Exordium","TheCity","TheBeyond"],"potions_floor_usage":[19,24,30,33,33,50,50],"damage_taken":[{"damage":0.0,"enemies":"2 Louse","floor":1.0,"turns":2.0},{"damage":2.0,"enemies":"Jaw Worm","floor":2.0,"turns":2.0},{"damage":0.0,"enemies":"Cultist","floor":4.0,"turns":3.0},{"damage":17.0,"enemies":"Large Slime","floor":5.0,"turns":4.0},{"damage":25.0,"enemies":"Lagavulin","floor":6.0,"turns":7.0},{"damage":16.0,"enemies":"Gremlin Nob","floor":8.0,"turns":3.0},{"damage":14.0,"enemies":"Lagavulin","floor":10.0,"turns":5.0},{"damage":0.0,"enemies":"Blue Slaver","floor":13.0,"turns":1.0},{"damage":0.0,"enemies":"Looter","floor":14.0,"turns":3.0},{"damage":18.0,"enemies":"Hexaghost","floor":16.0,"turns":8.0},{"damage":6.0,"enemies":"3 Byrds","floor":18.0,"turns":2.0},{"damage":0,"enemies":"Spheric Guardian","floor":19,"turns":3},{"damage":29,"enemies":"Snake Plant","floor":21,"turns":5},{"damage":6,"enemies":"Gremlin Leader","floor":24,"turns":4},{"damage":24,"enemies":"Book of Stabbing","floor":27,"turns":4},{"damage":0,"enemies":"Gremlin Leader","floor":30,"turns":3},{"damage":0,"enemies":"Sentry and Sphere","floor":31,"turns":4},{"damage":74,"enemies":"Champ","floor":33,"turns":11},{"damage":10,"enemies":"3 Darklings","floor":35,"turns":2},{"damage":1,"enemies":"Orb Walker","floor":36,"turns":4},{"damage":0,"enemies":"4 Shapes","floor":37,"turns":2},{"damage":9,"enemies":"Nemesis","floor":40,"turns":7},{"damage":29,"enemies":"Writhing Mass","floor":41,"turns":7},{"damage":6,"enemies":"Giant Head","floor":45,"turns":9},{"damage":0,"enemies":"Sphere and 2 Shapes","floor":46,"turns":3},{"damage":30,"enemies":"Awakened One","floor":50,"turns":14}],"seed_played":"-8021116356551700125","potions_obtained":[{"floor":5.0,"key":"FearPotion"},{"floor":8.0,"key":"Fruit Juice"},{"floor":13.0,"key":"Fire Potion"},{"floor":16.0,"key":"Strength Potion"},{"floor":19,"key":"Block Potion"},{"floor":27,"key":"GamblersBrew"},{"floor":30,"key":"DuplicationPotion"},{"floor":33,"key":"PowerPotion"},{"floor":37,"key":"Ancient Potion"},{"floor":40,"key":"PotionOfCapacity"},{"floor":46,"key":"Strength Potion"}],"is_trial":false,"path_per_floor":["M","M","$","M","M","E","R","E","T","E","?","R","M","M","R","B",null,"M","M","?","M","?","R","E","T","T","E","$","R","E","M","R","B",null,"M","M","M","?","?","E","M","R","T","R","E","M","?","$","R","B",null],"character_chosen":"DEFECT","items_purchased":["Barrage","Genetic Algorithm","Lee\u0027s Waffle","Vajra","Static Discharge","Anchor"],"campfire_rested":5,"item_purchase_floors":[3,3,28,28,48,48],"current_hp_per_floor":[75,73,73,73,56,31,31,15,15,1,1,25,25,25,25,7,63,57,62,45,16,16,43,37,37,37,13,99,99,99,99,99,25,81,71,70,70,70,70,61,32,61,61,90,84,84,84,84,94,64],"gold":20,"neow_bonus":"TEN_PERCENT_HP_BONUS","is_daily":false,"chose_seed":false,"campfire_upgraded":4,"win_rate":0.0,"timestamp":1611554337,"path_taken":["M","M","$","M","M","E","R","E","T","E","?","R","M","M","R","BOSS","M","M","?","M","?","R","E","?","T","E","$","R","E","?","R","BOSS","M","M","M","?","?","E","M","R","T","R","E","M","?","$","R","BOSS"],"items_purchased_type":["Card","Card","Relic","Relic","Card","Relic"],"build_version":"2020-12-22","purchased_purges":2,"victory":true,"max_hp_per_floor":[82,82,82,82,82,82,82,82,82,82,82,82,82,82,82,82,82,82,87,92,92,92,92,92,92,92,92,99,99,99,99,99,99,99,99,99,99,99,99,99,99,99,99,99,99,99,94,94,94,94],"card_choices":[{"not_picked":["Barrage","Steam"],"picked":"Ball Lightning","floor":1.0},{"not_picked":["Chaos","Scrape"],"picked":"Sweeping Beam","floor":2.0},{"not_picked":["Gash","Hologram","Blizzard"],"picked":"SKIP","floor":4.0},{"not_picked":["Steam","Rebound"],"picked":"Cold Snap","floor":5.0},{"not_picked":["Rainbow","Ball Lightning"],"picked":"Electrodynamics","floor":6.0},{"not_picked":["Stack","Scrape"],"picked":"Barrage","floor":8.0},{"not_picked":["Force Field","Reprogram"],"picked":"Conserve Battery","floor":10.0},{"not_picked":["Amplify","Storm","Barrage"],"picked":"SKIP","floor":13.0},{"not_picked":["Steam Power","Force Field","Redo"],"picked":"SKIP","floor":14.0},{"not_picked":["Electrodynamics","Machine Learning"],"picked":"Fission","floor":16.0},{"not_picked":["Force Field+1","Streamline"],"picked":"Coolheaded","floor":18},{"not_picked":["Rebound","Streamline","Leap"],"picked":"SKIP","floor":19},{"not_picked":["Gash","Darkness"],"picked":"Leap+1","floor":21},{"not_picked":["Conserve Battery","Gash"],"picked":"Buffer","floor":24},{"not_picked":["Turbo","Barrage"],"picked":"Core Surge","floor":27},{"not_picked":["Barrage","Turbo","Redo"],"picked":"SKIP","floor":30},{"not_picked":["Gash+1","Conserve Battery"],"picked":"Compile Driver+1","floor":31},{"not_picked":["Seek","Fission"],"picked":"Creative AI","floor":33},{"not_picked":["Recycle+1","FTL","Sweeping Beam+1"],"picked":"SKIP","floor":35},{"not_picked":["Doom and Gloom","BootSequence+1","Barrage"],"picked":"SKIP","floor":36},{"not_picked":["Streamline+1","White Noise"],"picked":"Coolheaded+1","floor":37},{"not_picked":["Trip","Swift Strike"],"picked":"Dark Shackles","floor":38},{"not_picked":["Streamline","Leap+1"],"picked":"Go for the Eyes+1","floor":40},{"not_picked":["Tempest+1","Double Energy"],"picked":"Chill+1","floor":41},{"not_picked":["Lockon","Storm"],"picked":"Reinforced Body","floor":45},{"not_picked":["Double Energy","Ball Lightning+1","Steam+1"],"picked":"SKIP","floor":46}],"player_experience":1161436,"relics_obtained":[{"floor":6.0,"key":"InkBottle"},{"floor":8.0,"key":"Art of War"},{"floor":9.0,"key":"Akabeko"},{"floor":10.0,"key":"Bag of Marbles"},{"floor":24,"key":"PreservedInsect"},{"floor":25,"key":"Bottled Tornado"},{"floor":26,"key":"Ornamental Fan"},{"floor":27,"key":"Lizard Tail"},{"floor":30,"key":"StrikeDummy"},{"floor":40,"key":"DataDisk"},{"floor":43,"key":"Mercury Hourglass"}],"event_choices":[{"damage_healed":0.0,"max_hp_gain":0.0,"max_hp_loss":0.0,"gold_gain":0.0,"event_name":"Living Wall","player_choice":"Grow","floor":11.0,"gold_loss":0.0,"damage_taken":0.0,"cards_upgraded":["Barrage"]},{"damage_healed":0,"gold_gain":0,"player_choice":"Shed Blood","damage_taken":22,"max_hp_gain":5,"max_hp_loss":0,"event_name":"Forgotten Altar","floor":20,"gold_loss":0},{"damage_healed":0,"gold_gain":0,"player_choice":"Ignored","damage_taken":0,"max_hp_gain":0,"max_hp_loss":0,"event_name":"Cursed Tome","floor":22,"gold_loss":0},{"damage_healed":0,"gold_gain":0,"player_choice":"Memory 1","damage_taken":0,"max_hp_gain":0,"max_hp_loss":0,"event_name":"SensoryStone","floor":38,"gold_loss":0},{"cards_removed":["Defend_B"],"damage_healed":0,"gold_gain":0,"player_choice":"Removed Skill","damage_taken":0,"max_hp_gain":0,"max_hp_loss":0,"event_name":"Falling","floor":39,"gold_loss":0},{"damage_healed":0,"gold_gain":0,"player_choice":"Max HP","damage_taken":0,"max_hp_gain":0,"max_hp_loss":5,"event_name":"Winding Halls","floor":47,"gold_loss":0}],"is_beta":false,"boss_relics":[{"not_picked":["Black Star","Coffee Dripper"],"picked":"Velvet Choker"},{"not_picked":["FrozenCore","Sozu"],"picked":"Fusion Hammer"}],"items_purged_floors":[28,48],"is_endless":false,"potions_floor_spawned":[5,8,13,16,19,27,30,33,37,40,46],"ascension_level":10}}