{"host":"y76x98twjnyyxs83","time":1611569600,"event":{"mods":["BaseMod","Colored Powertips","Minty Spire (QoL Compilation)","Permanent Neow","Quick Restart","Rare Cards Sparkle","Relic Stats","StSLib"],"gold_per_floor":[119,48,58,76,103,117,143,143,143,49,49,12,30,30,30],"floor_reached":14,"language":"ENG","playtime":406,"items_purged":[],"score":167,"play_id":"2afaafeb-820b-4f3c-b905-b772d4ddc57b","local_time":"20210125181320","is_ascension_mode":true,"campfire_choices":[{"floor":8,"key":"REST"}],"circlet_count":0,"master_deck":["AscendersBane","Strike_B","Strike_B","Strike_B","Defend_B","Defend_B","Defend_B","Defend_B","Zap","Dualcast","Capacitor","Streamline","Machine Learning","Cold Snap","Defragment","Ball Lightning","Defragment","Cold Snap"],"relics":["Nuclear Battery","Singing Bowl","Anchor","Ancient Tea Set","Pantograph"],"acts_visited":["Exordium"],"potions_floor_usage":[6,14],"damage_taken":[{"damage":7,"enemies":"Jaw Worm","floor":1,"turns":5},{"damage":13,"enemies":"Cultist","floor":3,"turns":5},{"damage":11,"enemies":"Small Slimes","floor":4,"turns":5},{"damage":7,"enemies":"3 Louse","floor":6,"turns":3},{"damage":13,"enemies":"Lagavulin","floor":7,"turns":7},{"damage":7,"enemies":"Gremlin Gang","floor":13,"turns":4},{"damage":25,"enemies":"Gremlin Nob","floor":14,"turns":3}],"seed_played":"8112999325593404049","potions_obtained":[{"floor":4,"key":"Explosive Potion"},{"floor":6,"key":"Ancient Potion"}],"is_trial":false,"path_per_floor":["M","?","M","M","T","M","E","R","T","$","?","$","M","E"],"character_chosen":"DEFECT","items_purchased":["Defragment","Ball Lightning","Defragment"],"campfire_rested":1,"item_purchase_floors":[10,10,12],"current_hp_per_floor":[57,57,44,33,33,26,15,36,36,36,29,29,22,0,0],"gold":30,"neow_bonus":"BOSS_RELIC","is_daily":false,"chose_seed":false,"campfire_upgraded":0,"win_rate":0.0,"timestamp":1611569600,"path_taken":["M","?","M","?","?","M","E","R","T","?","?","$","M","E"],"items_purchased_type":["Card","Card","Card"],"build_version":"2020-12-22","purchased_purges":0,"victory":false,"max_hp_per_floor":[71,71,71,71,71,71,73,73,73,73,73,73,73,73,73],"relic_stats":{"Singing Bowl":2,"counters":[7,32],"Pantograph":0,"obtain_stats":[{"Anchor":5,"Singing Bowl":2,"Pantograph":9,"Cracked Core":0,"Ancient Tea Set":7,"Nuclear Battery":0},{"Anchor":3,"Singing Bowl":1,"Pantograph":5,"Cracked Core":0,"Ancient Tea Set":5,"Nuclear Battery":0},{"Anchor":15,"Singing Bowl":5,"Pantograph":25,"Cracked Core":0,"Ancient Tea Set":25,"Nuclear Battery":0}]},"card_choices":[{"not_picked":["Cold Snap","Steam Power"],"picked":"Capacitor","floor":1},{"not_picked":["FTL","Beam Cell"],"picked":"Streamline","floor":3},{"not_picked":["Beam Cell","Redo"],"picked":"Machine Learning","floor":4},{"not_picked":["Stack","Leap"],"picked":"Cold Snap","floor":6},{"not_picked":["Thunder Strike","Beam Cell","Hyperbeam"],"picked":"Singing Bowl","floor":7},{"not_picked":["Rip and Tear","Chill"],"picked":"Cold Snap","floor":13}],"player_experience":1170394,"relics_obtained":[{"floor":5,"key":"Anchor"},{"floor":7,"key":"Ancient Tea Set"},{"floor":9,"key":"Pantograph"}],"event_choices":[{"damage_healed":0,"gold_gain":0,"player_choice":"Paid Gold","damage_taken":0,"relics_obtained":["Singing Bowl"],"max_hp_gain":0,"max_hp_loss":0,"event_name":"WeMeetAgain","floor":2,"gold_loss":71},{"cards_removed":["Strike_B"],"damage_healed":0,"gold_gain":0,"player_choice":"Card Removal","damage_taken":7,"max_hp_gain":0,"max_hp_loss":0,"event_name":"Golden Wing","floor":11,"gold_loss":0}],"is_beta":false,"boss_relics":[],"items_purged_floors":[],"is_endless":false,"potions_floor_spawned":[4,6],"killed_by":"Gremlin Nob","ascension_level":17}}