{"host":"r53pw7z744tg3fxg","time":1611606123,"event":{"mods":["AchievementEnabler","BaseMod","Colored Map","Colored Powertips","Highlight Path","Minty Spire (QoL Compilation)","Quick Restart","Transform Curses"],"gold_per_floor":[119,133,5,17,17,48,48,73,98,115,115,115,145,159,159,236,236,253,253,40,40,40,75,75,75,75,94,106,131,131,150,150,150,150],"floor_reached":33,"language":"ENG","playtime":2921,"items_purged":[],"score":607,"play_id":"4628a1dc-a66f-4b36-b114-8950d1a2682e","local_time":"20210125132203","is_ascension_mode":true,"campfire_choices":[{"floor":7.0,"key":"REST"},{"floor":11.0,"key":"REST"},{"floor":15.0,"key":"REST"},{"floor":25.0,"key":"REST"},{"floor":30.0,"key":"REST"},{"floor":32.0,"key":"REST"}],"circlet_count":0,"master_deck":["AscendersBane","Strike_P","Strike_P","Strike_P+1","Strike_P+1","Defend_P","Defend_P+1","Defend_P","Defend_P","Eruption+1","Vigilance","Scrawl+1","PathToVictory","Pray","WheelKick","BowlingBash","Wallop","BattleHymn","FlurryOfBlows","ReachHeaven","LessonLearned+1","Evaluate","EmptyBody+1","WaveOfTheHand","FollowUp+1","Halt","FearNoEvil"],"relics":["PureWater","Bag of Marbles","Centennial Puzzle","Blood Vial","Bronze Scales","SlaversCollar","War Paint","MutagenicStrength","Letter Opener","Whetstone","Strawberry"],"acts_visited":["Exordium","TheCity"],"potions_floor_usage":[],"damage_taken":[{"damage":2.0,"enemies":"Cultist","floor":1.0,"turns":3.0},{"damage":7.0,"enemies":"Jaw Worm","floor":2.0,"turns":3.0},{"damage":0.0,"enemies":"Small Slimes","floor":4.0,"turns":3.0},{"damage":22.0,"enemies":"Gremlin Nob","floor":6.0,"turns":4.0},{"damage":26.0,"enemies":"3 Sentries","floor":8.0,"turns":6.0},{"damage":7.0,"enemies":"Blue Slaver","floor":10.0,"turns":4.0},{"damage":0.0,"enemies":"Lagavulin","floor":13.0,"turns":3.0},{"damage":0.0,"enemies":"3 Louse","floor":14.0,"turns":2.0},{"damage":25.0,"enemies":"The Guardian","floor":16.0,"turns":7.0},{"damage":0.0,"enemies":"Spheric Guardian","floor":18.0,"turns":1.0},{"damage":22.0,"enemies":"Gremlin Leader","floor":23.0,"turns":6.0},{"damage":6.0,"enemies":"3 Byrds","floor":27.0,"turns":3.0},{"damage":16.0,"enemies":"Centurion and Healer","floor":28.0,"turns":5.0},{"damage":11.0,"enemies":"Book of Stabbing","floor":29.0,"turns":3.0},{"damage":13.0,"enemies":"Sentry and Sphere","floor":31.0,"turns":4.0},{"damage":85,"enemies":"Automaton","floor":33,"turns":8}],"seed_played":"-671593725527839620","potions_obtained":[{"floor":4.0,"key":"Energy Potion"},{"floor":8.0,"key":"BottledMiracle"},{"floor":13.0,"key":"SteroidPotion"},{"floor":16.0,"key":"SneckoOil"},{"floor":28.0,"key":"Strength Potion"}],"is_trial":false,"path_per_floor":["M","M","$","M","?","E","R","E","T","M","R","?","E","M","R","B",null,"M","?","$","?","?","E","$","R","T","M","M","E","R","M","R","B"],"character_chosen":"WATCHER","items_purchased":["WheelKick","BowlingBash","War Paint","EmptyBody"],"campfire_rested":6,"item_purchase_floors":[3,3,20,20],"current_hp_per_floor":[59,52,52,52,52,30,50,24,24,19,39,39,41,43,63,40,61,63,63,63,44,44,24,24,45,45,41,27,25,49,38,62,0,0],"gold":150,"neow_bonus":"ONE_RANDOM_RARE_CARD","is_daily":false,"chose_seed":false,"campfire_upgraded":0,"win_rate":0.0,"timestamp":1611606123,"path_taken":["M","M","$","?","?","E","R","E","T","?","R","?","E","M","R","BOSS","M","?","$","?","?","E","?","R","T","M","M","E","R","M","R","BOSS"],"items_purchased_type":["Card","Card","Relic","Card"],"build_version":"2020-12-22","purchased_purges":0,"victory":false,"max_hp_per_floor":[68,68,68,68,68,68,68,68,68,68,68,68,68,68,68,68,68,68,68,68,73,73,73,73,73,73,73,73,80,80,80,80,80,80],"card_choices":[{"not_picked":["Evaluate","Nirvana"],"picked":"PathToVictory","floor":1.0},{"not_picked":["Tantrum","InnerPeace"],"picked":"Pray","floor":2.0},{"not_picked":["JustLucky","CrushJoints","Weave"],"picked":"SKIP","floor":4.0},{"not_picked":["Weave","EmptyBody"],"picked":"Wallop","floor":6.0},{"not_picked":["Prostrate","Wireheading"],"picked":"BattleHymn","floor":8.0},{"not_picked":["SashWhip","EmptyFist"],"picked":"FlurryOfBlows","floor":10.0},{"not_picked":["Omniscience","CutThroughFate","FlurryOfBlows"],"picked":"SKIP","floor":13.0},{"not_picked":["PathToVictory","BowlingBash"],"picked":"ReachHeaven","floor":14.0},{"not_picked":["Blasphemy","Omniscience"],"picked":"LessonLearned","floor":16.0},{"not_picked":["SashWhip+1","Swivel"],"picked":"Evaluate","floor":18.0},{"not_picked":["Collect","Protect","Weave"],"picked":"SKIP","floor":23.0},{"not_picked":["BowlingBash","Evaluate"],"picked":"WaveOfTheHand","floor":27.0},{"not_picked":["Evaluate","ClearTheMind"],"picked":"FollowUp+1","floor":28.0},{"not_picked":["Study","Evaluate+1"],"picked":"Halt","floor":29.0},{"not_picked":["CutThroughFate","Perseverance"],"picked":"FearNoEvil","floor":31.0}],"player_experience":1347808,"relics_obtained":[{"floor":6.0,"key":"Bag of Marbles"},{"floor":8.0,"key":"Centennial Puzzle"},{"floor":9.0,"key":"Blood Vial"},{"floor":13.0,"key":"Bronze Scales"},{"floor":23.0,"key":"Letter Opener"},{"floor":26.0,"key":"Whetstone"},{"floor":29.0,"key":"Strawberry"}],"event_choices":[{"damage_healed":0.0,"max_hp_gain":0.0,"max_hp_loss":0.0,"gold_gain":0.0,"event_name":"Accursed Blacksmith","player_choice":"Forge","floor":5.0,"gold_loss":0.0,"damage_taken":0.0,"cards_upgraded":["Eruption"]},{"damage_healed":0.0,"max_hp_gain":0.0,"max_hp_loss":0.0,"gold_gain":0.0,"event_name":"Liars Game","player_choice":"Ignored","floor":12.0,"gold_loss":0.0,"damage_taken":0.0},{"damage_healed":0.0,"max_hp_gain":0.0,"max_hp_loss":0.0,"gold_gain":0.0,"event_name":"Beggar","player_choice":"Ignored","floor":19.0,"gold_loss":0.0,"damage_taken":0.0},{"damage_healed":0.0,"max_hp_gain":5.0,"max_hp_loss":0.0,"gold_gain":0.0,"event_name":"Forgotten Altar","player_choice":"Shed Blood","floor":21.0,"gold_loss":0.0,"damage_taken":24.0},{"damage_healed":0.0,"max_hp_gain":0.0,"max_hp_loss":0.0,"gold_gain":0.0,"event_name":"Drug Dealer","player_choice":"Inject Mutagens","floor":22.0,"gold_loss":0.0,"damage_taken":0.0,"relics_obtained":["MutagenicStrength"]}],"is_beta":false,"boss_relics":[{"not_picked":["Runic Pyramid","Tiny House"],"picked":"SlaversCollar"}],"items_purged_floors":[],"is_endless":false,"potions_floor_spawned":[4,8,13,16,28],"killed_by":"Automaton","ascension_level":17}}