{"host":"lreod2rejfd0az5i","time":1611538994,"event":{"mods":["AchievementEnabler","Aspiration","BaseMod","Colored Powertips","Conspire","Downfall","Highlight Path","Hubris","Infinite Spire","Mad Scientist","Minty Spire (QoL Compilation)","Rare Cards Sparkle","Relic Stats","Replay The Spire","StSLib","The Bug Knight","The Jungle"],"gold_per_floor":[115,115,135,135,60,60,79,108,108,108,108,139,139,139,8,27,27,101,101,115,115,115,135,148,148,148,178,178,178,178,16,29,29,29,29,29],"floor_reached":35,"language":"ENG","playtime":1237,"items_purged":["Strike_G"],"score":562,"play_id":"f599d6a5-eb08-448e-9922-c5c06b900ba6","local_time":"20210124184314","is_ascension_mode":true,"campfire_choices":[{"data":"Noxious Fumes","floor":6,"key":"SMITH"},{"data":"Bane","floor":14,"key":"SMITH"},{"floor":17,"key":"REST"},{"floor":25,"key":"REST"},{"floor":29,"key":"REST"},{"floor":34,"key":"REST"}],"circlet_count":0,"master_deck":["AscendersBane","Strike_G","Strike_G","Strike_G","Defend_G","Defend_G","Defend_G","Defend_G","Defend_G","Survivor","Neutralize","Backflip","Noxious Fumes+1","Bane+1","Blade Dance","All Out Attack","Envenom+1","Envenom"],"relics":["Ring of the Snake","NeowsBlessing","Art of War","hubris:Towel","Bottled Tornado","infinitespire:ShieldingShard","Anchor","MutagenicStrength","infinitespire:WardingShard","Replay:WaspNest"],"acts_visited":["Exordium","TheCity"],"potions_floor_usage":[1,12,24,27,27,35,35],"damage_taken":[{"damage":0,"enemies":"conspire:RoseBush","floor":1,"turns":1},{"damage":0,"enemies":"Jaw Worm","floor":3,"turns":1},{"damage":0,"enemies":"Small Slimes","floor":7,"turns":1},{"damage":4,"enemies":"HollowMod:MossKnight","floor":8,"turns":13},{"damage":18,"enemies":"3 Sentries","floor":12,"turns":7},{"damage":1,"enemies":"Blue Slaver","floor":16,"turns":4},{"damage":48,"enemies":"Hexaghost","floor":18,"turns":8},{"damage":0,"enemies":"conspire:FuzzyDice","floor":20,"turns":6},{"damage":2,"enemies":"Chosen","floor":23,"turns":5},{"damage":34,"enemies":"Snake Plant","floor":24,"turns":5},{"damage":29,"enemies":"Slavers","floor":27,"turns":3},{"damage":27,"enemies":"Shelled Parasite and Fungi","floor":32,"turns":5},{"damage":42,"enemies":"Automaton","floor":35,"turns":6}],"seed_played":"-8762773828303704387","potions_obtained":[{"floor":1,"key":"Fruit Juice"},{"floor":3,"key":"Weak Potion"},{"floor":16,"key":"Regen Potion"},{"floor":18,"key":"Toxic Potion"},{"floor":24,"key":"DuplicationPotion"},{"floor":27,"key":"AttackPotion"},{"floor":30,"key":"Dexterity Potion"},{"floor":32,"key":"PowerPotion"}],"is_trial":false,"path_per_floor":["M","?","M","?","?","R","M","E","PTL","PTL","T","E","$","R","$","M","R","B",null,"M","?","?","M","M","R","?","E","T","R","?","$","M","?","R","B"],"character_chosen":"THE_SILENT","items_purchased":["Blade Dance","All Out Attack","Guardian:BlockOnCardUsePotion"],"campfire_rested":4,"item_purchase_floors":[15,15,31],"current_hp_per_floor":[64,64,64,64,64,64,64,60,60,60,60,42,42,42,42,41,62,14,57,57,57,57,55,35,56,56,27,27,48,48,48,21,21,42,0,0],"gold":29,"neow_bonus":"THREE_ENEMY_KILL","is_daily":false,"chose_seed":false,"campfire_upgraded":2,"win_rate":0.0,"timestamp":1611538994,"path_taken":["M","?","M","?","?","R","M","E","PTL","PTL","T","E","$","R","$","M","R","BOSS","M","?","?","M","?","R","?","E","T","R","?","$","?","?","R","BOSS"],"items_purchased_type":["Card","Card","Potion"],"build_version":"2020-12-22","purchased_purges":1,"victory":false,"max_hp_per_floor":[71,71,71,71,71,71,71,71,71,71,71,71,71,71,71,71,71,71,71,71,71,71,71,71,71,71,71,71,71,71,71,71,71,71,71,71],"relic_stats":{"counters":[13,65],"Art of War":[12],"obtain_stats":[{"Anchor":12,"infinitespire:ShieldingShard":11,"NeowsBlessing":0,"infinitespire:WardingShard":27,"MutagenicStrength":26,"Replay:WaspNest":28,"Art of War":2,"hubris:Towel":4,"Bottled Tornado":8,"Ring of the Snake":0},{"Anchor":5,"infinitespire:ShieldingShard":4,"NeowsBlessing":0,"infinitespire:WardingShard":11,"MutagenicStrength":10,"Replay:WaspNest":11,"Art of War":1,"hubris:Towel":2,"Bottled Tornado":4,"Ring of the Snake":0},{"Anchor":23,"infinitespire:ShieldingShard":16,"NeowsBlessing":0,"infinitespire:WardingShard":54,"MutagenicStrength":51,"Replay:WaspNest":54,"Art of War":1,"hubris:Towel":2,"Bottled Tornado":16,"Ring of the Snake":0}],"Ring of the Snake":[26]},"card_choices":[{"not_picked":["Acrobatics","ReplayTheSpireMod:Tripwire"],"picked":"Backflip","floor":1},{"not_picked":["Poisoned Stab","Outmaneuver"],"picked":"Noxious Fumes","floor":3},{"not_picked":["Prepared","Backflip","Tactician"],"picked":"SKIP","floor":7},{"not_picked":["Choke","Burst"],"picked":"Bane","floor":8},{"not_picked":["Underhanded Strike","Dagger Throw","hubris:Sniper"],"picked":"SKIP","floor":12},{"not_picked":["Dagger Throw","Accuracy"],"picked":"Envenom","floor":16},{"not_picked":["Replay:Bag of Tricks","Grand Finale"],"picked":"Envenom","floor":18},{"not_picked":["hubris:TrickCloak","Acrobatics","Bane"],"picked":"SKIP","floor":20},{"not_picked":["All Out Attack","Outmaneuver+1","Bane"],"picked":"SKIP","floor":23},{"not_picked":["Prepared","Outmaneuver","Flying Knee"],"picked":"SKIP","floor":24},{"not_picked":["Dagger Throw","Setup+1","ReplayTheSpireMod:Speed Training"],"picked":"SKIP","floor":27},{"not_picked":["Underhanded Strike","Dagger Throw+1","Deflect"],"picked":"SKIP","floor":32}],"player_experience":887903,"relics_obtained":[{"floor":8,"key":"Bottled Tornado"},{"floor":11,"key":"infinitespire:ShieldingShard"},{"floor":12,"key":"Anchor"},{"floor":27,"key":"infinitespire:WardingShard"},{"floor":28,"key":"Replay:WaspNest"}],"event_choices":[{"damage_healed":0,"gold_gain":0,"player_choice":"Box","damage_taken":0,"relics_obtained":["Art of War"],"max_hp_gain":0,"max_hp_loss":0,"event_name":"Big Fish","floor":2,"gold_loss":0,"cards_obtained":["Regret"]},{"cards_removed":["Regret"],"damage_healed":0,"gold_gain":0,"player_choice":"Card Removal","damage_taken":0,"max_hp_gain":0,"max_hp_loss":0,"event_name":"The Cleric","floor":5,"gold_loss":75},{"cards_removed":["Strike_G"],"damage_healed":0,"gold_gain":0,"player_choice":"Purged","damage_taken":0,"max_hp_gain":0,"max_hp_loss":0,"event_name":"Purifier","floor":22,"gold_loss":0},{"damage_healed":0,"gold_gain":0,"player_choice":"Inject Mutagens","damage_taken":0,"relics_obtained":["MutagenicStrength"],"max_hp_gain":0,"max_hp_loss":0,"event_name":"Drug Dealer","floor":26,"gold_loss":0},{"damage_healed":0,"gold_gain":0,"player_choice":"Got Potions","damage_taken":0,"max_hp_gain":0,"max_hp_loss":0,"event_name":"Lab","floor":30,"gold_loss":0}],"is_beta":false,"boss_relics":[{"not_picked":["ReplayTheSpireMod:DimensionalGlitch","Runic Pyramid","Abe\u0027s Treasure"]}],"items_purged_floors":[31],"is_endless":false,"potions_floor_spawned":[1,3,16,18,24,27,32],"killed_by":"Automaton","ascension_level":20}}