{"host":"g3eueebv62qighx3","time":1611604789,"event":{"mods":["AchievementEnabler","BaseMod","BetterRewards","Colored Map","Downfall","Duelist Mod","Hermit","Hubris","Infinite Spire","Marisa????????","Minty Spire (QoL Compilation)","Remilia??????","Replay The Spire","StSLib","The Animator","The Bug Knight","The Construct","The Cursed","The Necromancer","The Runesmith","The Servant 0.9.4"],"gold_per_floor":[112,112,180,195,215,215,70,70,94,134,157,157,171,185,185,290,290,320,340,340,340,340,340,352,370,393,393,353,372,382,398,398,522,522,575,632,632,692,754,754,837,837,837,904,904,980,1054,1054,1054,1221,1221,1304,1106,1106,1189,1278,1332,1430,1430,1430,1430,1430,1525,1525,1633,1633,1826,1826,1947,1745,1762,1762,1880,1880,1998,2136,2136,2136,2136,2281,2281,2426,2426,2656,2656,2826,2826,3015,2860,3047,3263,3263,3263,3263,3263,3478,3478,3693,3189,3189,3500,3500,3732,3980,3980,3980,4249,4529,4529,4529,4555,3962,3962,4230,4515,4821,4821,5198,5198,5542,5905,6279,5871,5871,5871,6262,6262,6286,6286,6699,6699,6699,7134,7134,7678,7678,8178,7795,7696,7696,7696,8191,8714,8714,8741,8741,9317,9317,9317,9916,9916,10514,10514,10514,9286,9912,9880,9880],"floor_reached":157,"language":"ENG","playtime":8972,"items_purged":["ReplayTheSpireMod:Splinters","Writhe","Sickly","Doubt"],"score":3425,"play_id":"acf4415b-1e44-4856-a568-a673b3221f69","local_time":"20210125145949","is_ascension_mode":false,"campfire_choices":[{"data":"Sunder","floor":6.0,"key":"SMITH"},{"floor":12.0,"key":"REST"},{"floor":15.0,"key":"REST"},{"data":"ReplayTheSpireMod:Calculation Training","floor":23.0,"key":"SMITH"},{"floor":32.0,"key":"REST"},{"data":"Defragment","floor":40.0,"key":"SMITH"},{"data":"FIFO Queue","floor":49.0,"key":"SMITH"},{"floor":59.0,"key":"REST"},{"floor":61.0,"key":"REST"},{"data":"hubris:PowerSurge","floor":64.0,"key":"SMITH"},{"data":"Amplify","floor":66.0,"key":"SMITH"},{"data":"Crystallizer","floor":74.0,"key":"SMITH"},{"data":"Aggregate","floor":78.0,"key":"SMITH"},{"floor":81.0,"key":"REST"},{"data":"ReplayTheSpireMod:Omega Cannon","floor":92.0,"key":"SMITH"},{"data":"Electrodynamics","floor":95.0,"key":"SMITH"},{"floor":100.0,"key":"REST"},{"floor":109,"key":"REST"},{"data":"Lockon","floor":113,"key":"SMITH"},{"data":"Thunder Strike","floor":117,"key":"SMITH"},{"data":"infinitespire:UltimateForm","floor":125,"key":"SMITH"},{"data":"EnergyFlow","floor":129,"key":"SMITH"},{"data":"Echo Form","floor":131,"key":"SMITH"},{"data":"downfall:Bewildered","floor":134,"key":"PURGE"},{"data":"ManaRampage","floor":148,"key":"SMITH"},{"data":"Crystallizer","floor":151,"key":"SMITH"},{"data":"Electrodynamics","floor":154,"key":"SMITH"}],"circlet_count":0,"master_deck":["Strike_B","Strike_B+1","Strike_B","Strike_B","Defend_B","Defend_B+2","Defend_B","Defend_B+1","Zap+1","Dualcast","Tempest+1","Delirium","Seek","Sunder+1","Genetic Algorithm","Aggregate","Sunder+1","Mirror Shield+1","Aggregate+1","Reboot+1","ReplayTheSpireMod:Calculation Training+1","BasicCrystalCard+1","Sweeping Beam","hubris:PowerSurge+1","Gash+1","hubris:PowerSurge+1","Self Repair+1","Meteor Strike","Defragment+1","FIFO Queue+1","ReplayTheSpireMod:Calculation Training+1","Stack+1","Blizzard+1","Streamline+1","ReplayTheSpireMod:Calculation Training+1","ReplayGash","Amplify+1","Stack","CurseOfTheBell","Creative AI+1","Redo","FIFO Queue","Doom and Gloom","Doom and Gloom+1","Rip and Tear","Streamline","ReplayTheSpireMod:Omega Cannon+1","Chill+1","hubris:PowerSurge+1","Rebound","Hologram","Crystallizer+1","Electrodynamics+1","Ball Lightning+1","BootSequence","Sunder","theDuelist:PsiCurse","Hyperbeam","hubris:Ukulele","Conserve Battery+1","Beam Cell+1","Loop+1","Time Bomb+1","Defragment","Lockon+1","Ball Lightning","White Noise+1","Storm","Injury","Pot Of Greed","Pot Of Greed","Pot Of Greed","Pot Of Greed","Pot Of Greed","Pot Of Greed","Pot Of Greed","Core Surge","Tempest","Thunder Strike+1","Panic Button","All For One","infinitespire:Pacifist","Buffer","Finesse","infinitespire:UltimateForm+1","Multi-Cast+1","Stack+1","Defragment","Pot Of Greed","ReplayTheSpireMod:GoodbyeWorld","Barrage+1","Chrysalis","Melter","EnergyFlow+1","Echo Form+1","ReplayTheSpireMod:Calculation Training+1","ReplayGash","hubris:InfiniteBlow","Electrodynamics+1","Compile Driver+1","Panic Button","Pot Of Greed","Crystallizer+1","Loop+1","Crystallizer","Lockon+1","Madness","Madness","ManaRampage+1","ReplayTheSpireMod:Fabricate Wheel","Storm","ReplayTheSpireMod:Repulse","Reprogram","Melter","Beam Cell","Pot Of Greed","Replay:BasicMightCard","ReplayTheSpireMod:Brewmster","PropBag"],"relics":["Cracked Core","Ring of Peace","Blood Vial","Simple Rune","PreservedInsect","Runic Pyramid","Gremlin Food","Nloth\u0027s Gift","Replay:Mystery Machine","infinitespire:EvilPickle","Replay:Ancient Bell","Bronze Scales","Kunai","Lizard Tail","Chameleon Ring","construct:RocketBooster","Onion Ring","Calling Bell","hubris:SlimyHat","Carrot","hubris:GlazedTorus","Geode","hubris:ToyBattleship","Ginger","Snecko Eye","Toolbox","Red Mask","Snack Pack","hubris:HollowSoul","Runic Capacitor","Singing Bowl","hubris:DeckOfHolding","Runesmith:Locket","Black Star","hubris:TinFlute","Replay:Antivirus Software","Nuclear Battery","Golden Idol","Grinning Jar","Tiny Chest","HandDrill","Pen Nib","ReplayTheSpireMod:SealedPack","Prayer Wheel","hubris:DisguiseKit","hubris:Towel","Orichalcum","construct:WeddingRing","Guide Book","Replay:Baseball","Ice Cream","infinitespire:EmpoweringShard","FossilizedHelix","Bag of Marbles","hubris:Icosahedron","SacredBark","infinitespire:Freezer","Ancient Tea Set","Sling","infinitespire:Lucky Rock","ReplayFunnel"],"acts_visited":["Exordium","TheCity","TheBeyond","Exordium","TheCity","TheBeyond","TheCity","TheBeyond","TheEnding"],"potions_floor_usage":[152,152,152,157,157,157],"damage_taken":[{"damage":0.0,"enemies":"Small Slimes","floor":1.0,"turns":3.0},{"damage":3.0,"enemies":"Jaw Worm","floor":4.0,"turns":4.0},{"damage":0.0,"enemies":"2 Louse","floor":5.0,"turns":2.0},{"damage":17.0,"enemies":"Replay:BlueRogue","floor":10.0,"turns":5.0},{"damage":7.0,"enemies":"Exordium Thugs","floor":11.0,"turns":5.0},{"damage":0.0,"enemies":"2 Fungi Beasts","floor":13.0,"turns":3.0},{"damage":0.0,"enemies":"Exordium Wildlife","floor":14.0,"turns":3.0},{"damage":0.0,"enemies":"Slime Boss","floor":16.0,"turns":7.0},{"damage":0.0,"enemies":"Chosen","floor":18.0,"turns":4.0},{"damage":7.0,"enemies":"Centurion and Healer","floor":19.0,"turns":8.0},{"damage":21.0,"enemies":"Sentry and Sphere","floor":24.0,"turns":6.0},{"damage":15.0,"enemies":"Snake Plant","floor":25.0,"turns":4.0},{"damage":0.0,"enemies":"Cultist and Chosen","floor":29.0,"turns":5.0},{"damage":27.0,"enemies":"Centurion and Healer","floor":30.0,"turns":7.0},{"damage":0.0,"enemies":"Snake Plant","floor":31.0,"turns":3.0},{"damage":24.0,"enemies":"Pondfish","floor":33.0,"turns":16.0},{"damage":15.0,"enemies":"3 Shapes","floor":35.0,"turns":4.0},{"damage":0.0,"enemies":"Orb Walker","floor":36.0,"turns":3.0},{"damage":0.0,"enemies":"Transient","floor":38.0,"turns":5.0},{"damage":8.0,"enemies":"Sphere and 2 Shapes","floor":39.0,"turns":7.0},{"damage":14.0,"enemies":"Nightmare","floor":41.0,"turns":6.0},{"damage":68.0,"enemies":"4 Shapes","floor":44.0,"turns":4.0},{"damage":0.0,"enemies":"Transient","floor":46.0,"turns":5.0},{"damage":0.0,"enemies":"Jaw Worm Horde","floor":47.0,"turns":5.0},{"damage":50.0,"enemies":"Time Eater","floor":50.0,"turns":11.0},{"damage":0.0,"enemies":"2 Louse","floor":52.0,"turns":2.0},{"damage":0.0,"enemies":"Small Slimes","floor":55.0,"turns":3.0},{"damage":0.0,"enemies":"Jaw Worm","floor":56.0,"turns":1.0},{"damage":128.0,"enemies":"Nightmare","floor":57.0,"turns":14.0},{"damage":0.0,"enemies":"Blue Slaver","floor":58.0,"turns":3.0},{"damage":0.0,"enemies":"Red Slaver","floor":63.0,"turns":2.0},{"damage":0.0,"enemies":"2 Fungi Beasts","floor":65.0,"turns":2.0},{"damage":0.0,"enemies":"Slime Boss","floor":67.0,"turns":5.0},{"damage":15.0,"enemies":"2 Thieves","floor":69.0,"turns":2.0},{"damage":0.0,"enemies":"Masked Bandits","floor":71.0,"turns":3.0},{"damage":0.0,"enemies":"Shell Parasite","floor":73.0,"turns":2.0},{"damage":0.0,"enemies":"Cultist and Chosen","floor":75.0,"turns":4.0},{"damage":0.0,"enemies":"3 Cultists","floor":76.0,"turns":2.0},{"damage":44.0,"enemies":"Centurion and Healer","floor":80.0,"turns":4.0},{"damage":9.0,"enemies":"Snecko","floor":82.0,"turns":4.0},{"damage":30.0,"enemies":"Collector","floor":84.0,"turns":6.0},{"damage":0.0,"enemies":"3 Darklings","floor":86.0,"turns":3.0},{"damage":0.0,"enemies":"Orb Walker","floor":88.0,"turns":3.0},{"damage":0.0,"enemies":"Jaw Worm Horde","floor":90.0,"turns":3.0},{"damage":0.0,"enemies":"Nemesis","floor":91.0,"turns":3.0},{"damage":0.0,"enemies":"Sphere and 2 Shapes","floor":96.0,"turns":3.0},{"damage":68.0,"enemies":"Maw","floor":98.0,"turns":8.0},{"damage":0.0,"enemies":"Replay:Hell Engine","floor":101.0,"turns":1.0},{"damage":0,"enemies":"Small Slimes","floor":103,"turns":2},{"damage":0,"enemies":"Jaw Worm","floor":104,"turns":2},{"damage":0,"enemies":"2 Louse","floor":107,"turns":1},{"damage":0,"enemies":"Exordium Thugs","floor":108,"turns":3},{"damage":0,"enemies":"Lots of Slimes","floor":114,"turns":1},{"damage":0,"enemies":"3 Louse","floor":115,"turns":2},{"damage":0,"enemies":"Exordium Thugs","floor":116,"turns":2},{"damage":0,"enemies":"Fading Forest","floor":118,"turns":9},{"damage":0,"enemies":"3 Byrds","floor":120,"turns":2},{"damage":0,"enemies":"2 Thieves","floor":121,"turns":3},{"damage":0,"enemies":"Snecko","floor":122,"turns":5},{"damage":14,"enemies":"Snake Plant","floor":126,"turns":2},{"damage":0,"enemies":"Cultist and Chosen","floor":130,"turns":4},{"damage":0,"enemies":"Centurion and Healer","floor":133,"turns":3},{"damage":0,"enemies":"Automaton","floor":135,"turns":7},{"damage":0,"enemies":"Orb Walker","floor":137,"turns":3},{"damage":0,"enemies":"3 Darklings","floor":142,"turns":3},{"damage":0,"enemies":"Transient","floor":143,"turns":5},{"damage":0,"enemies":"4 Shapes","floor":147,"turns":4},{"damage":0,"enemies":"Sphere and 2 Shapes","floor":150,"turns":3},{"damage":106,"enemies":"infinitespire:LordOfFortification","floor":152,"turns":24},{"damage":25,"enemies":"Shield and Spear","floor":156,"turns":5},{"damage":129,"enemies":"The Heart","floor":157,"turns":3}],"seed_played":"4948350775555032899","potions_obtained":[{"floor":3.0,"key":"Ancient Potion"},{"floor":3.0,"key":"FocusPotion"},{"floor":4.0,"key":"Elixir"},{"floor":33.0,"key":"Weak Potion"},{"floor":56.0,"key":"SkillPotion"},{"floor":57.0,"key":"Strength Potion"},{"floor":65.0,"key":"infinitespire:BlackPotion"},{"floor":67.0,"key":"Flashbang"},{"floor":71.0,"key":"hexamod:SoulburnPotion"}],"is_trial":false,"path_per_floor":["M","?","?","M","M","R","$","?","T","E","M","R","M","M","R","B",null,"M","M","AVR","?","?","R","M","M","T","?","?","M","M","M","R","B",null,"M","M","?","M","M","R","NM","AVR","T","M","?","M","M","?","R","B",null,"M","$","?","M","M","NM","M","R","T","R","?","M","R","M","R","B",null,"M","$","?","?","M","R","M","M","T","R","?","M","R","M","R_BF","B",null,"M","?","M","$","M","E","R","?","T","R","M","AVR","M","$","R","B",null,"M","M","?","?","M","M","R","?","T","$","R","M","M","M","R","B",null,"M","M","M","$","?","R","M","T","T","R","M","R","?","M","R_BF","B",null,"M","$","?","T","AVR","M","M","?","T","?","M","R","$","M","R","B",null,"R","$","E","B"],"character_chosen":"DEFECT","items_purchased":["Simple Rune","Geode","Redo","Toolbox","hubris:PowerSurge+1","Runic Capacitor","hubris:TinFlute","Replay:Antivirus Software","Defragment","Lockon","Tiny Chest","HandDrill","Pen Nib","Core Surge","Chrysalis","hubris:DisguiseKit","Guide Book","Replay:Baseball","Crystallizer","infinitespire:Freezer","Ancient Tea Set","Sling","Storm","ReplayTheSpireMod:Repulse","Reprogram","Melter","Beam Cell","Replay:BasicMightCard","ReplayTheSpireMod:Brewmster","Adrenaline Potion","SkillPotion","Elixir"],"campfire_rested":8,"item_purchase_floors":[7,53,53,70,70,89,99,99,99,99,112,112,112,112,123,123,138,138,138,155,155,155,155,155,155,155,155,155,155,155,155,155],"current_hp_per_floor":[75,75,75,72,74,74,74,59,59,44,39,61,63,65,75,75,75,75,68,68,68,68,68,49,36,36,36,36,38,13,15,37,25,75,60,72,72,75,75,75,71,71,71,5,5,17,19,75,75,25,75,75,75,85,85,85,43,45,70,70,85,85,85,85,85,85,85,85,70,70,72,72,74,74,85,85,85,85,85,41,66,59,59,31,85,85,85,85,85,85,87,87,89,89,89,89,89,21,21,47,49,89,89,89,89,71,75,77,91,91,91,91,91,91,91,91,91,91,93,95,97,97,97,97,97,83,83,83,83,97,97,97,99,99,99,99,99,99,99,99,99,99,101,88,88,88,92,92,92,107,107,29,107,107,107,84,0,0],"gold":9880,"neow_bonus":"RANDOM_EVENT","is_daily":false,"chose_seed":false,"campfire_upgraded":18,"win_rate":0.0,"timestamp":1611604789,"path_taken":["M","?","?","M","?","R","$","?","T","E","M","R","M","M","R","BOSS","M","M","AVR","?","?","R","?","M","T","?","?","M","M","?","R","BOSS","M","M","?","M","?","R","NM","AVR","T","M","?","M","M","?","R","BOSS","M","$","?","M","?","NM","M","R","T","R","?","M","R","M","R","BOSS","M","$","?","?","M","R","M","?","T","R","?","M","R","M","R_BF","BOSS","M","?","M","?","M","E","R","?","T","R","M","AVR","M","$","R","BOSS","M","M","?","?","M","M","R","?","T","?","R","M","M","?","R","BOSS","M","M","?","$","?","R","M","?","T","R","M","R","?","M","R_BF","BOSS","M","?","?","?","AVR","M","M","?","T","?","M","R","?","M","R","BOSS","R","$","E","BOSS"],"items_purchased_type":["Relic","Relic","Card","Relic","Card","Relic","Relic","Relic","Card","Card","Relic","Relic","Relic","Card","Card","Relic","Relic","Relic","Card","Relic","Relic","Relic","Card","Card","Card","Card","Card","Card","Card","Potion","Potion","Potion"],"build_version":"2020-12-22","purchased_purges":4,"victory":false,"max_hp_per_floor":[75,75,75,75,75,75,75,75,75,75,75,75,75,75,75,75,75,75,75,75,75,75,75,75,75,75,75,75,75,75,75,75,75,75,75,75,75,75,75,75,75,75,75,75,75,75,75,75,75,75,75,75,75,85,85,85,85,85,85,85,85,85,85,85,85,85,85,85,85,85,85,85,85,85,85,85,85,85,85,85,85,85,85,85,85,85,85,85,85,85,87,87,89,89,89,89,89,89,89,89,89,89,89,89,89,89,91,91,91,91,91,91,91,91,91,91,91,91,93,95,97,97,97,97,97,97,97,97,97,97,97,97,99,99,99,99,99,99,99,99,99,99,101,101,101,101,103,103,103,107,107,107,107,107,107,107,107,107],"card_choices":[{"not_picked":["Cold Snap","Leap"],"picked":"Tempest","floor":1.0},{"not_picked":["Ball Lightning","Stack"],"picked":"Seek","floor":3.0},{"not_picked":["Stack","Defragment"],"picked":"Sunder","floor":4.0},{"not_picked":["Beam Cell","Cold Snap"],"picked":"Genetic Algorithm","floor":5.0},{"not_picked":["Time Bomb","Sweeping Beam"],"picked":"Aggregate","floor":10.0},{"not_picked":["Loop","hubris:PowerSurge"],"picked":"Sunder","floor":11.0},{"not_picked":["BasicCrystalCard","Cold Snap"],"picked":"Mirror Shield","floor":13.0},{"not_picked":["Coolheaded","Recycle"],"picked":"Aggregate","floor":14.0},{"not_picked":["Seek","hubris:Prefetch"],"picked":"Reboot","floor":16.0},{"not_picked":["Sweeping Beam","Conserve Battery"],"picked":"ReplayTheSpireMod:Calculation Training","floor":18.0},{"not_picked":["ReplayTheSpireMod:Reroute Power","Barrage"],"picked":"BasicCrystalCard+1","floor":19.0},{"not_picked":["Fusion","Hologram"],"picked":"Sweeping Beam","floor":24.0},{"not_picked":["BootSequence","Heatsinks+1"],"picked":"hubris:PowerSurge","floor":25.0},{"not_picked":["Rip and Tear+1","Reprogram+1"],"picked":"Gash+1","floor":29.0},{"not_picked":["Amplify","Cold Snap"],"picked":"hubris:PowerSurge","floor":30.0},{"not_picked":["Rebound","Loop"],"picked":"Self Repair+1","floor":31.0},{"not_picked":["Multi-Cast","Rainbow"],"picked":"Meteor Strike","floor":33.0},{"not_picked":["theDuelist:CurseArmaments","downfall:Haunted"],"picked":"Sickly","floor":34.0},{"not_picked":["hubris:Envy","downfall:Icky"],"picked":"downfall:Bewildered","floor":34.0},{"not_picked":["ReplayTheSpireMod:Splinters","Parasite"],"picked":"Writhe","floor":34.0},{"not_picked":["Turbo","Lockon"],"picked":"Defragment","floor":35.0},{"not_picked":["Go for the Eyes","Self Repair+1"],"picked":"FIFO Queue","floor":36.0},{"not_picked":["FTL","Coolheaded"],"picked":"Stack+1","floor":38.0},{"not_picked":["Panic Button+1","Tempest"],"picked":"Blizzard+1","floor":39.0},{"not_picked":["Leap+1","Hologram"],"picked":"Streamline+1","floor":41.0},{"not_picked":["BootSequence","Steam+1"],"picked":"ReplayTheSpireMod:Calculation Training+1","floor":44.0},{"not_picked":["ReplayTheSpireMod:Repulse","Streamline+1"],"picked":"Amplify","floor":46.0},{"not_picked":["Ball Lightning","Coolheaded"],"picked":"Stack","floor":47.0},{"not_picked":["Hyperbeam","ReplayRNGCard"],"picked":"ReplayTheSpireMod:Fabricate Wheel","floor":50.0},{"not_picked":["Doom and Gloom","Reinforced Body"],"picked":"Creative AI","floor":52.0},{"not_picked":["Sunder","Hologram"],"picked":"Go for the Eyes","floor":55.0},{"not_picked":["Panic Button","Loop"],"picked":"FIFO Queue","floor":56.0},{"not_picked":["Steam","ReplayTheSpireMod:Reroute Power"],"picked":"Doom and Gloom","floor":57.0},{"not_picked":["Steam Power","Gash"],"picked":"Doom and Gloom","floor":58.0},{"not_picked":["Genetic Algorithm","BootSequence"],"picked":"Rip and Tear","floor":63.0},{"not_picked":["FIFO Queue","Rip and Tear"],"picked":"Streamline","floor":65.0},{"not_picked":["hubris:DoWhile","Seek"],"picked":"ReplayTheSpireMod:Omega Cannon","floor":67.0},{"not_picked":["Consume","Chaos"],"picked":"Chill+1","floor":69.0},{"not_picked":["BasicCrystalCard","Redo"],"picked":"Rebound","floor":71.0},{"not_picked":["Hologram","hubris:PowerSurge"],"picked":"Crystallizer","floor":73.0},{"not_picked":["Hello World+1","Gash"],"picked":"Electrodynamics","floor":75.0},{"not_picked":["Leap+1","BasicCrystalCard"],"picked":"Ball Lightning+1","floor":76.0},{"not_picked":["Skim+1","Beam Cell"],"picked":"BootSequence","floor":80.0},{"not_picked":["Turbo","Rebound"],"picked":"Sunder","floor":82.0},{"not_picked":["hubris:SpecializedCircuitry","Biased Cognition"],"picked":"Hyperbeam","floor":84.0},{"not_picked":["Genetic Algorithm+1","Hologram+1"],"picked":"hubris:Ukulele","floor":86.0},{"not_picked":["Cold Snap+1","Coolheaded"],"picked":"Conserve Battery+1","floor":88.0},{"not_picked":["hubris:SpecializedCircuitry","Creative AI"],"picked":"Beam Cell","floor":90.0},{"not_picked":["Leap","ReplayTheSpireMod:Omega Cannon","Recycle+1"],"picked":"Singing Bowl","floor":91.0},{"not_picked":["Panacea","Good Instincts","Survey Options"],"picked":"Singing Bowl","floor":93.0},{"not_picked":["Cold Snap","Heatsinks+1"],"picked":"Loop","floor":96.0},{"not_picked":["Stack+1","Conserve Battery+1"],"picked":"Time Bomb+1","floor":98.0},{"not_picked":["Rainbow","Mirror Shield"],"picked":"ReplayTheSpireMod:Fabricate Wheel","floor":101.0},{"not_picked":["Turbo","Hologram"],"picked":"Ball Lightning","floor":103},{"not_picked":["Hello World","Stack"],"picked":"White Noise","floor":104},{"not_picked":["Gash","Streamline","Ball Lightning"],"picked":"Singing Bowl","floor":107},{"not_picked":["Go for the Eyes","Steam Power"],"picked":"Storm","floor":108},{"not_picked":["Leap","Steam Power"],"picked":"Tempest","floor":114},{"not_picked":["Streamline","Reinforced Body"],"picked":"Thunder Strike","floor":115},{"not_picked":["Gash","Coolheaded"],"picked":"Panic Button","floor":116},{"not_picked":["ReplayRNGCard","Meteor Strike"],"picked":"All For One","floor":118},{"not_picked":["bronze:Goto","construct:DefenseMode","theDuelist:FinalFlame"],"picked":"Singing Bowl","floor":119},{"not_picked":["All For One","ReplayTheSpireMod:Omega Cannon"],"picked":"Buffer","floor":119},{"not_picked":["Replay:BasicMightCard","Flash of Steel"],"picked":"Finesse","floor":119},{"not_picked":["infinitespire:SealOfDarkness+","infinitespire:TheBestDefense"],"picked":"infinitespire:UltimateForm","floor":119},{"not_picked":["Scrape+1","Turbo+1","Gash"],"picked":"Singing Bowl","floor":120},{"not_picked":["Beam Cell","Streamline"],"picked":"Stack+1","floor":120},{"not_picked":["Blizzard","FTL"],"picked":"Defragment","floor":121},{"not_picked":["Blizzard","Leap","Chaos"],"picked":"Singing Bowl","floor":121},{"not_picked":["Undo+1","BootSequence"],"picked":"ReplayTheSpireMod:GoodbyeWorld","floor":122},{"not_picked":["BasicCrystalCard+1","Hello World+1"],"picked":"Barrage+1","floor":122},{"not_picked":["Leap","Conserve Battery","DC"],"picked":"Melter","floor":126},{"not_picked":["hubris:DoWhile","Beam Cell","Hologram"],"picked":"EnergyFlow","floor":126},{"not_picked":["Consume+1","Conserve Battery+1","NonDirectionalLaser"],"picked":"Echo Form","floor":130},{"not_picked":["Time Bomb","Steam+1","MilkyWay"],"picked":"ReplayTheSpireMod:Calculation Training","floor":130},{"not_picked":["Conserve Battery","Turbo","OneTimeOff"],"picked":"ReplayGash","floor":133},{"not_picked":["Leap","ReplayTheSpireMod:Omega Cannon","Coolheaded","ShootingEcho"],"picked":"Singing Bowl","floor":133},{"not_picked":["ReplayTheSpireMod:Book of Names","ReplayTheSpireMod:Echoes of Time"],"picked":"hubris:InfiniteBlow","floor":135},{"not_picked":["Seek","Fission","MillisecondPulsars"],"picked":"Electrodynamics","floor":135},{"not_picked":["FTL","Cold Snap+1","UltimateShortwave"],"picked":"Compile Driver","floor":137},{"not_picked":["Streamline+1","Steam+1","StarDustReverie"],"picked":"Panic Button","floor":137},{"not_picked":["Blizzard+1","Doom and Gloom","ChargingUp"],"picked":"Loop+1","floor":142},{"not_picked":["Ball Lightning+1","Redo+1","DoubleSpark"],"picked":"Crystallizer","floor":142},{"not_picked":["Auto Shields+1","ReplayTheSpireMod:System Scan","Scrape+1","SatelliteIllusion"],"picked":"Singing Bowl","floor":143},{"not_picked":["Ball Lightning","Skim","SporeBomb"],"picked":"Lockon+1","floor":143},{"not_picked":["FIFO Queue","Streamline","Sweeping Beam+1","EventHorizon"],"picked":"Singing Bowl","floor":147},{"not_picked":["Conserve Battery+1","Coolheaded+1","Recycle"],"picked":"ManaRampage","floor":147},{"not_picked":["Cold Snap","Auto Shields","Beam Cell","MilkyWay"],"picked":"Singing Bowl","floor":150},{"not_picked":["Capacitor+1","Conserve Battery+1","Barrage+1","DeepEcoloBomb"],"picked":"Singing Bowl","floor":150},{"not_picked":["Thunder Strike","Electrodynamics","AbsoluteMagnitude"],"picked":"ReplayTheSpireMod:Fabricate Wheel","floor":152},{"not_picked":["Echo Form","Chill+1","Thunder Strike"],"picked":"PropBag","floor":156}],"player_experience":115937,"relics_obtained":[{"floor":2.0,"key":"Ring of Peace"},{"floor":3.0,"key":"Blood Vial"},{"floor":9.0,"key":"Replay:Bandana"},{"floor":10.0,"key":"PreservedInsect"},{"floor":26.0,"key":"Replay:Mystery Machine"},{"floor":41.0,"key":"Chameleon Ring"},{"floor":43.0,"key":"Onion Ring"},{"floor":51.0,"key":"hubris:SlimyHat"},{"floor":51.0,"key":"Carrot"},{"floor":51.0,"key":"hubris:GlazedTorus"},{"floor":57.0,"key":"hubris:ToyBattleship"},{"floor":60.0,"key":"Ginger"},{"floor":71.0,"key":"Red Mask"},{"floor":77.0,"key":"Snack Pack"},{"floor":91.0,"key":"Singing Bowl"},{"floor":94.0,"key":"hubris:DeckOfHolding"},{"floor":111,"key":"Grinning Jar"},{"floor":128,"key":"Orichalcum"},{"floor":140,"key":"infinitespire:EmpoweringShard"},{"floor":145,"key":"Bag of Marbles"},{"floor":156,"key":"infinitespire:Lucky Rock"},{"floor":156,"key":"ReplayFunnel"}],"event_choices":[{"damage_healed":0.0,"max_hp_gain":0.0,"max_hp_loss":0.0,"gold_gain":0.0,"event_name":"Living Wall","player_choice":"Grow","floor":0.0,"gold_loss":0.0,"damage_taken":0.0,"cards_upgraded":["Zap"]},{"damage_healed":0.0,"max_hp_gain":0.0,"max_hp_loss":0.0,"gold_gain":0.0,"event_name":"Shining Light","player_choice":"Entered Light","floor":8.0,"gold_loss":0.0,"damage_taken":15.0,"cards_upgraded":["Strike_B","Defend_B"]},{"damage_healed":0.0,"max_hp_gain":0.0,"max_hp_loss":0.0,"gold_gain":0.0,"event_name":"Beggar","player_choice":"Ignored","floor":21.0,"gold_loss":0.0,"damage_taken":0.0},{"damage_healed":0.0,"max_hp_gain":0.0,"max_hp_loss":0.0,"gold_gain":0.0,"event_name":"N\u0027loth","player_choice":"Traded Relic","floor":22.0,"relics_lost":["Replay:Bandana"],"gold_loss":0.0,"damage_taken":0.0,"relics_obtained":["Nloth\u0027s Gift"]},{"damage_healed":0.0,"max_hp_gain":0.0,"max_hp_loss":0.0,"gold_gain":0.0,"event_name":"Cursed Tome","player_choice":"Ignored","floor":27.0,"gold_loss":0.0,"damage_taken":0.0},{"damage_healed":0.0,"max_hp_gain":0.0,"max_hp_loss":0.0,"gold_gain":0.0,"event_name":"Designer","player_choice":"Upgraded Two","floor":28.0,"gold_loss":40.0,"damage_taken":0.0,"cards_upgraded":["Sunder","Reboot"]},{"damage_healed":0.0,"max_hp_gain":0.0,"max_hp_loss":0.0,"gold_gain":0.0,"event_name":"Duplicator","player_choice":"Copied","floor":37.0,"gold_loss":0.0,"damage_taken":0.0,"cards_obtained":["ReplayTheSpireMod:Calculation Training"]},{"damage_healed":56.0,"max_hp_gain":0.0,"max_hp_loss":0.0,"gold_gain":0.0,"event_name":"MindBloom","player_choice":"Heal","floor":48.0,"gold_loss":0.0,"damage_taken":0.0,"cards_obtained":["Doubt"]},{"cards_removed":["ReplayTheSpireMod:Fabricate Wheel"],"damage_healed":0.0,"max_hp_gain":10.0,"max_hp_loss":0.0,"gold_gain":0.0,"event_name":"Bonfire Elementals","player_choice":"Offered Rare","floor":54.0,"gold_loss":0.0,"damage_taken":0.0},{"damage_healed":0.0,"max_hp_gain":0.0,"max_hp_loss":0.0,"gold_gain":0.0,"event_name":"Living Wall","player_choice":"Grow","floor":62.0,"gold_loss":0.0,"damage_taken":0.0,"cards_upgraded":["hubris:PowerSurge"]},{"damage_healed":0.0,"max_hp_gain":0.0,"max_hp_loss":0.0,"gold_gain":0.0,"event_name":"Masked Bandits","player_choice":"Fought Bandits","floor":71.0,"gold_loss":0.0,"damage_taken":0.0},{"damage_healed":0.0,"max_hp_gain":0.0,"max_hp_loss":0.0,"gold_gain":0.0,"cards_transformed":["Go for the Eyes"],"event_name":"Transmorgrifier","player_choice":"Transformed","floor":72.0,"gold_loss":0.0,"damage_taken":0.0,"cards_obtained":["Hologram"]},{"damage_healed":0.0,"max_hp_gain":0.0,"max_hp_loss":0.0,"gold_gain":0.0,"event_name":"Accursed Blacksmith","player_choice":"Forge","floor":87.0,"gold_loss":0.0,"damage_taken":0.0,"cards_upgraded":["Creative AI"]},{"damage_healed":0.0,"max_hp_gain":0.0,"max_hp_loss":0.0,"gold_gain":0.0,"event_name":"SensoryStone","player_choice":"Memory 1","floor":93.0,"gold_loss":0.0,"damage_taken":0.0},{"damage_healed":0,"gold_gain":0,"player_choice":"Grow","damage_taken":0,"max_hp_gain":0,"max_hp_loss":0,"event_name":"Living Wall","floor":105,"gold_loss":0,"cards_upgraded":["ReplayTheSpireMod:Fabricate Wheel"]},{"damage_healed":0,"gold_gain":0,"player_choice":"Entered Light","damage_taken":18,"max_hp_gain":0,"max_hp_loss":0,"event_name":"Shining Light","floor":106,"gold_loss":0,"cards_upgraded":["Beam Cell","White Noise"]},{"damage_healed":0,"gold_gain":0,"player_choice":"Take Wound","damage_taken":0,"relics_obtained":["Golden Idol"],"max_hp_gain":0,"max_hp_loss":0,"event_name":"Golden Idol","floor":110,"gold_loss":0,"cards_obtained":["Injury"]},{"damage_healed":0,"gold_gain":0,"player_choice":"Forge","damage_taken":0,"max_hp_gain":0,"max_hp_loss":0,"event_name":"Accursed Blacksmith","floor":132,"gold_loss":0,"cards_upgraded":["ReplayTheSpireMod:Calculation Training"]},{"damage_healed":0,"gold_gain":0,"player_choice":"Paid Gold","damage_taken":0,"relics_obtained":["Ice Cream"],"max_hp_gain":0,"max_hp_loss":0,"event_name":"WeMeetAgain","floor":139,"gold_loss":99},{"damage_healed":0,"gold_gain":0,"player_choice":"Embrace Madness","damage_taken":13,"max_hp_gain":0,"max_hp_loss":0,"event_name":"Winding Halls","floor":144,"gold_loss":0,"cards_obtained":["Madness","Madness"]}],"is_beta":false,"boss_relics":[{"not_picked":["ChewingGum","Replay:Bronze Core"],"picked":"Runic Pyramid"},{"not_picked":["Tiny House","Cursed Key"],"picked":"Replay:Ancient Bell"},{"not_picked":["infinitespire:PuzzleCube","hubris:TenFootPole"],"picked":"Bronze Scales"},{"not_picked":["hubris:DuctTape","hubris:MobiusCoin"],"picked":"Kunai"},{"not_picked":["hubris:Spice","Gambling Chip"],"picked":"Lizard Tail"},{"not_picked":["hubris:GrandSneckoEye","construct:ClawGrip"],"picked":"Calling Bell"},{"not_picked":["Runic Dome","Replay:Bronze Core"],"picked":"Snecko Eye"},{"not_picked":["Philosopher\u0027s Stone","hubris:TerracottaHorce"],"picked":"hubris:HollowSoul"},{"not_picked":["Replay:Grab Bag","infinitespire:Cupcake"],"picked":"Nuclear Battery"},{"not_picked":["Cursed Key","Abe\u0027s Treasure"],"picked":"ReplayTheSpireMod:SealedPack"},{"not_picked":["ReplayTheSpireMod:DimensionalGlitch","Fusion Hammer"],"picked":"construct:WeddingRing"},{"not_picked":["Sozu","Busted Crown"],"picked":"SacredBark"}],"items_purged_floors":[20,42,97,155],"is_endless":true,"potions_floor_spawned":[4,5,11,16,24,25,31,33,35,39,41,56,57,65,67,71,76,82,84,90,91,101,103,114,118,122,126,142,147],"killed_by":"The Heart","ascension_level":0}}