{"host":"vhvm1b4sel61ztfv","time":1611539469,"event":{"mods":["BaseMod","BetterRewards","Displayed Cursed Tome","Gold Saver","Minty Spire (QoL Compilation)","StSLib"],"gold_per_floor":[630,641,422,372,372,372,390,390,390,390,403,429,429,444,444,539,539,555,555,555,574,53,53,53,53,124,144,164,197,216,226,226,226,226],"floor_reached":33,"language":"ENG","playtime":2005,"items_purged":["Strike_B"],"score":551,"play_id":"cd2c605c-cbc4-4179-9be9-61a78bd86204","local_time":"20210124205109","daily_mods":["Vintage","Heirloom","Time Dilation","Flight","DeadlyEvents"],"is_ascension_mode":true,"campfire_choices":[{"data":"Static Discharge","floor":6,"key":"SMITH"},{"data":"Dualcast","floor":8,"key":"SMITH"},{"data":"Loop","floor":10,"key":"SMITH"},{"floor":13,"key":"REST"},{"floor":15,"key":"REST"},{"floor":23,"key":"REST"},{"floor":24,"key":"REST"},{"data":"Electrodynamics","floor":25,"key":"SMITH"},{"data":"Zap","floor":32,"key":"SMITH"}],"circlet_count":0,"master_deck":["AscendersBane","Strike_B","Strike_B","Defend_B+1","Defend_B+1","Defend_B","Defend_B","Zap+1","Dualcast+1","Ball Lightning+1","Static Discharge+1","Consume","Loop+1","Beam Cell+1","Decay","Electrodynamics+1","Heatsinks","Barrage+1"],"relics":["Cracked Core","Turnip","Mummified Hand","Orrery","Centennial Puzzle","Art of War","Whetstone","Mercury Hourglass","Lantern","Bird Faced Urn","Calipers","Anchor","Thread and Needle","Gremlin Horn","War Paint","Bronze Scales","Toxic Egg 2","CeramicFish","Nunchaku"],"acts_visited":["Exordium","TheCity"],"potions_floor_usage":[16,16,21,33,33],"damage_taken":[{"damage":4,"enemies":"Small Slimes","floor":1,"turns":3},{"damage":4,"enemies":"Jaw Worm","floor":2,"turns":3},{"damage":0,"enemies":"Cultist","floor":7,"turns":2},{"damage":13,"enemies":"Exordium Wildlife","floor":11,"turns":3},{"damage":9,"enemies":"3 Sentries","floor":12,"turns":4},{"damage":3,"enemies":"Blue Slaver","floor":14,"turns":2},{"damage":37,"enemies":"Hexaghost","floor":16,"turns":5},{"damage":18,"enemies":"Shell Parasite","floor":18,"turns":3},{"damage":20,"enemies":"2 Thieves","floor":21,"turns":2},{"damage":22,"enemies":"Shelled Parasite and Fungi","floor":27,"turns":3},{"damage":9,"enemies":"Snake Plant","floor":28,"turns":3},{"damage":14,"enemies":"Book of Stabbing","floor":29,"turns":4},{"damage":0,"enemies":"Centurion and Healer","floor":30,"turns":2},{"damage":0,"enemies":"Cultist and Chosen","floor":31,"turns":3},{"damage":81,"enemies":"Automaton","floor":33,"turns":6}],"seed_played":"-1277382913911319284","potions_obtained":[{"floor":1,"key":"SpeedPotion"},{"floor":11,"key":"Swift Potion"},{"floor":12,"key":"Fire Potion"},{"floor":27,"key":"FearPotion"},{"floor":28,"key":"FearPotion"},{"floor":29,"key":"EssenceOfDarkness"},{"floor":31,"key":"Explosive Potion"}],"is_trial":true,"path_per_floor":["M","M","$","?","?","R","M","R","T","R","M","E","R","M","R","B",null,"M","?","T","M","$","R","R","R","T","M","M","E","M","M","R","B"],"character_chosen":"DEFECT","items_purchased":["Orrery","Anchor","Thread and Needle","Heatsinks"],"campfire_rested":4,"item_purchase_floors":[3,22,22,22],"current_hp_per_floor":[64,60,60,60,60,60,60,60,60,60,47,38,60,57,75,38,66,48,48,48,32,32,54,75,75,75,59,52,46,54,62,62,0,0],"gold":226,"neow_bonus":"","is_daily":false,"chose_seed":false,"campfire_upgraded":5,"win_rate":0.0,"timestamp":1611539469,"path_taken":["M","M","$","?","?","R","M","R","T","R","M","?","R","M","R","BOSS","M","?","?","?","$","R","R","R","T","M","M","?","?","M","R","BOSS"],"items_purchased_type":["Relic","Relic","Relic","Card"],"build_version":"2020-12-22","purchased_purges":1,"victory":false,"max_hp_per_floor":[75,75,75,75,75,75,75,75,75,75,75,75,75,75,75,75,75,75,75,75,75,75,75,75,75,75,75,75,75,75,75,75,75,75],"card_choices":[{"not_picked":["Stack","Hello World"],"picked":"Ball Lightning","floor":3},{"not_picked":["Chill","FTL"],"picked":"Static Discharge","floor":3},{"not_picked":["Steam","Glacier"],"picked":"Consume","floor":3},{"not_picked":["Heatsinks","Rip and Tear"],"picked":"Loop","floor":3},{"not_picked":["Conserve Battery","Undo"],"picked":"Beam Cell","floor":3},{"not_picked":["Coolheaded","Steam","Scrape"],"picked":"SKIP","floor":12},{"not_picked":["Amplify","Buffer"],"picked":"Electrodynamics","floor":16},{"not_picked":["Hologram+1","Stack+1"],"picked":"Barrage+1","floor":29}],"player_experience":168218,"relics_obtained":[{"floor":2,"key":"Mummified Hand"},{"floor":7,"key":"Centennial Puzzle"},{"floor":9,"key":"Art of War"},{"floor":11,"key":"Whetstone"},{"floor":14,"key":"Mercury Hourglass"},{"floor":18,"key":"Lantern"},{"floor":20,"key":"Bird Faced Urn"},{"floor":21,"key":"Calipers"},{"floor":26,"key":"Gremlin Horn"},{"floor":27,"key":"War Paint"},{"floor":28,"key":"Bronze Scales"},{"floor":29,"key":"Toxic Egg 2"},{"floor":30,"key":"CeramicFish"},{"floor":31,"key":"Nunchaku"}],"event_choices":[{"cards_removed":["Strike_B"],"damage_healed":0,"gold_gain":0,"player_choice":"Card Removal","damage_taken":0,"max_hp_gain":0,"max_hp_loss":0,"event_name":"The Cleric","floor":4,"gold_loss":50},{"damage_healed":0,"gold_gain":0,"player_choice":"Cursed","damage_taken":0,"max_hp_gain":0,"max_hp_loss":0,"event_name":"Wheel of Change","floor":5,"gold_loss":0,"cards_obtained":["Decay"]},{"damage_healed":0,"gold_gain":0,"player_choice":"Ignored","damage_taken":0,"max_hp_gain":0,"max_hp_loss":0,"event_name":"Vampires","floor":19,"gold_loss":0}],"is_beta":false,"boss_relics":[{"not_picked":["Velvet Choker","Fusion Hammer","Coffee Dripper"]}],"items_purged_floors":[3],"is_endless":true,"potions_floor_spawned":[1,11,12,14,27,28,29,30,31],"killed_by":"Automaton","ascension_level":10}}