{"host":"k5yjj86hwv5qv2gx","time":1611609070,"event":{"mods":["BaseMod","BetterRewards","Minty Spire (QoL Compilation)","StSLib"],"gold_per_floor":[115,115,115,80,80,116,129,162,162,162,162],"floor_reached":10,"language":"ENG","playtime":212,"items_purged":[],"score":198,"play_id":"b3d2f06b-0c88-4550-88f4-2d17adb382bc","local_time":"20210125131110","is_ascension_mode":true,"campfire_choices":[],"circlet_count":0,"master_deck":["AscendersBane","Strike_R","Strike_R","Strike_R","Strike_R","Strike_R","Defend_R","Defend_R","Defend_R","Defend_R","Bash","Shrug It Off","Headbutt","Pommel Strike","Shockwave"],"relics":["Burning Blood","NeowsBlessing","Golden Idol","Smiling Mask","Dream Catcher","Omamori","Shuriken"],"acts_visited":["Exordium"],"potions_floor_usage":[10],"damage_taken":[{"damage":0.0,"enemies":"Jaw Worm","floor":1.0,"turns":1.0},{"damage":0,"enemies":"Lagavulin","floor":6,"turns":1},{"damage":0,"enemies":"Small Slimes","floor":7,"turns":1},{"damage":32,"enemies":"Gremlin Nob","floor":8,"turns":4},{"damage":12,"enemies":"Lagavulin","floor":10,"turns":4}],"seed_played":"3814863296732450147","potions_obtained":[{"floor":6,"key":"EssenceOfSteel"},{"floor":8,"key":"ColorlessPotion"}],"is_trial":false,"path_per_floor":["M","?","?","?","?","E","M","E","T","E"],"character_chosen":"IRONCLAD","items_purchased":[],"campfire_rested":0,"item_purchase_floors":[],"current_hp_per_floor":[74,68,23,40,40,46,52,26,26,14,14],"gold":162,"neow_bonus":"THREE_ENEMY_KILL","is_daily":false,"chose_seed":false,"campfire_upgraded":0,"win_rate":0.0,"timestamp":1611609070,"path_taken":["M","?","?","?","?","E","M","E","T","E"],"items_purchased_type":[],"build_version":"2020-12-22","purchased_purges":0,"victory":false,"max_hp_per_floor":[75,68,68,68,68,68,68,68,68,68,68],"card_choices":[{"not_picked":["True Grit","Sword Boomerang"],"picked":"Shrug It Off","floor":1.0},{"not_picked":["Flex","Havoc"],"picked":"Headbutt","floor":6},{"not_picked":["Sword Boomerang","Twin Strike"],"picked":"Pommel Strike","floor":7},{"not_picked":["True Grit","Shrug It Off"],"picked":"Shockwave","floor":8}],"player_experience":1125070,"relics_obtained":[{"floor":6,"key":"Dream Catcher"},{"floor":8,"key":"Omamori"},{"floor":9,"key":"Shuriken"}],"event_choices":[{"damage_healed":0.0,"max_hp_gain":0.0,"max_hp_loss":7.0,"gold_gain":0.0,"event_name":"Golden Idol","player_choice":"Lose Max HP","floor":2.0,"gold_loss":0.0,"damage_taken":0.0,"relics_obtained":["Golden Idol"]},{"damage_healed":0.0,"max_hp_gain":0.0,"max_hp_loss":0.0,"gold_gain":0.0,"event_name":"Scrap Ooze","player_choice":"Success","floor":3.0,"gold_loss":0.0,"damage_taken":45.0,"relics_obtained":["Smiling Mask"]},{"damage_healed":17.0,"max_hp_gain":0.0,"max_hp_loss":0.0,"gold_gain":0.0,"event_name":"The Cleric","player_choice":"Healed","floor":4.0,"gold_loss":35.0,"damage_taken":0.0},{"damage_healed":0,"gold_gain":0,"player_choice":"Ignored","damage_taken":0,"max_hp_gain":0,"max_hp_loss":0,"event_name":"Shining Light","floor":5,"gold_loss":0}],"is_beta":false,"boss_relics":[],"items_purged_floors":[],"is_endless":false,"potions_floor_spawned":[6,8],"killed_by":"Lagavulin","ascension_level":20}}