{"host":"Mute","time":1611577159,"event":{"mods":["BaseMod","Colored Map","Downfall","Minty Spire (QoL Compilation)","StSLib"],"gold_per_floor":[99,99,99,113,132,167,167,187,187,172,172,172,190,190,190,190],"floor_reached":14,"language":"ENG","playtime":2139,"items_purged":[],"score":86,"play_id":"00281988-6aaf-4fa6-80d5-eb1c9832115b","local_time":"20210125071919","is_ascension_mode":false,"campfire_choices":[{"data":"Slimebound:Split","floor":1,"key":"SMITH"},{"data":"Slimebound:BestDefense","floor":9,"key":"SMITH"}],"circlet_count":0,"master_deck":["Slimebound:Strike_Slimebound","Slimebound:Strike_Slimebound","Slimebound:Tackle","Slimebound:Defend_Slimebound","Slimebound:Defend_Slimebound","Slimebound:Defend_Slimebound","Slimebound:Defend_Slimebound","Slimebound:Split+1","Slimebound:CorrosiveSpit","Slimebound:MegaLick","Slimebound:BestDefense+1","Slimebound:GoopTackle","Slimebound:SelfFormingGoo","Slimebound:SplitLeeching","Slimebound:RollThrough+1","Slimebound:FinishingTackle"],"relics":["Slimebound:AbsorbEndCombat","Lantern","Letter Opener","Odd Mushroom","Dream Catcher"],"acts_visited":["Exordium"],"potions_floor_usage":[],"damage_taken":[{"damage":9,"enemies":"Jaw Worm","floor":4,"turns":3},{"damage":12,"enemies":"2 Louse","floor":5,"turns":2},{"damage":13,"enemies":"3 Sentries","floor":6,"turns":5},{"damage":34,"enemies":"The Mushroom Lair","floor":8,"turns":4},{"damage":5,"enemies":"downfall:FleeingMerchant","floor":10,"turns":4},{"damage":0,"enemies":"Small Slimes","floor":13,"turns":3},{"damage":20,"enemies":"Gremlin Nob","floor":14,"turns":2}],"seed_played":"-6774501588498459475","potions_obtained":[{"floor":5,"key":"BlessingOfTheForge"},{"floor":8,"key":"Dexterity Potion"}],"is_trial":false,"path_per_floor":["R","?","?","M","M","E","T","?","R","$","?","?","M","E"],"character_chosen":"SLIMEBOUND","items_purchased":[],"campfire_rested":0,"item_purchase_floors":[],"current_hp_per_floor":[65,65,65,62,54,47,47,15,15,14,14,14,16,0,0,0],"gold":190,"neow_bonus":"THREE_CARDS","is_daily":false,"chose_seed":false,"campfire_upgraded":2,"win_rate":0.0,"timestamp":1611577159,"path_taken":["R","?","?","?","M","E","T","?","R","$","?","?","M","E"],"items_purchased_type":[],"build_version":"2020-12-18","purchased_purges":0,"victory":false,"max_hp_per_floor":[65,65,65,65,65,65,65,65,65,65,65,65,65,65,65,65],"card_choices":[{"not_picked":["Slimebound:ComboTackle","Slimebound:SamplingLick"],"picked":"Slimebound:MegaLick","floor":0},{"not_picked":["Slimebound:ComboTackle","Slimebound:LivingWall"],"picked":"Slimebound:BestDefense","floor":4},{"not_picked":["Slimebound:MegaLick","Slimebound:ComboTackle"],"picked":"Slimebound:GoopTackle","floor":5},{"not_picked":["Slimebound:PressTheAttack","Slimebound:RejuvenatingLick"],"picked":"Slimebound:SelfFormingGoo","floor":6},{"not_picked":["Slimebound:LivingWall","Slimebound:Schlurp"],"picked":"Slimebound:SplitLeeching","floor":8},{"not_picked":["Slimebound:SplitSpecialist","Slimebound:FinishingTackle"],"picked":"Slimebound:RollThrough","floor":10},{"not_picked":["Slimebound:ItLooksTasty","Slimebound:SplitAcid"],"picked":"Slimebound:FinishingTackle","floor":13}],"player_experience":437048,"relics_obtained":[{"floor":6,"key":"Lantern"},{"floor":7,"key":"Letter Opener"},{"floor":8,"key":"Odd Mushroom"}],"event_choices":[{"cards_removed":["Slimebound:Strike_Slimebound"],"damage_healed":0,"gold_gain":0,"player_choice":"Card Removal","damage_taken":0,"max_hp_gain":0,"max_hp_loss":0,"event_name":"The Cleric","floor":3,"gold_loss":0},{"damage_healed":0,"gold_gain":0,"player_choice":"Fought Mushrooms","damage_taken":0,"max_hp_gain":0,"max_hp_loss":0,"event_name":"Mushrooms","floor":8,"gold_loss":0},{"damage_healed":0,"gold_gain":0,"player_choice":"Grow","damage_taken":0,"max_hp_gain":0,"max_hp_loss":0,"event_name":"Living Wall","floor":11,"gold_loss":0,"cards_upgraded":["Slimebound:RollThrough"]}],"is_beta":true,"boss_relics":[],"items_purged_floors":[],"is_endless":false,"potions_floor_spawned":[5,8],"killed_by":"Gremlin Nob","ascension_level":0}}