{"host":"aas8f8jvicx6tcxp","time":1611540778,"event":{"mods":["BaseMod","Better Third Choice","BetterRewards","Clockwork Mod","Downfall","Minty Spire (QoL Compilation)","StSLib","The Cursed"],"gold_per_floor":[110,110,130,145,32,59,59,74,74,90,90,116,116,172,172,172,172],"floor_reached":16,"language":"ENG","playtime":1540,"items_purged":[],"score":110,"play_id":"cf9319d0-5d7b-4136-a46d-935c85fd768f","local_time":"20210124201258","is_ascension_mode":false,"campfire_choices":[{"data":"Clockwork:CraftBloodPhial","floor":7.0,"key":"SMITH"},{"floor":11,"key":"REST"},{"floor":13,"key":"REST"},{"floor":15,"key":"REST"}],"circlet_count":0,"master_deck":["Clockwork:Strike","Clockwork:Strike","Clockwork:Strike","Clockwork:Strike","Clockwork:Shield","Clockwork:Shield","Clockwork:Shield","Clockwork:Shield","Clockwork:Tinker","Clockwork:WarmUp","Clockwork:RitualDaggerMk0+1","Clockwork:SpurOn","Swift Strike","Clockwork:Enhance","Clockwork:HeadStart","Clockwork:SearingStrike","Clockwork:SearchingStrike","Clockwork:CogBarrier"],"relics":["Clockwork:MomentumEngine","NeowsBlessing","Gremlin Horn","Clockwork:BloodPhial","Bronze Scales","Pear"],"acts_visited":["Exordium"],"potions_floor_usage":[14,16],"damage_taken":[{"damage":0.0,"enemies":"2 Louse","floor":1.0,"turns":2.0},{"damage":0.0,"enemies":"Jaw Worm","floor":3.0,"turns":1.0},{"damage":0.0,"enemies":"Cultist","floor":4.0,"turns":1.0},{"damage":28.0,"enemies":"Gremlin Nob","floor":6.0,"turns":7.0},{"damage":3.0,"enemies":"Blue Slaver","floor":8.0,"turns":4.0},{"damage":7,"enemies":"Gremlin Gang","floor":10,"turns":5},{"damage":36,"enemies":"3 Sentries","floor":12,"turns":7},{"damage":45,"enemies":"Lagavulin Event","floor":14,"turns":7},{"damage":65,"enemies":"The Guardian","floor":16,"turns":13}],"seed_played":"3487508880534424999","potions_obtained":[{"floor":1.0,"key":"Weak Potion"},{"floor":3.0,"key":"SpeedPotion"},{"floor":12,"key":"LiquidMemories"}],"is_trial":false,"path_per_floor":["M","?","M","M","$","E","R","M","T","M","R","E","R","?","R","B"],"character_chosen":"CLOCKWORK","items_purchased":["Swift Strike","Clockwork:Enhance"],"campfire_rested":3,"item_purchase_floors":[5,5],"current_hp_per_floor":[85,85,85,85,85,57,57,56,56,51,76,42,67,34,62,0,0],"gold":172,"neow_bonus":"THREE_ENEMY_KILL","is_daily":false,"chose_seed":false,"campfire_upgraded":1,"win_rate":0.0,"timestamp":1611540778,"path_taken":["M","?","M","M","$","E","R","M","T","M","R","E","R","?","R","BOSS"],"items_purchased_type":["Card","Card"],"build_version":"2020-12-22","purchased_purges":0,"victory":false,"max_hp_per_floor":[85,85,85,85,85,85,85,85,85,85,85,85,85,95,95,95,95],"card_choices":[{"not_picked":["Clockwork:SystemHardening","Clockwork:TestingEnvironment"],"picked":"Clockwork:RitualDaggerMk0","floor":1.0},{"not_picked":["Clockwork:CogShield","Clockwork:CraftCopperScales"],"picked":"Clockwork:SpurOn","floor":3.0},{"not_picked":["Clockwork:Pluck","Clockwork:ChargingShield"],"picked":"Clockwork:CraftBloodPhial","floor":4.0},{"not_picked":["Clockwork:StasisBreak","Clockwork:SystemHardening"],"picked":"Clockwork:HeadStart","floor":6.0},{"not_picked":["Clockwork:ChargingBlade","Clockwork:FalseStart","Clockwork:Pluck"],"picked":"SKIP","floor":8},{"not_picked":["Clockwork:Strangle","Clockwork:CraftSomewhatSmoothStone"],"picked":"Clockwork:SearingStrike","floor":10},{"not_picked":["Clockwork:SystemHardening","Clockwork:AdaptiveShield"],"picked":"Clockwork:SearchingStrike","floor":12},{"not_picked":["Clockwork:Efficiency","Clockwork:Friction"],"picked":"Clockwork:CogBarrier","floor":14}],"player_experience":310298,"relics_obtained":[{"floor":6.0,"key":"Gremlin Horn"},{"floor":12,"key":"Bronze Scales"},{"floor":14,"key":"Pear"}],"event_choices":[{"damage_healed":0.0,"max_hp_gain":0.0,"max_hp_loss":0.0,"gold_gain":0.0,"event_name":"Living Wall","player_choice":"Grow","floor":2.0,"gold_loss":0.0,"damage_taken":0.0,"cards_upgraded":["Clockwork:RitualDaggerMk0"]},{"damage_healed":0,"gold_gain":0,"player_choice":"Searched \u00271\u0027 times","damage_taken":0,"max_hp_gain":0,"max_hp_loss":0,"event_name":"Dead Adventurer","floor":14,"gold_loss":0}],"is_beta":false,"boss_relics":[],"items_purged_floors":[],"is_endless":false,"potions_floor_spawned":[1,3,12],"killed_by":"The Guardian","ascension_level":0}}