{"host":"6eo4thp7fob519hm","time":1611569244,"event":{"mods":["BaseMod","Block Reminder","Colored Map","Colored Powertips","DeckTracker","Googly Eyes","Highlight Path","Minty Spire (QoL Compilation)","Quick Restart"],"gold_per_floor":[116,127,127,140,160,160,193,203,229,229,262,262,278,289,289,391,391,404,319,319,334,347,382,400,431,455,469,152,178,103,117,117,216,216,230,230,230],"floor_reached":36,"language":"ENG","playtime":1568,"items_purged":["Strike_R"],"score":438,"play_id":"4dcdccbe-d439-4c87-adbf-666165f5ca34","local_time":"20210125153724","is_ascension_mode":false,"campfire_choices":[{"data":"Armaments","floor":6,"key":"SMITH"},{"data":"Anger","floor":10,"key":"SMITH"},{"data":"Bash","floor":15,"key":"SMITH"},{"data":"Demon Form","floor":32,"key":"SMITH"}],"circlet_count":0,"master_deck":["Strike_R","Defend_R","Defend_R","Defend_R","Defend_R","Bash+1","Anger+1","Armaments+1","Inflame","Thunderclap","Rampage+1","Reaper","Armaments+1","Uppercut","Demon Form+1","Flex","Offering","Offering","Battle Trance+1"],"relics":["Burning Blood","Blood Vial","Pen Nib","Orichalcum","PreservedInsect","Philosopher\u0027s Stone","Omamori","Mercury Hourglass","Charon\u0027s Ashes","Dream Catcher","Bottled Flame","Eternal Feather"],"acts_visited":["Exordium","TheCity","TheBeyond"],"potions_floor_usage":[7,16,18,23,24,25,27],"damage_taken":[{"damage":1,"enemies":"Cultist","floor":1,"turns":4},{"damage":0,"enemies":"2 Louse","floor":2,"turns":3},{"damage":2,"enemies":"Jaw Worm","floor":4,"turns":3},{"damage":9,"enemies":"2 Fungi Beasts","floor":5,"turns":3},{"damage":14,"enemies":"3 Sentries","floor":7,"turns":6},{"damage":10,"enemies":"Looter","floor":8,"turns":4},{"damage":45,"enemies":"Gremlin Nob","floor":11,"turns":6},{"damage":4,"enemies":"Exordium Thugs","floor":13,"turns":4},{"damage":8,"enemies":"Red Slaver","floor":14,"turns":4},{"damage":25,"enemies":"Slime Boss","floor":16,"turns":11},{"damage":29,"enemies":"2 Thieves","floor":18,"turns":4},{"damage":13,"enemies":"Spheric Guardian","floor":21,"turns":5},{"damage":45,"enemies":"Chosen and Byrds","floor":22,"turns":7},{"damage":19,"enemies":"Book of Stabbing","floor":23,"turns":4},{"damage":18,"enemies":"Snake Plant","floor":24,"turns":3},{"damage":32,"enemies":"Slavers","floor":25,"turns":4},{"damage":13,"enemies":"3 Cultists","floor":27,"turns":4},{"damage":35,"enemies":"Book of Stabbing","floor":29,"turns":6},{"damage":28,"enemies":"Centurion and Healer","floor":31,"turns":6},{"damage":34,"enemies":"Collector","floor":33,"turns":6},{"damage":38,"enemies":"3 Darklings","floor":35,"turns":4},{"damage":62,"enemies":"2 Orb Walkers","floor":36,"turns":3}],"seed_played":"-4128714754405346883","potions_obtained":[{"floor":4,"key":"BloodPotion"},{"floor":5,"key":"Strength Potion"},{"floor":8,"key":"ElixirPotion"},{"floor":11,"key":"Dexterity Potion"},{"floor":16,"key":"CultistPotion"},{"floor":18,"key":"PowerPotion"},{"floor":23,"key":"DuplicationPotion"},{"floor":25,"key":"DistilledChaos"},{"floor":31,"key":"FearPotion"},{"floor":35,"key":"AttackPotion"}],"is_trial":false,"path_per_floor":["M","M","?","M","M","R","E","M","T","R","E","?","M","M","R","B",null,"M","?","?","M","M","E","M","E","T","M","$","E","?","M","R","B",null,"M","?"],"character_chosen":"IRONCLAD","items_purchased":["Bottled Flame"],"campfire_rested":0,"item_purchase_floors":[28],"current_hp_per_floor":[80,80,73,79,77,77,71,69,69,69,39,39,51,51,51,46,80,80,80,80,73,45,34,37,52,52,73,73,46,46,40,49,58,80,48,0,0],"gold":230,"neow_bonus":"RANDOM_COMMON_RELIC","is_daily":false,"chose_seed":false,"campfire_upgraded":4,"win_rate":0.0,"timestamp":1611569244,"path_taken":["M","?","?","M","M","R","E","M","T","R","E","?","M","M","R","BOSS","M","?","?","M","M","E","M","E","T","M","$","E","?","M","R","BOSS","M","?"],"items_purchased_type":["Relic"],"build_version":"2020-12-22","purchased_purges":1,"victory":false,"max_hp_per_floor":[80,80,80,80,80,80,80,80,80,80,80,80,80,80,80,80,80,80,80,80,80,80,80,80,80,80,80,80,80,80,80,80,80,80,80,80,80],"card_choices":[{"not_picked":["True Grit","Carnage"],"picked":"Anger","floor":1},{"not_picked":["Rampage","Clash"],"picked":"Armaments","floor":2},{"not_picked":["Ghostly Armor","Headbutt"],"picked":"Inflame","floor":4},{"not_picked":["Armaments","Dropkick"],"picked":"Thunderclap","floor":5},{"not_picked":["Clothesline","Entrench"],"picked":"Rampage","floor":7},{"not_picked":["True Grit","Headbutt"],"picked":"Reaper","floor":8},{"not_picked":["Wild Strike","Perfected Strike","Clothesline"],"picked":"SKIP","floor":11},{"not_picked":["Metallicize","Shrug It Off","Inflame"],"picked":"SKIP","floor":13},{"not_picked":["Carnage","Warcry","Feel No Pain"],"picked":"SKIP","floor":14},{"not_picked":["Blood for Blood","Havoc"],"picked":"Armaments+1","floor":18},{"not_picked":["Armaments","Havoc","Perfected Strike"],"picked":"SKIP","floor":21},{"not_picked":["Twin Strike","Rupture+1"],"picked":"Uppercut","floor":22},{"not_picked":["Berserk","Carnage"],"picked":"Demon Form","floor":23},{"not_picked":["Carnage","Uppercut","Fire Breathing"],"picked":"SKIP","floor":24},{"not_picked":["Entrench+1","Bloodletting"],"picked":"Flex","floor":25},{"not_picked":["Headbutt","Metallicize","Havoc"],"picked":"SKIP","floor":27},{"not_picked":["Battle Trance+1","Sword Boomerang"],"picked":"Offering","floor":29},{"not_picked":["Anger","Uppercut","Shockwave"],"picked":"SKIP","floor":31},{"not_picked":["Corruption","Reaper"],"picked":"Offering","floor":33},{"not_picked":["Metallicize","Whirlwind"],"picked":"Battle Trance+1","floor":35}],"player_experience":588987,"relics_obtained":[{"floor":7,"key":"Pen Nib"},{"floor":9,"key":"Orichalcum"},{"floor":11,"key":"PreservedInsect"},{"floor":23,"key":"Mercury Hourglass"},{"floor":25,"key":"Charon\u0027s Ashes"},{"floor":26,"key":"Dream Catcher"},{"floor":29,"key":"Eternal Feather"}],"event_choices":[{"cards_removed":["Strike_R"],"damage_healed":0,"gold_gain":0,"player_choice":"Card Removal","damage_taken":7,"max_hp_gain":0,"max_hp_loss":0,"event_name":"Golden Wing","floor":3,"gold_loss":0},{"damage_healed":0,"gold_gain":0,"player_choice":"Grow","damage_taken":0,"max_hp_gain":0,"max_hp_loss":0,"event_name":"Living Wall","floor":12,"gold_loss":0,"cards_upgraded":["Rampage"]},{"damage_healed":0,"gold_gain":0,"player_choice":"Obtained Relic","damage_taken":0,"relics_obtained":["Omamori"],"max_hp_gain":0,"max_hp_loss":0,"event_name":"Addict","floor":19,"gold_loss":85},{"cards_removed":["Strike_R"],"damage_healed":0,"gold_gain":0,"player_choice":"Elegance","damage_taken":0,"max_hp_gain":0,"max_hp_loss":0,"event_name":"Back to Basics","floor":20,"gold_loss":0},{"cards_removed":["Strike_R"],"damage_healed":0,"gold_gain":0,"player_choice":"Gave Gold","damage_taken":0,"max_hp_gain":0,"max_hp_loss":0,"event_name":"Beggar","floor":30,"gold_loss":75},{"damage_healed":0,"gold_gain":0,"player_choice":"Fight","damage_taken":0,"max_hp_gain":0,"max_hp_loss":0,"event_name":"Mysterious Sphere","floor":36,"gold_loss":0}],"is_beta":false,"boss_relics":[{"not_picked":["Coffee Dripper","Astrolabe"],"picked":"Philosopher\u0027s Stone"},{"not_picked":[]}],"items_purged_floors":[28],"is_endless":false,"potions_floor_spawned":[4,5,8,11,16,18,23,25,31,35],"killed_by":"2 Orb Walkers","ascension_level":0}}