{"host":"xpzu3ao9bvbn9hmu","time":1611574169,"event":{"mods":["100% Spire Juice","ATMod(∞¢Ë™Mod)","Alarm Clock","Arknights The Spire","BaseMod","Colored Powertips","Decade(Õı–°√˜)","Dota2Spire","GifTheSpireLib","KinomotoSakuraMod(ƒæ÷Æ±æ”£)","Lobotomy","LobotomyExtend","Luminous","Marisa£®ÏF”Í°°ƒß¿Ì…≥£©","Minty Spire (QoL Compilation)","MostiFishMod","Reimu£®≤©¿ˆ¡È√Œ£©","Relic Stats","Remilia£®¿Ÿ√◊¿Ú—«£©","Replay The Spire","Spicy Shops","StSLib","The Gatherer","The Runesmith","The Servant 0.9.4","Waifu the Spire","WarShipGirlsR/’ΩΩ¢…Ÿ≈ÆR mod","Yakumo Yukari mod","Youmu£®ªÍ∆«—˝√Œ£©","[IsaacMod]“‘»ˆº‚À˛","≤–¡Ù÷ÆŒÔ"],"gold_per_floor":[117,134,134,148,148,181,181,191,191,210,223,238,20,70,70,172,172,116,163,19,19,65,65,115,78,78,119,181,226,244,293,293,457,457,505,518,560,77,87,145,145,202,226,226,69,69,81,130,130,160,160,160,43,69,99],"floor_reached":56,"language":"ZHS","playtime":4113,"items_purged":[],"score":1932,"play_id":"60ef9daf-2dd9-4064-8307-eb943b96e865","local_time":"20210125192929","is_ascension_mode":false,"campfire_choices":[{"data":"ClowCardTheLight","floor":7.0,"key":"SMITH"},{"data":"ClowCardTheShot","floor":23,"key":"SMITH"},{"floor":32,"key":"REST"},{"floor":41,"key":"REST"},{"floor":46,"key":"RECALL"},{"floor":49,"key":"REST"},{"data":"ClowCardTheFloat","floor":52,"key":"SMITH"}],"circlet_count":0,"master_deck":["SakuraCardTheSword+","SakuraCardTheShield+","SakuraCardTheGlow+","ClowCardTheSword","ClowCardTheSword","ClowCardTheShield","ClowCardTheShield","ClowCardTheShield","SpellCardSeal+1","SpellCardRelease","AT_Dispersion+1","ClowCardTheGlow+1","ClowCardTheLock+1","ClowCardTheLight+1","ClowCardTheEarthy","ClowCardTheFlower","ClowCardTheWatery","ClowCardTheRain","ClowCardTheGlow+1","ClowCardTheShadow","ClowCardTheShot+1","ClowCardTheTime","ClowCardTheMist+1","ClowCardTheErase+1","ClowCardTheBubbles","ClowCardTheIllusion+1","ClowCardTheFloat+1","ClowCardTheTwin","ClowCardTheLibra+1","ClowCardTheFirey+1","ClowCardTheWood+1","ClowCardTheMist+1","ClowCardTheMaze+1","ClowCardTheShadow","ClowCardTheLittle","ClowCardTheStorm+1","ReplayTheSpireMod:IOU","ClowCardTheShadow+1"],"relics":["KSMOD_SealedBook","KSMOD_SealedWand","AT_ATBox","DaveBox","HushsDoor","PillsDrop","HollowDreamFlower","LetterFromLob","Dota2Spire:CrimsonGuard","YumHeart","Replay:Wax Seal","Dota2Spire:HandOfMidas","Technique","Dota2Spire:RefresherOrb","ScarletDevilRocket","Replay:Baseball","Dota2Spire:Desolator","Dota2Spire:Mjollnir","SynthV:C4","KSMOD_DarknessWand","TentaclePot:ReiMu","AT_SunfireAegis","PlaceholderMod:DeVermisMysteriis","Boot","Dota2Spire:EyeOfSkadi","Oddly Smooth Stone","Dota2Spire:DrumOfEndurance","BFFS","Gremlin Food"],"acts_visited":["Exordium","TheCity","TheBeyond","TheEnding"],"potions_floor_usage":[16,33,54,55],"damage_taken":[{"damage":5.0,"enemies":"Small Slimes","floor":1.0,"turns":6.0},{"damage":4.0,"enemies":"Cultist","floor":2.0,"turns":3.0},{"damage":4.0,"enemies":"Jaw Worm","floor":4.0,"turns":3.0},{"damage":19.0,"enemies":"Replay:BlueRogue","floor":6.0,"turns":5.0},{"damage":6,"enemies":"3 Louse","floor":8,"turns":3},{"damage":5,"enemies":"Gremlin Gang","floor":10,"turns":4},{"damage":22,"enemies":"Exordium Thugs","floor":11,"turns":6},{"damage":11,"enemies":"2 Fungi Beasts","floor":12,"turns":5},{"damage":33,"enemies":"Gremlin Gang","floor":14,"turns":5},{"damage":0,"enemies":"Fading Forest","floor":16,"turns":11},{"damage":16,"enemies":"2 Thieves","floor":18,"turns":4},{"damage":18,"enemies":"3 Byrds","floor":19,"turns":6},{"damage":18,"enemies":"Snecko","floor":24,"turns":7},{"damage":25,"enemies":"Book of Stabbing","floor":25,"turns":6},{"damage":16,"enemies":"Centurion and Healer","floor":27,"turns":8},{"damage":5,"enemies":"Slavers","floor":28,"turns":4},{"damage":11,"enemies":"Sentry and Sphere","floor":29,"turns":5},{"damage":0,"enemies":"Snecko","floor":30,"turns":4},{"damage":2,"enemies":"Cultist and Chosen","floor":31,"turns":4},{"damage":16,"enemies":"Pondfish","floor":33,"turns":13},{"damage":37,"enemies":"3 Darklings","floor":35,"turns":4},{"damage":16,"enemies":"3 Shapes","floor":36,"turns":2},{"damage":36,"enemies":"Jaw Worm Horde","floor":37,"turns":4},{"damage":3,"enemies":"Sphere and 2 Shapes","floor":39,"turns":2},{"damage":6,"enemies":"Nemesis","floor":40,"turns":5},{"damage":0,"enemies":"Giant Head","floor":42,"turns":6},{"damage":6,"enemies":"3 Darklings","floor":47,"turns":3},{"damage":19,"enemies":"Maw","floor":48,"turns":4},{"damage":20,"enemies":"Donu and Deca","floor":50,"turns":5},{"damage":8,"enemies":"Shield and Spear","floor":54,"turns":4},{"damage":18,"enemies":"The Heart","floor":55,"turns":10}],"seed_played":"4543984263600901329","potions_obtained":[{"floor":2.0,"key":"LiquidBronze"},{"floor":6.0,"key":"GamblersBrew"},{"floor":11,"key":"LifebloodPotion"},{"floor":18,"key":"Dexterity Potion"},{"floor":33,"key":"Strength Potion"}],"is_trial":false,"path_per_floor":["M","M","?","M","?","E","R","M","T","M","M","M","$","M","R","B",null,"M","M","$","?","$","R","M","E","T","M","E","M","M","M","R","B",null,"M","M","M","$","M","E","R","E","T","?","$","R","M","M","R","B",null,"R","$","E","B",null],"character_chosen":"KINOMOTOSAKURA","items_purchased":["Replay:Wax Seal","Dota2Spire:HandOfMidas","Technique","Replay:Baseball","ClowCardTheShot","TentaclePot:ReiMu","AT_SunfireAegis","PlaceholderMod:DeVermisMysteriis","ClowCardTheMist+1","Oddly Smooth Stone","Dota2Spire:DrumOfEndurance","BFFS"],"campfire_rested":3,"item_purchase_floors":[13,13,13,20,22,38,38,38,38,45,53,53],"current_hp_per_floor":[65,65,65,65,65,50,50,48,70,65,47,40,40,11,30,65,65,49,35,35,35,35,35,21,25,25,13,12,5,34,36,55,43,65,28,41,12,12,13,11,31,65,65,65,65,65,63,48,69,53,73,73,73,65,73],"gold":99,"neow_bonus":"UPGRADE_CARD","is_daily":false,"chose_seed":false,"campfire_upgraded":3,"win_rate":0.0,"timestamp":1611574169,"path_taken":["M","M","?","M","?","E","R","M","T","M","M","M","$","M","R","BOSS","M","M","$","?","$","R","M","E","T","M","E","M","M","M","R","BOSS","M","M","M","$","M","E","R","E","T","?","?","R","M","M","R","BOSS","R","$","E","BOSS"],"items_purchased_type":["Relic","Relic","Relic","Relic","Card","Relic","Relic","Relic","Card","Relic","Relic","Relic"],"build_version":"2020-12-22","purchased_purges":0,"victory":true,"max_hp_per_floor":[70,70,70,70,70,70,70,70,70,70,65,65,65,65,65,65,65,65,65,65,65,65,65,65,65,65,65,65,65,65,65,65,65,65,65,65,68,68,68,68,68,73,73,73,73,73,73,73,73,73,73,73,73,73,73],"relic_stats":{"counters":[31,161],"Boot":[0],"obtain_stats":[{"AT_ATBox":0,"ScarletDevilRocket":18,"DaveBox":0,"Dota2Spire:DrumOfEndurance":53,"Dota2Spire:RefresherOrb":17,"PlaceholderMod:DeVermisMysteriis":38,"Boot":40,"SynthV:C4":28,"BFFS":53,"Dota2Spire:CrimsonGuard":6,"KSMOD_DarknessWand":34,"Dota2Spire:EyeOfSkadi":42,"PillsDrop":0,"KSMOD_SealedWand":0,"Dota2Spire:Mjollnir":26,"Replay:Wax Seal":13,"HollowDreamFlower":0,"KeepersGift":0,"Gremlin Food":54,"Dota2Spire:HandOfMidas":13,"KSMOD_SealedBook":0,"TentaclePot:ReiMu":38,"Oddly Smooth Stone":45,"YumHeart":9,"Replay:Baseball":20,"LetterFromLob":1,"Technique":13,"AT_SunfireAegis":38,"HushsDoor":0,"Dota2Spire:Desolator":25},{"AT_ATBox":0,"ScarletDevilRocket":11,"DaveBox":0,"Dota2Spire:DrumOfEndurance":29,"Dota2Spire:RefresherOrb":10,"PlaceholderMod:DeVermisMysteriis":23,"Boot":25,"SynthV:C4":16,"BFFS":29,"Dota2Spire:CrimsonGuard":4,"KSMOD_DarknessWand":20,"Dota2Spire:EyeOfSkadi":26,"PillsDrop":0,"KSMOD_SealedWand":0,"Dota2Spire:Mjollnir":14,"Replay:Wax Seal":8,"HollowDreamFlower":0,"KeepersGift":0,"Gremlin Food":30,"Dota2Spire:HandOfMidas":8,"KSMOD_SealedBook":0,"TentaclePot:ReiMu":23,"Oddly Smooth Stone":26,"YumHeart":5,"Replay:Baseball":12,"LetterFromLob":1,"Technique":8,"AT_SunfireAegis":23,"HushsDoor":0,"Dota2Spire:Desolator":14},{"AT_ATBox":0,"ScarletDevilRocket":55,"DaveBox":0,"Dota2Spire:DrumOfEndurance":147,"Dota2Spire:RefresherOrb":51,"PlaceholderMod:DeVermisMysteriis":122,"Boot":129,"SynthV:C4":86,"BFFS":147,"Dota2Spire:CrimsonGuard":17,"KSMOD_DarknessWand":112,"Dota2Spire:EyeOfSkadi":135,"PillsDrop":0,"KSMOD_SealedWand":0,"Dota2Spire:Mjollnir":74,"Replay:Wax Seal":35,"HollowDreamFlower":0,"KeepersGift":0,"Gremlin Food":151,"Dota2Spire:HandOfMidas":35,"KSMOD_SealedBook":0,"TentaclePot:ReiMu":122,"Oddly Smooth Stone":135,"YumHeart":20,"Replay:Baseball":61,"LetterFromLob":6,"Technique":35,"AT_SunfireAegis":122,"HushsDoor":0,"Dota2Spire:Desolator":74}]},"card_choices":[{"not_picked":["ClowCardTheBubbles","ClowCardTheShot"],"picked":"ClowCardTheGlow","floor":1.0},{"not_picked":["ClowCardTheLoop","Bomb"],"picked":"ClowCardTheLock","floor":2.0},{"not_picked":["ClowCardTheLock","Bomb"],"picked":"ClowCardTheLight","floor":4.0},{"not_picked":["ClowCardTheFlower","ClowCardTheLibra"],"picked":"ClowCardTheEarthy","floor":6.0},{"not_picked":["ClowCardTheMaze","ClowCardTheLittle"],"picked":"ClowCardTheFlower","floor":8},{"not_picked":["ClowCardThePower","ClowCardTheWood","ClowCardTheFlower"],"picked":"SKIP","floor":10},{"not_picked":["ClowCardTheStorm","ClowCardTheWood"],"picked":"ClowCardTheMirror","floor":11},{"not_picked":["ClowCardTheFirey","ClowCardThePower"],"picked":"ClowCardTheWatery","floor":12},{"not_picked":["ClowCardTheSnow","ClowCardThePower"],"picked":"ClowCardTheRain","floor":14},{"not_picked":["ClowCardTheReturn","ClowCardTheThunder"],"picked":"ClowCardTheCreate","floor":16},{"not_picked":["ClowCardTheChange","ClowCardTheFly+1"],"picked":"ClowCardTheGlow+1","floor":18},{"not_picked":["ClowCardTheWood","ClowCardTheMirror"],"picked":"ClowCardTheShadow","floor":19},{"not_picked":["ClowCardThePower","ClowCardTheIllusion"],"picked":"ClowCardTheTime","floor":24},{"not_picked":["ClowCardTheArrow","ClowCardTheShot+1"],"picked":"ClowCardTheMist+1","floor":25},{"not_picked":["ClowCardTheThunder","ClowCardThePower"],"picked":"ClowCardTheErase+1","floor":27},{"not_picked":["ClowCardTheSand","ClowCardTheWatery","ClowCardTheLight"],"picked":"SKIP","floor":28},{"not_picked":["ClowCardTheShadow","ClowCardTheSong"],"picked":"ClowCardTheBubbles","floor":29},{"not_picked":["ClowCardTheJump","ClowCardTheLittle"],"picked":"ClowCardTheIllusion+1","floor":30},{"not_picked":["ClowCardTheLock","ClowCardTheFly"],"picked":"ClowCardTheFloat","floor":31},{"not_picked":["ClowCardTheLight","ClowCardTheFight"],"picked":"ClowCardTheTwin","floor":33},{"not_picked":["ClowCardTheSand","ClowCardTheWatery+1"],"picked":"ClowCardTheLibra+1","floor":35},{"not_picked":["ClowCardTheMirror+1","ClowCardTheSand+1"],"picked":"ClowCardTheFirey+1","floor":36},{"not_picked":["ClowCardTheShot","ClowCardTheChange+1"],"picked":"ClowCardTheWood+1","floor":37},{"not_picked":["ClowCardTheFly","ClowCardTheBig"],"picked":"ClowCardTheMaze+1","floor":39},{"not_picked":["ClowCardTheSong","ClowCardTheErase+1"],"picked":"ClowCardTheShadow","floor":40},{"not_picked":["ClowCardTheEarthy+1","ClowCardTheFirey"],"picked":"ClowCardTheLittle","floor":42},{"not_picked":["ClowCardTheSilent+1","ClowCardTheSnow+1"],"picked":"ClowCardTheStorm+1","floor":47},{"not_picked":["ClowCardTheSnow+1","ClowCardTheChange","ClowCardTheGlow+1"],"picked":"SKIP","floor":48},{"not_picked":["ClowCardThePower+1","ClowCardTheLock"],"picked":"ClowCardTheShadow+1","floor":54}],"player_experience":68655,"relics_obtained":[{"floor":1.0,"key":"LetterFromLob"},{"floor":6.0,"key":"Dota2Spire:CrimsonGuard"},{"floor":9,"key":"YumHeart"},{"floor":18,"key":"ScarletDevilRocket"},{"floor":25,"key":"Dota2Spire:Desolator"},{"floor":26,"key":"Dota2Spire:Mjollnir"},{"floor":28,"key":"SynthV:C4"},{"floor":40,"key":"Boot"},{"floor":42,"key":"Dota2Spire:EyeOfSkadi"},{"floor":54,"key":"Gremlin Food"}],"event_choices":[{"damage_healed":0.0,"max_hp_gain":0.0,"max_hp_loss":0.0,"gold_gain":0.0,"cards_transformed":["ClowCardTheSword"],"event_name":"Transmorgrifier","player_choice":"Transformed","floor":5.0,"gold_loss":0.0,"damage_taken":0.0,"cards_obtained":["ClowCardTheGlow"]},{"cards_removed":["ClowCardTheMirror"],"damage_healed":0,"gold_gain":0,"player_choice":"Elegance","damage_taken":0,"max_hp_gain":0,"max_hp_loss":0,"event_name":"Back to Basics","floor":21,"gold_loss":0}],"is_beta":false,"boss_relics":[{"not_picked":["Fusion Hammer","RhineFirstAidKit"],"picked":"Dota2Spire:RefresherOrb"},{"not_picked":[]},{"not_picked":["Honey Jar","MagicMushroom"],"picked":"KSMOD_DarknessWand"},{"not_picked":[]}],"items_purged_floors":[],"is_endless":false,"potions_floor_spawned":[2,6,11,16,18,27,28,31,33,36,37,40,47],"ascension_level":0}}