{"host":"iph0xvuia0glosgr","time":1611578395,"event":{"mods":["AchievementEnabler","BaseMod","Minty Spire (QoL Compilation)"],"gold_per_floor":[218,101,114,114,134,167,167,178,178,178,192,226,226,247,247,367,367,382,401,416,416,15,15,30,71,71,89,269,7,28,51,51,174,174,197,221,221,221,235,235,235],"floor_reached":40,"language":"ENG","playtime":3365,"items_purged":["Injury"],"score":447,"play_id":"e788ec0a-d187-441d-a991-ff609dd7d456","local_time":"20210125123955","is_ascension_mode":false,"campfire_choices":[{"data":"Static Discharge","floor":7,"key":"SMITH"},{"data":"Creative AI","floor":13,"key":"SMITH"},{"floor":15,"key":"REST"},{"floor":23,"key":"REST"},{"data":"Thunder Strike","floor":32,"key":"SMITH"}],"circlet_count":0,"master_deck":["Strike_B","Strike_B","Defend_B","Defend_B","Defend_B","Defend_B","Zap","Cold Snap","Self Repair","Doom and Gloom","Static Discharge+1","Reinforced Body","Barrage","Creative AI+1","Turbo+1","Leap+1","Thunder Strike+1","CurseOfTheBell","White Noise+1","Reinforced Body+1","Steam+1","Necronomicurse","Stack+1","Ball Lightning","Auto Shields+1","Capacitor","Redo+1","Redo+1","Force Field+1","Buffer","Skim+1","Aggregate+1","Rebound+1","Leap+1","Sweeping Beam+1","The Bomb+1","Heatsinks"],"relics":["Cracked Core","Blood Vial","Incense Burner","Toxic Egg 2","Golden Idol","Toy Ornithopter","Calling Bell","Oddly Smooth Stone","Pantograph","Emotion Chip","Necronomicon","HornCleat","Boot","Bag of Marbles","Mercury Hourglass","Astrolabe"],"acts_visited":["Exordium","TheCity","TheBeyond"],"potions_floor_usage":[6,12,16,20,25,33,33,39],"damage_taken":[{"damage":0,"enemies":"Cultist","floor":1,"turns":4},{"damage":5,"enemies":"2 Louse","floor":3,"turns":3},{"damage":6,"enemies":"Jaw Worm","floor":5,"turns":3},{"damage":22,"enemies":"Lagavulin","floor":6,"turns":5},{"damage":9,"enemies":"Exordium Wildlife","floor":8,"turns":4},{"damage":4,"enemies":"Red Slaver","floor":11,"turns":4},{"damage":34,"enemies":"3 Sentries","floor":12,"turns":6},{"damage":16,"enemies":"Blue Slaver","floor":14,"turns":3},{"damage":47,"enemies":"The Guardian","floor":16,"turns":6},{"damage":19,"enemies":"3 Byrds","floor":18,"turns":4},{"damage":4,"enemies":"Spheric Guardian","floor":19,"turns":4},{"damage":41,"enemies":"3 Cultists","floor":20,"turns":5},{"damage":7,"enemies":"Shelled Parasite and Fungi","floor":24,"turns":5},{"damage":6,"enemies":"Book of Stabbing","floor":25,"turns":4},{"damage":1,"enemies":"Snake Plant","floor":27,"turns":6},{"damage":1,"enemies":"3 Cultists","floor":30,"turns":3},{"damage":0,"enemies":"Chosen and Byrds","floor":31,"turns":5},{"damage":14,"enemies":"Champ","floor":33,"turns":11},{"damage":0,"enemies":"3 Shapes","floor":35,"turns":1},{"damage":18,"enemies":"3 Darklings","floor":36,"turns":4},{"damage":18,"enemies":"Jaw Worm Horde","floor":39,"turns":2},{"damage":77,"enemies":"Reptomancer","floor":40,"turns":2}],"seed_played":"5159937444567054486","potions_obtained":[{"floor":5,"key":"Regen Potion"},{"floor":6,"key":"BlessingOfTheForge"},{"floor":12,"key":"EssenceOfDarkness"},{"floor":19,"key":"Regen Potion"},{"floor":20,"key":"PowerPotion"},{"floor":25,"key":"Dexterity Potion"},{"floor":33,"key":"Fruit Juice"},{"floor":39,"key":"Strength Potion"}],"is_trial":false,"path_per_floor":["M","$","M","?","M","E","R","M","T","?","M","E","R","M","R","B",null,"M","M","M","?","$","R","M","E","T","M","?","$","M","M","R","B",null,"M","M","?","?","M","E"],"character_chosen":"DEFECT","items_purchased":["Cold Snap","Self Repair","HornCleat","Stack+1","Ball Lightning","Mercury Hourglass"],"campfire_rested":2,"item_purchase_floors":[2,2,22,22,22,29],"current_hp_per_floor":[75,75,75,63,66,62,62,62,62,62,67,45,45,31,53,20,75,63,68,50,34,34,56,58,66,66,74,49,49,57,66,66,71,80,80,62,62,62,56,0,0],"gold":235,"neow_bonus":"HUNDRED_GOLD","is_daily":false,"chose_seed":false,"campfire_upgraded":3,"win_rate":0.0,"timestamp":1611578395,"path_taken":["M","$","?","?","M","E","R","M","T","?","M","E","R","M","R","BOSS","M","M","M","?","$","R","M","E","T","M","?","$","M","?","R","BOSS","M","M","?","?","M","E"],"items_purchased_type":["Card","Card","Relic","Card","Card","Relic"],"build_version":"2020-12-22","purchased_purges":1,"victory":false,"max_hp_per_floor":[75,75,75,75,75,75,75,75,75,75,75,75,75,75,75,75,75,75,75,75,75,75,75,75,75,75,75,75,75,75,75,75,80,80,80,80,80,80,80,80,80],"card_choices":[{"not_picked":["Cold Snap","BootSequence"],"picked":"Barrage","floor":1},{"not_picked":["Undo","Ball Lightning"],"picked":"Doom and Gloom","floor":3},{"not_picked":["Streamline","Leap"],"picked":"Static Discharge","floor":5},{"not_picked":["Streamline","Rip and Tear"],"picked":"Reinforced Body","floor":6},{"not_picked":["Go for the Eyes","Cold Snap"],"picked":"Barrage","floor":8},{"not_picked":["Fusion+1","Sweeping Beam"],"picked":"Creative AI","floor":11},{"not_picked":["Hologram+1","Fission+1"],"picked":"Turbo+1","floor":12},{"not_picked":["Cold Snap","Gash"],"picked":"Leap+1","floor":14},{"not_picked":["Electrodynamics","Machine Learning"],"picked":"Thunder Strike","floor":16},{"not_picked":["Sweeping Beam+1","Steam+1"],"picked":"White Noise+1","floor":18},{"not_picked":["Double Energy+1","Auto Shields+1"],"picked":"Reinforced Body+1","floor":19},{"not_picked":["Streamline","Cold Snap"],"picked":"Steam+1","floor":20},{"not_picked":["Undo+1","Scrape"],"picked":"Auto Shields+1","floor":24},{"not_picked":["Ball Lightning","Compile Driver"],"picked":"Capacitor","floor":25},{"not_picked":["Rebound","Cold Snap"],"picked":"Redo+1","floor":27},{"not_picked":["Blizzard","BootSequence+1"],"picked":"Redo+1","floor":30},{"not_picked":["Conserve Battery+1","Genetic Algorithm+1"],"picked":"Force Field+1","floor":31},{"not_picked":["Fission+1","Seek+1"],"picked":"Buffer","floor":33},{"not_picked":["Go for the Eyes+1","Turbo+1"],"picked":"Leap+1","floor":35},{"not_picked":["Compile Driver","Creative AI"],"picked":"Sweeping Beam+1","floor":36},{"not_picked":["Dark Shackles+1","Trip+1"],"picked":"The Bomb+1","floor":38},{"not_picked":["Turbo+1","Gash+1"],"picked":"Heatsinks","floor":39}],"player_experience":243442,"relics_obtained":[{"floor":6,"key":"Incense Burner"},{"floor":9,"key":"Toxic Egg 2"},{"floor":12,"key":"Toy Ornithopter"},{"floor":17,"key":"Oddly Smooth Stone"},{"floor":17,"key":"Pantograph"},{"floor":17,"key":"Emotion Chip"},{"floor":21,"key":"Necronomicon"},{"floor":25,"key":"Boot"},{"floor":26,"key":"Bag of Marbles"}],"event_choices":[{"damage_healed":0,"gold_gain":0,"player_choice":"Success","damage_taken":12,"relics_obtained":["Blood Vial"],"max_hp_gain":0,"max_hp_loss":0,"event_name":"Scrap Ooze","floor":4,"gold_loss":0},{"damage_healed":0,"gold_gain":0,"player_choice":"Take Wound","damage_taken":0,"relics_obtained":["Golden Idol"],"max_hp_gain":0,"max_hp_loss":0,"event_name":"Golden Idol","floor":10,"gold_loss":0,"cards_obtained":["Injury"]},{"damage_healed":0,"gold_gain":0,"player_choice":"Obtained Book","damage_taken":16,"max_hp_gain":0,"max_hp_loss":0,"event_name":"Cursed Tome","floor":21,"gold_loss":0},{"damage_healed":0,"gold_gain":180,"player_choice":"GOLD POTION GOLD ","damage_taken":25,"max_hp_gain":0,"max_hp_loss":0,"event_name":"Knowing Skull","floor":28,"potions_obtained":["Regen Potion"],"gold_loss":0,"cards_obtained":[]},{"cards_removed":["Barrage"],"damage_healed":0,"gold_gain":0,"player_choice":"Removed Attack","damage_taken":0,"max_hp_gain":0,"max_hp_loss":0,"event_name":"Falling","floor":37,"gold_loss":0},{"damage_healed":0,"gold_gain":0,"player_choice":"Memory 1","damage_taken":0,"max_hp_gain":0,"max_hp_loss":0,"event_name":"SensoryStone","floor":38,"gold_loss":0}],"is_beta":false,"boss_relics":[{"not_picked":["Velvet Choker","Fusion Hammer"],"picked":"Calling Bell"},{"not_picked":["Runic Pyramid","SacredBark"],"picked":"Astrolabe"}],"items_purged_floors":[22],"is_endless":false,"potions_floor_spawned":[5,6,12,19,20,25,33,39],"killed_by":"Reptomancer","ascension_level":0}}