{"host":"j0rajrfs2q3wozdq","time":1611586578,"event":{"mods":["BaseMod","Colored Powertips","HololiveMod","Koishi","Lobotomy","LobotomyExtend","Minty Spire (QoL Compilation)","Prisma Mod","Quick Restart","Remilia¡]Á¢¦Ì²ú?¡^","Replay The Spire","Shop Mod","StSLib","The Alterego","WarShipGirlsR/??¤Ö¤kR mod","Yakumo Yukari mod","Youmu¡]»î¾z§¯?¡^"],"gold_per_floor":[117,135,135,154,167,167,167],"floor_reached":6,"language":"ZHS","playtime":757,"items_purged":[],"score":38,"play_id":"08ed6ada-1ecc-4e8d-a697-40926e469af6","local_time":"20210125225618","is_ascension_mode":false,"campfire_choices":[],"circlet_count":0,"master_deck":["alterego_mod:Strike","alterego_mod:Strike","alterego_mod:Strike","alterego_mod:Strike","alterego_mod:Defend","alterego_mod:Defend","alterego_mod:Defend","alterego_mod:Defend","alterego_mod:Impale","alterego_mod:BigMeatyClaws","alterego_mod:BrynhildrsRune","alterego_mod:Jiggle","alterego_mod:Belts","alterego_mod:GoddessCore"],"relics":["alterego_mod:MasochisticConstitution","CogitoBucket"],"acts_visited":["Exordium"],"potions_floor_usage":[],"damage_taken":[{"damage":1,"enemies":"2 Louse","floor":1,"turns":8},{"damage":3,"enemies":"Jaw Worm","floor":2,"turns":9},{"damage":6,"enemies":"Cultist","floor":4,"turns":6},{"damage":11,"enemies":"3 Louse","floor":5,"turns":6},{"damage":72,"enemies":"Lagavulin","floor":6,"turns":20}],"seed_played":"-1308456940133680010","potions_obtained":[{"floor":2,"key":"SteroidPotion"}],"is_trial":false,"path_per_floor":["M","M","?","M","M","E"],"character_chosen":"The_Alterego","items_purchased":[],"campfire_rested":0,"item_purchase_floors":[],"current_hp_per_floor":[71,69,69,71,61,0,0],"gold":167,"neow_bonus":"","is_daily":false,"chose_seed":false,"campfire_upgraded":0,"win_rate":0.0,"timestamp":1611586578,"path_taken":["M","M","?","M","M","E"],"items_purchased_type":[],"build_version":"2020-12-22","purchased_purges":0,"victory":false,"max_hp_per_floor":[71,72,72,73,74,74,74],"card_choices":[{"not_picked":["alterego_mod:Crossover","alterego_mod:DeftHands","alterego_mod:HighServant"],"picked":"SKIP","floor":1},{"not_picked":["alterego_mod:BiFurious","alterego_mod:PerceptionDisorder"],"picked":"alterego_mod:Jiggle","floor":2},{"not_picked":["alterego_mod:PurpleHair","alterego_mod:Birthday"],"picked":"alterego_mod:Belts","floor":4},{"not_picked":["alterego_mod:Bunnysuit","alterego_mod:SuperDuperMasochism"],"picked":"alterego_mod:GoddessCore","floor":5}],"player_experience":33787,"relics_obtained":[],"event_choices":[{"damage_healed":0,"gold_gain":0,"player_choice":"Ignored","damage_taken":0,"max_hp_gain":0,"max_hp_loss":0,"event_name":"Liars Game","floor":3,"gold_loss":0}],"is_beta":false,"boss_relics":[],"items_purged_floors":[],"is_endless":false,"potions_floor_spawned":[2],"killed_by":"Lagavulin","ascension_level":0}}