{"host":"v0dnu0zs4qo0v13s","time":1611536544,"event":{"mods":["BaseMod","Colored Map","Colored Powertips","Minty Spire (QoL Compilation)","Relic Stats","StSLib","SuperFastMode","everything is the same but u backflip on backflip"],"gold_per_floor":[110,0,0,13,13,13,13],"floor_reached":6,"language":"ENG","playtime":227,"items_purged":["Defend_P"],"score":54,"play_id":"63ed38b7-ea56-4455-928a-5086317db97f","local_time":"20210124200224","is_ascension_mode":true,"campfire_choices":[],"circlet_count":0,"master_deck":["AscendersBane","Strike_P","Strike_P","Strike_P","Defend_P","Defend_P","Defend_P","Eruption","Vigilance","Halt","Adaptation","Regret","MentalFortress"],"relics":["Cursed Key","Mummified Hand"],"acts_visited":["Exordium"],"potions_floor_usage":[],"damage_taken":[{"damage":1.0,"enemies":"Cultist","floor":1.0,"turns":3.0},{"damage":8.0,"enemies":"Jaw Worm","floor":4.0,"turns":5.0},{"damage":30,"enemies":"Gremlin Nob","floor":6,"turns":4}],"seed_played":"4055924274583724305","potions_obtained":[],"is_trial":false,"path_per_floor":["M","$","?","M","?","E"],"character_chosen":"WATCHER","items_purchased":["Adaptation"],"campfire_rested":0,"item_purchase_floors":[2],"current_hp_per_floor":[64,64,64,56,56,26,26],"gold":13,"neow_bonus":"BOSS_RELIC","is_daily":false,"chose_seed":false,"campfire_upgraded":0,"win_rate":0.0,"timestamp":1611536544,"path_taken":["M","?","?","M","?","E"],"items_purchased_type":["Card"],"build_version":"2020-12-22","purchased_purges":1,"victory":false,"max_hp_per_floor":[72,72,72,72,72,72,72],"relic_stats":{"counters":[3,12],"Mummified Hand":[4],"Cursed Key":0,"obtain_stats":[{"Mummified Hand":3,"PureWater":0,"Cursed Key":0},{"Mummified Hand":1,"PureWater":0,"Cursed Key":0},{"Mummified Hand":3,"PureWater":0,"Cursed Key":0}]},"card_choices":[{"not_picked":["Evaluate","Prostrate"],"picked":"Halt","floor":1.0},{"not_picked":["Brilliance","Adaptation"],"picked":"MentalFortress","floor":4.0}],"player_experience":713931,"relics_obtained":[],"event_choices":[{"damage_healed":0.0,"max_hp_gain":0.0,"max_hp_loss":0.0,"gold_gain":0.0,"event_name":"Big Fish","player_choice":"Box","floor":3.0,"gold_loss":0.0,"damage_taken":0.0,"relics_obtained":["Mummified Hand"],"cards_obtained":["Regret"]},{"cards_removed":["Strike_P"],"damage_healed":0.0,"max_hp_gain":0.0,"max_hp_loss":0.0,"gold_gain":0.0,"event_name":"Purifier","player_choice":"Purged","floor":5.0,"gold_loss":0.0,"damage_taken":0.0}],"is_beta":false,"boss_relics":[],"items_purged_floors":[2],"is_endless":false,"potions_floor_spawned":[],"killed_by":"Gremlin Nob","ascension_level":12}}