{"host":"iph0xvuia0glosgr","time":1611611863,"event":{"mods":["AchievementEnabler","BaseMod","Minty Spire (QoL Compilation)"],"gold_per_floor":[20,20,44,44,44,80,80,104,129,154,179,203,203,226,226,355,355,378,397,24,64,89,89,114,114,114,114,114,134,134,0,0,121,121,134,159,11,26,26,26,26,51,78,78,97,111,132,152,152,152,152],"floor_reached":50,"language":"ENG","playtime":3913,"items_purged":[],"score":479,"play_id":"d42ddd46-c1fb-46fa-a9fa-8eb35ce9420c","local_time":"20210125215743","is_ascension_mode":false,"campfire_choices":[{"floor":7,"key":"RECALL"},{"floor":15,"key":"REST"},{"floor":23,"key":"REST"},{"floor":27,"key":"REST"},{"data":"Demon Form","floor":30,"key":"SMITH"},{"data":"Perfected Strike","floor":32,"key":"SMITH"},{"floor":49,"key":"REST"}],"circlet_count":0,"master_deck":["Strike_R","Strike_R","Strike_R","Strike_R+1","Defend_R","Defend_R","Defend_R","Defend_R","Bash","Flex","Metallicize","Sword Boomerang","Perfected Strike+1","Shrug It Off","Clothesline","Immolate+1","Rage","Bludgeon","Twin Strike","Armaments","Body Slam","Good Instincts","True Grit","Demon Form+1","Rage","Limit Break","Pommel Strike+1","Perfected Strike","Rampage","Parasite","Shame","Rage+1","Heavy Blade","Perfected Strike+1","Shrug It Off+1"],"relics":["Burning Blood","Golden Idol","Red Skull","Tiny Chest","Juzu Bracelet","Runic Pyramid","Toolbox","Enchiridion","Oddly Smooth Stone","Cursed Key","Blood Vial","Vajra","Toy Ornithopter"],"acts_visited":["Exordium","TheCity","TheBeyond"],"potions_floor_usage":[6,11,21,24,40,42,47,47,50],"damage_taken":[{"damage":6,"enemies":"Jaw Worm","floor":1,"turns":5},{"damage":6,"enemies":"Cultist","floor":3,"turns":4},{"damage":39,"enemies":"3 Sentries","floor":6,"turns":14},{"damage":7,"enemies":"Small Slimes","floor":8,"turns":4},{"damage":2,"enemies":"Looter","floor":10,"turns":4},{"damage":9,"enemies":"Exordium Thugs","floor":11,"turns":4},{"damage":7,"enemies":"Blue Slaver","floor":12,"turns":5},{"damage":0,"enemies":"Large Slime","floor":14,"turns":3},{"damage":45,"enemies":"Slime Boss","floor":16,"turns":8},{"damage":17,"enemies":"Chosen","floor":18,"turns":5},{"damage":40,"enemies":"2 Thieves","floor":19,"turns":5},{"damage":24,"enemies":"Shelled Parasite and Fungi","floor":21,"turns":5},{"damage":19,"enemies":"Centurion and Healer","floor":22,"turns":7},{"damage":0,"enemies":"Snecko","floor":24,"turns":6},{"damage":4,"enemies":"Chosen and Byrds","floor":29,"turns":5},{"damage":7,"enemies":"Champ","floor":33,"turns":12},{"damage":13,"enemies":"Orb Walker","floor":35,"turns":3},{"damage":2,"enemies":"3 Shapes","floor":36,"turns":4},{"damage":11,"enemies":"3 Darklings","floor":38,"turns":6},{"damage":23,"enemies":"Spire Growth","floor":40,"turns":4},{"damage":0,"enemies":"Maw","floor":42,"turns":7},{"damage":25,"enemies":"Sphere and 2 Shapes","floor":45,"turns":5},{"damage":10,"enemies":"Transient","floor":46,"turns":5},{"damage":58,"enemies":"3 Darklings","floor":47,"turns":3},{"damage":3,"enemies":"4 Shapes","floor":48,"turns":4},{"damage":67,"enemies":"Awakened One","floor":50,"turns":3}],"seed_played":"-1060219827032428435","potions_obtained":[{"floor":1,"key":"AttackPotion"},{"floor":3,"key":"Weak Potion"},{"floor":10,"key":"Explosive Potion"},{"floor":19,"key":"ElixirPotion"},{"floor":22,"key":"BloodPotion"},{"floor":29,"key":"SmokeBomb"},{"floor":33,"key":"Weak Potion"},{"floor":42,"key":"LiquidMemories"},{"floor":47,"key":"AttackPotion"},{"floor":48,"key":"SneckoOil"}],"is_trial":false,"path_per_floor":["M","?","M","$","?","E","R","M","T","M","M","M","?","M","R","B",null,"M","M","$","M","M","R","M","?","T","R","T","M","R","?","R","B",null,"M","M","$","M","?","M","?","M","T","T","M","M","M","M","R","B"],"character_chosen":"IRONCLAD","items_purchased":["Body Slam","Good Instincts","True Grit","FearPotion","Toolbox","Blood Vial"],"campfire_rested":4,"item_purchase_floors":[20,20,20,20,20,37],"current_hp_per_floor":[96,89,89,89,89,56,56,55,55,59,56,55,37,43,69,30,89,78,44,44,26,13,39,62,46,46,72,72,74,74,74,74,73,89,82,86,86,83,83,68,68,76,76,76,59,57,17,22,48,0,0],"gold":152,"neow_bonus":"TWENTY_PERCENT_HP_BONUS","is_daily":false,"chose_seed":false,"campfire_upgraded":2,"win_rate":0.0,"timestamp":1611611863,"path_taken":["M","?","M","$","?","E","R","?","T","M","M","M","?","M","R","BOSS","M","M","$","M","M","R","M","?","T","R","?","M","R","?","R","BOSS","M","M","$","M","?","M","?","M","T","?","M","M","M","M","R","BOSS"],"items_purchased_type":["Card","Card","Card","Potion","Relic","Relic"],"build_version":"2020-12-22","purchased_purges":0,"victory":false,"max_hp_per_floor":[96,89,89,89,89,89,89,89,89,89,89,89,89,89,89,89,89,89,89,89,89,89,89,89,89,89,89,89,89,89,89,89,89,89,89,89,89,89,89,89,89,89,89,89,89,89,89,89,89,89,89],"card_choices":[{"not_picked":["Burning Pact","Bloodletting"],"picked":"Flex","floor":1},{"not_picked":["Evolve","Havoc"],"picked":"Metallicize","floor":3},{"not_picked":["True Grit","Seeing Red"],"picked":"Sword Boomerang","floor":6},{"not_picked":["Flex","Warcry"],"picked":"Perfected Strike","floor":8},{"not_picked":["Reckless Charge","Metallicize"],"picked":"Shrug It Off","floor":10},{"not_picked":["Cleave","Warcry"],"picked":"Clothesline","floor":11},{"not_picked":["Flex","Iron Wave"],"picked":"Immolate","floor":12},{"not_picked":["Armaments","Carnage"],"picked":"Rage","floor":14},{"not_picked":["Offering","Berserk"],"picked":"Bludgeon","floor":16},{"not_picked":["Armaments","Headbutt+1"],"picked":"Twin Strike","floor":18},{"not_picked":["Shrug It Off","Clash"],"picked":"Armaments","floor":19},{"not_picked":["Infernal Blade","Flex"],"picked":"Demon Form","floor":21},{"not_picked":["Pommel Strike","Havoc","Disarm"],"picked":"SKIP","floor":22},{"not_picked":["Dark Embrace","Second Wind","Sever Soul"],"picked":"SKIP","floor":24},{"not_picked":["Evolve+1","Clash+1"],"picked":"Rage","floor":29},{"not_picked":["Berserk","Juggernaut"],"picked":"Limit Break","floor":33},{"not_picked":["Anger","Headbutt"],"picked":"Pommel Strike+1","floor":35},{"not_picked":["Hemokinesis","Dropkick+1","Sever Soul"],"picked":"SKIP","floor":36},{"not_picked":["Bloodletting","Body Slam+1"],"picked":"Perfected Strike","floor":38},{"not_picked":["Iron Wave","Cleave"],"picked":"Rampage","floor":42},{"not_picked":["Pommel Strike","Dual Wield"],"picked":"Rage+1","floor":45},{"not_picked":["Iron Wave","Feel No Pain+1"],"picked":"Heavy Blade","floor":46},{"not_picked":["Armaments","Clothesline+1"],"picked":"Perfected Strike+1","floor":47},{"not_picked":["Headbutt","Clash+1"],"picked":"Shrug It Off+1","floor":48}],"player_experience":261384,"relics_obtained":[{"floor":6,"key":"Tiny Chest"},{"floor":9,"key":"Juzu Bracelet"},{"floor":25,"key":"Enchiridion"},{"floor":28,"key":"Oddly Smooth Stone"},{"floor":43,"key":"Vajra"},{"floor":44,"key":"Toy Ornithopter"}],"event_choices":[{"damage_healed":0,"gold_gain":0,"player_choice":"Lose Max HP","damage_taken":0,"relics_obtained":["Golden Idol"],"max_hp_gain":0,"max_hp_loss":7,"event_name":"Golden Idol","floor":2,"gold_loss":0},{"damage_healed":0,"gold_gain":0,"player_choice":"Gave Potion","damage_taken":0,"relics_obtained":["Red Skull"],"max_hp_gain":0,"max_hp_loss":0,"event_name":"WeMeetAgain","floor":5,"gold_loss":0},{"damage_healed":0,"gold_gain":0,"player_choice":"Entered Light","damage_taken":18,"max_hp_gain":0,"max_hp_loss":0,"event_name":"Shining Light","floor":13,"gold_loss":0,"cards_upgraded":["Immolate","Strike_R"]},{"damage_healed":0,"gold_gain":0,"player_choice":"Obtained Book","damage_taken":16,"max_hp_gain":0,"max_hp_loss":0,"event_name":"Cursed Tome","floor":25,"gold_loss":0},{"damage_healed":0,"gold_gain":0,"player_choice":"Paid Fearfully","damage_taken":0,"max_hp_gain":0,"max_hp_loss":0,"event_name":"Masked Bandits","floor":31,"gold_loss":134},{"damage_healed":0,"gold_gain":0,"player_choice":"Memory 1","damage_taken":0,"max_hp_gain":0,"max_hp_loss":0,"event_name":"SensoryStone","floor":39,"gold_loss":0},{"cards_removed":["Strike_R"],"damage_healed":0,"gold_gain":0,"player_choice":"Removed Attack","damage_taken":0,"max_hp_gain":0,"max_hp_loss":0,"event_name":"Falling","floor":41,"gold_loss":0}],"is_beta":false,"boss_relics":[{"not_picked":["Busted Crown","SlaversCollar"],"picked":"Runic Pyramid"},{"not_picked":["Black Blood","Fusion Hammer"],"picked":"Cursed Key"}],"items_purged_floors":[],"is_endless":false,"potions_floor_spawned":[1,3,10,19,22,29,33,40,42,47,48],"killed_by":"Awakened One","ascension_level":0}}