{"host":"hszimsrtxxc2k25w","time":1611536224,"event":{"mods":["AchievementEnabler","BaseMod","Colored Map","DeckTracker","Minty Spire (QoL Compilation)","Rare Cards Sparkle","SuperFastMode"],"gold_per_floor":[111,111,121,36,47,47,61,61,61,80,5,5,24,38,38,114,114,133,133,133,133],"floor_reached":20,"language":"KOR","playtime":598,"items_purged":["Strike_G"],"score":315,"play_id":"c76a0b98-7316-4286-8afb-04365c021d22","local_time":"20210125095704","is_ascension_mode":true,"campfire_choices":[{"data":"Crippling Poison","floor":6.0,"key":"SMITH"},{"data":"Noxious Fumes","floor":12.0,"key":"SMITH"},{"data":"Prepared","floor":15.0,"key":"SMITH"}],"circlet_count":0,"master_deck":["AscendersBane","Strike_G","Strike_G","Strike_G","Strike_G","Defend_G","Defend_G","Defend_G","Defend_G","Defend_G","Survivor","Neutralize","Crippling Poison+1","Leg Sweep","Noxious Fumes+1","Prepared+1","Eviscerate","Venomology"],"relics":["Ring of the Snake","NeowsBlessing","Ice Cream","Bottled Tornado","SacredBark"],"acts_visited":["Exordium","TheCity"],"potions_floor_usage":[16,18,20],"damage_taken":[{"damage":0.0,"enemies":"Jaw Worm","floor":1.0,"turns":1.0},{"damage":0.0,"enemies":"Cultist","floor":3.0,"turns":1.0},{"damage":0.0,"enemies":"2 Louse","floor":5.0,"turns":1.0},{"damage":7.0,"enemies":"Red Slaver","floor":7.0,"turns":5.0},{"damage":11.0,"enemies":"Looter","floor":10.0,"turns":3.0},{"damage":5.0,"enemies":"Blue Slaver","floor":13.0,"turns":4.0},{"damage":11.0,"enemies":"Lots of Slimes","floor":14.0,"turns":3.0},{"damage":14,"enemies":"The Guardian","floor":16,"turns":10},{"damage":22,"enemies":"3 Byrds","floor":18,"turns":4},{"damage":24,"enemies":"Shell Parasite","floor":20,"turns":3}],"seed_played":"-6496446742072953949","potions_obtained":[{"floor":1.0,"key":"ColorlessPotion"},{"floor":5.0,"key":"Swift Potion"},{"floor":18,"key":"AttackPotion"}],"is_trial":false,"path_per_floor":["M","?","M","$","M","R","M","$","T","M","$","R","M","M","R","B",null,"M","?","M"],"character_chosen":"THE_SILENT","items_purchased":["Noxious Fumes"],"campfire_rested":0,"item_purchase_floors":[4],"current_hp_per_floor":[59,59,59,59,59,59,52,52,52,41,41,41,36,25,25,11,52,30,30,6,6],"gold":133,"neow_bonus":"THREE_ENEMY_KILL","is_daily":false,"chose_seed":false,"campfire_upgraded":3,"win_rate":0.0,"timestamp":1611536224,"path_taken":["M","?","?","$","M","R","M","?","T","M","$","R","?","M","R","BOSS","M","?","M"],"items_purchased_type":["Card"],"build_version":"2020-12-22","purchased_purges":1,"victory":false,"max_hp_per_floor":[66,66,66,66,66,66,66,66,66,66,66,66,66,66,66,66,66,66,66,66,66],"card_choices":[{"not_picked":["Bane","PiercingWail"],"picked":"Crippling Poison","floor":1.0},{"not_picked":["Sucker Punch","Backflip","Leg Sweep"],"picked":"SKIP","floor":3.0},{"not_picked":["Sucker Punch","Backflip"],"picked":"Leg Sweep","floor":3.0},{"not_picked":["Dodge and Roll","Sucker Punch"],"picked":"Prepared","floor":5.0},{"not_picked":["Slice","Underhanded Strike","Quick Slash"],"picked":"SKIP","floor":7.0},{"not_picked":["Concentrate","Leg Sweep","Underhanded Strike"],"picked":"SKIP","floor":10.0},{"not_picked":["Choke","Flying Knee"],"picked":"Eviscerate","floor":13.0},{"not_picked":["Outmaneuver","Concentrate","Slice"],"picked":"SKIP","floor":14.0},{"not_picked":["Malaise","Burst"],"picked":"Venomology","floor":16},{"not_picked":["Masterful Stab","Underhanded Strike","Dash+1"],"picked":"SKIP","floor":18}],"player_experience":644205,"relics_obtained":[{"floor":2.0,"key":"Ice Cream"},{"floor":9.0,"key":"Bottled Tornado"}],"event_choices":[{"damage_healed":0.0,"max_hp_gain":0.0,"max_hp_loss":0.0,"gold_gain":0.0,"event_name":"Wheel of Change","player_choice":"Relic","floor":2.0,"gold_loss":0.0,"damage_taken":0.0},{"damage_healed":0,"gold_gain":0,"player_choice":"Ignored","damage_taken":0,"max_hp_gain":0,"max_hp_loss":0,"event_name":"Vampires","floor":19,"gold_loss":0}],"is_beta":false,"boss_relics":[{"not_picked":["Runic Dome","Pandora\u0027s Box"],"picked":"SacredBark"}],"items_purged_floors":[11],"is_endless":false,"potions_floor_spawned":[1,5,13,18],"killed_by":"Shell Parasite","ascension_level":18}}