{"host":"ynimr9ugvc6f046i","time":1611585591,"event":{"mods":["2.2 Compatiblity","BaseMod","Colored Map","DeckTracker","Highlight Path","Keyboard Shortcuts","Minty Spire (QoL Compilation)","Permanent Neow","Quick Restart","StSLib","SuperFastMode"],"gold_per_floor":[110,122,122,133,58,58,70,99,99,127,127,155,155,155,155,234,234,249,260,260,280,280,330,330,358,358,378,405,216,216,234,234,311,311,329,329,346,75,93,125,137,163,163,163,178,178,207,220,220,220,220,220,220,66,93,93],"floor_reached":57,"language":"KOR","playtime":2137,"items_purged":["Pain","Strike_P","Defend_P","Purity"],"score":3250,"play_id":"87cbd120-4067-4a94-ad94-b786e18da232","local_time":"20210125233951","is_ascension_mode":true,"campfire_choices":[{"data":"Eruption","floor":6.0,"key":"SMITH"},{"data":"Apotheosis","floor":13.0,"key":"SMITH"},{"floor":15.0,"key":"RECALL"},{"data":"Strike_P","floor":24.0,"key":"PURGE"},{"data":"Strike_P","floor":30,"key":"PURGE"},{"data":"Defend_P","floor":32,"key":"PURGE"},{"data":"Defend_P","floor":44,"key":"PURGE"},{"data":"FearNoEvil+1","floor":46,"key":"PURGE"},{"data":"Fasting2","floor":49,"key":"PURGE"},{"data":"Vigilance","floor":53,"key":"PURGE"}],"circlet_count":0,"master_deck":["AscendersBane","Eruption+1","Fasting2+1","InnerPeace","Adaptation","TalkToTheHand","Apotheosis+1","Scrawl","Ghostly","Ghostly","Ghostly","FlurryOfBlows","MentalFortress+1","Vault","Tantrum"],"relics":["PureWater","OrangePellets","Yang","WarpedTongs","Damaru","Eternal Feather","Incense Burner","Bottled Lightning","Pantograph","Peace Pipe","Runic Pyramid","Calipers","Bag of Preparation","Toy Ornithopter","Coffee Dripper","Membership Card","Strawberry","Question Card","Potion Belt","Medical Kit","Blue Candle"],"acts_visited":["Exordium","TheCity","TheBeyond","TheEnding"],"potions_floor_usage":[25,56,56,56],"damage_taken":[{"damage":8.0,"enemies":"Small Slimes","floor":1.0,"turns":3.0},{"damage":0.0,"enemies":"Cultist","floor":2.0,"turns":2.0},{"damage":13.0,"enemies":"2 Louse","floor":4.0,"turns":4.0},{"damage":5.0,"enemies":"Looter","floor":7.0,"turns":3.0},{"damage":1.0,"enemies":"Gremlin Nob","floor":8.0,"turns":3.0},{"damage":0.0,"enemies":"Lagavulin","floor":10.0,"turns":6.0},{"damage":17.0,"enemies":"Gremlin Nob","floor":12.0,"turns":4.0},{"damage":0.0,"enemies":"The Guardian","floor":16.0,"turns":8.0},{"damage":0.0,"enemies":"Chosen","floor":18.0,"turns":4.0},{"damage":10.0,"enemies":"2 Thieves","floor":19.0,"turns":3.0},{"damage":0.0,"enemies":"Shelled Parasite and Fungi","floor":21.0,"turns":5.0},{"damage":3,"enemies":"Slavers","floor":25,"turns":8},{"damage":1,"enemies":"Centurion and Healer","floor":27,"turns":4},{"damage":0,"enemies":"Gremlin Leader","floor":28,"turns":4},{"damage":2,"enemies":"3 Cultists","floor":31,"turns":6},{"damage":1,"enemies":"Champ","floor":33,"turns":5},{"damage":1,"enemies":"Orb Walker","floor":35,"turns":4},{"damage":0,"enemies":"3 Darklings","floor":37,"turns":4},{"damage":0,"enemies":"Maw","floor":39,"turns":4},{"damage":10,"enemies":"Reptomancer","floor":40,"turns":3},{"damage":2,"enemies":"Writhing Mass","floor":41,"turns":3},{"damage":0,"enemies":"Giant Head","floor":42,"turns":4},{"damage":2,"enemies":"4 Shapes","floor":45,"turns":4},{"damage":0,"enemies":"Reptomancer","floor":47,"turns":4},{"damage":0,"enemies":"3 Darklings","floor":48,"turns":4},{"damage":2,"enemies":"Donu and Deca","floor":50,"turns":4},{"damage":0,"enemies":"Awakened One","floor":51,"turns":3},{"damage":0,"enemies":"Shield and Spear","floor":55,"turns":3},{"damage":19,"enemies":"The Heart","floor":56,"turns":7}],"seed_played":"-4819904256668502160","potions_obtained":[{"floor":4.0,"key":"BottledMiracle"},{"floor":7.0,"key":"AttackPotion"},{"floor":12.0,"key":"Ancient Potion"},{"floor":27,"key":"Fire Potion"},{"floor":39,"key":"Weak Potion"},{"floor":55,"key":"BlessingOfTheForge"}],"is_trial":false,"path_per_floor":["M","M","?","M","$","R","M","E","T","E","?","E","R","?","R","B",null,"M","M","?","M","?","?","R","E","T","M","E","$","R","M","R","B",null,"M","?","M","$","M","E","M","E","T","R","M","R","E","M","R","B","B",null,"R","$","E","B",null],"character_chosen":"WATCHER","items_purchased":["Purity","Membership Card","Fasting2","Medical Kit"],"campfire_rested":0,"item_purchase_floors":[29,38,38,54],"current_hp_per_floor":[53,53,53,40,40,40,35,34,34,34,27,10,16,11,17,42,62,62,52,34,34,34,34,34,31,31,30,30,30,34,32,34,33,34,33,33,33,33,33,30,28,28,28,40,38,41,41,41,41,39,41,41,41,41,41,22],"gold":93,"neow_bonus":"REMOVE_CARD","is_daily":false,"chose_seed":false,"campfire_upgraded":2,"win_rate":0.0,"timestamp":1611585591,"path_taken":["M","M","?","M","$","R","?","E","T","E","?","E","R","?","R","BOSS","M","M","?","M","?","?","R","E","T","M","E","$","R","M","R","BOSS","M","?","M","$","M","E","M","E","T","R","?","R","E","?","R","BOSS","BOSS","R","$","E","BOSS"],"items_purchased_type":["Card","Relic","Card","Relic"],"build_version":"2020-12-22","purchased_purges":4,"victory":true,"max_hp_per_floor":[68,68,68,68,68,68,68,68,68,68,68,68,68,68,68,68,68,68,68,34,34,34,34,34,34,34,34,34,34,34,34,34,34,34,34,34,34,34,34,41,41,41,41,41,41,41,41,41,41,41,41,41,41,41,41,41],"card_choices":[{"not_picked":["FollowUp","Worship","WreathOfFlame"],"picked":"SKIP","floor":1.0},{"not_picked":["PathToVictory","CarveReality"],"picked":"InnerPeace","floor":2.0},{"not_picked":["Nirvana","Prostrate","BowlingBash"],"picked":"SKIP","floor":4.0},{"not_picked":["EmptyFist","CutThroughFate"],"picked":"Adaptation","floor":7.0},{"not_picked":["DevaForm","Crescendo"],"picked":"TalkToTheHand","floor":8.0},{"not_picked":["Prostrate","Halt","EmptyBody"],"picked":"SKIP","floor":10.0},{"not_picked":["SashWhip","WreathOfFlame","Halt"],"picked":"SKIP","floor":12.0},{"not_picked":["Establishment","MasterReality"],"picked":"Scrawl","floor":16.0},{"not_picked":["Nirvana","SashWhip","Evaluate"],"picked":"SKIP","floor":18.0},{"not_picked":["EmptyFist","Halt"],"picked":"FearNoEvil+1","floor":19.0},{"not_picked":["SashWhip","InnerPeace","EmptyBody"],"picked":"SKIP","floor":21.0},{"not_picked":["FlyingSleeves","WaveOfTheHand+1","DevaForm"],"picked":"SKIP","floor":25},{"not_picked":["PathToVictory","CrushJoints+1"],"picked":"FlurryOfBlows","floor":27},{"not_picked":["CrushJoints","Vengeance"],"picked":"MentalFortress+1","floor":28},{"not_picked":["ReachHeaven","CutThroughFate","WindmillStrike"],"picked":"SKIP","floor":31},{"not_picked":["Blasphemy","Alpha"],"picked":"Vault","floor":33},{"not_picked":["Wireheading","Conclude"],"picked":"Tantrum","floor":35},{"not_picked":["Collect","ThirdEye","CrushJoints"],"picked":"SKIP","floor":37},{"not_picked":["EmptyBody","SashWhip","WheelKick+1"],"picked":"SKIP","floor":39},{"not_picked":["FearNoEvil+1","DevaForm","WheelKick+1"],"picked":"SKIP","floor":40},{"not_picked":["Protect","SashWhip","Study"],"picked":"SKIP","floor":41},{"not_picked":["ReachHeaven","Consecrate","Worship+1"],"picked":"SKIP","floor":42},{"not_picked":["SandsOfTime","Crescendo","BowlingBash","Collect"],"picked":"SKIP","floor":45},{"not_picked":["SpiritShield","Blasphemy","DeceiveReality","InnerPeace+1"],"picked":"SKIP","floor":47},{"not_picked":["Collect","EmptyBody","Worship","EmptyMind"],"picked":"SKIP","floor":48},{"not_picked":["Protect","CutThroughFate+1","SashWhip+1","EmptyBody"],"picked":"SKIP","floor":55}],"player_experience":538530,"relics_obtained":[{"floor":8.0,"key":"Damaru"},{"floor":9.0,"key":"Eternal Feather"},{"floor":10.0,"key":"Incense Burner"},{"floor":12.0,"key":"Bottled Lightning"},{"floor":25,"key":"Calipers"},{"floor":26,"key":"Bag of Preparation"},{"floor":28,"key":"Toy Ornithopter"},{"floor":40,"key":"Strawberry"},{"floor":42,"key":"Question Card"},{"floor":47,"key":"Potion Belt"},{"floor":55,"key":"Blue Candle"}],"event_choices":[{"damage_healed":0.0,"max_hp_gain":0.0,"max_hp_loss":0.0,"gold_gain":0.0,"event_name":"Accursed Blacksmith","player_choice":"Rummage","floor":3.0,"gold_loss":0.0,"damage_taken":0.0,"relics_obtained":["WarpedTongs"],"cards_obtained":["Pain"]},{"cards_removed":["Defend_P"],"damage_healed":0.0,"max_hp_gain":0.0,"max_hp_loss":0.0,"gold_gain":0.0,"event_name":"Golden Wing","player_choice":"Card Removal","floor":11.0,"gold_loss":0.0,"damage_taken":7.0},{"damage_healed":0.0,"max_hp_gain":0.0,"max_hp_loss":0.0,"gold_gain":0.0,"event_name":"Scrap Ooze","player_choice":"Success","floor":14.0,"gold_loss":0.0,"damage_taken":5.0,"relics_obtained":["Pantograph"]},{"damage_healed":0.0,"max_hp_gain":0.0,"max_hp_loss":34.0,"gold_gain":0.0,"event_name":"Ghosts","player_choice":"Became a Ghost","floor":20.0,"gold_loss":0.0,"damage_taken":0.0,"cards_obtained":["Ghostly","Ghostly","Ghostly"]},{"damage_healed":0.0,"max_hp_gain":0.0,"max_hp_loss":0.0,"gold_gain":0.0,"event_name":"Cursed Tome","player_choice":"Ignored","floor":22.0,"gold_loss":0.0,"damage_taken":0.0},{"damage_healed":0.0,"max_hp_gain":0.0,"max_hp_loss":0.0,"gold_gain":50.0,"event_name":"Nest","player_choice":"Stole From Cult","floor":23.0,"gold_loss":0.0,"damage_taken":0.0},{"damage_healed":0,"gold_gain":0,"player_choice":"0 cards matched","damage_taken":0,"max_hp_gain":0,"max_hp_loss":0,"event_name":"Match and Keep!","floor":36,"gold_loss":0,"cards_obtained":[]}],"is_beta":false,"boss_relics":[{"not_picked":["Ectoplasm","Empty Cage"],"picked":"Runic Pyramid"},{"not_picked":["Black Star","Snecko Eye"],"picked":"Coffee Dripper"}],"items_purged_floors":[5,29,38,54],"is_endless":false,"potions_floor_spawned":[4,7,12,16,27,28,31,33,35,39,40,55],"ascension_level":20}}