{"host":"om3vwxs2fz5vu4gd","time":1611561214,"event":{"mods":["BaseMod","Downfall","Minty Spire (QoL Compilation)","Robot Space Explorer","StSLib"],"gold_per_floor":[99,118,22,22,7,7,78,98,125,135,161,179,191,191,210,210,210,210],"floor_reached":16,"language":"ENG","playtime":823,"items_purged":[],"score":144,"play_id":"a8a12708-97fa-46bf-a11d-3f0537dafc16","local_time":"20210125185334","is_ascension_mode":true,"campfire_choices":[{"data":"bronze:Goto","floor":1.0,"key":"SMITH"},{"data":"bronze:Mutator","floor":6.0,"key":"SMITH"}],"circlet_count":0,"master_deck":["bronze:Strike","bronze:Strike","bronze:Strike","bronze:Strike+1","bronze:Defend","bronze:Defend","bronze:Defend","bronze:Defend","bronze:Replicate","bronze:Goto+1","bronze:Constructor+1","bronze:WhirlingStrike","bronze:ChosenStrike+1","bronze:DazingPulse","bronze:Mutator+1","bronze:Overheat","bronze:Terminator","bronze:ForLoop","bronze:Safeguard","bronze:Return","downfall:Malfunctioning","bronze:BronzeOrb"],"relics":["bronze:BronzeCore","Potion Belt","Ornamental Fan","MealTicket","Boot"],"acts_visited":["Exordium"],"potions_floor_usage":[16,16,16],"damage_taken":[{"damage":1.0,"enemies":"Cultist","floor":2.0,"turns":3.0},{"damage":0.0,"enemies":"downfall:FleeingMerchant","floor":3.0,"turns":4.0},{"damage":24.0,"enemies":"downfall:FleeingMerchant","floor":4.0,"turns":7.0},{"damage":5.0,"enemies":"downfall:FleeingMerchant","floor":5.0,"turns":4.0},{"damage":5.0,"enemies":"Small Slimes","floor":8.0,"turns":2.0},{"damage":10.0,"enemies":"Gremlin Nob","floor":9.0,"turns":4.0},{"damage":6.0,"enemies":"Jaw Worm","floor":10.0,"turns":2.0},{"damage":0.0,"enemies":"3 Sentries","floor":11.0,"turns":6.0},{"damage":1.0,"enemies":"Exordium Thugs","floor":12.0,"turns":3.0},{"damage":0.0,"enemies":"Blue Slaver","floor":13.0,"turns":2.0},{"damage":0.0,"enemies":"Lots of Slimes","floor":15.0,"turns":2.0},{"damage":20,"enemies":"IC_STATUS_ARCHETYPE","floor":16,"turns":2}],"seed_played":"-6361096380515421017","potions_obtained":[{"floor":8.0,"key":"LiquidBronze"},{"floor":9.0,"key":"CultistPotion"},{"floor":10.0,"key":"bronze:BuildAFunctionPotion"},{"floor":11.0,"key":"Weak Potion"},{"floor":12.0,"key":"PowerPotion"}],"is_trial":false,"path_per_floor":["R","M","$","?","$","R","T","M","E","M","E","M","M","?","M","B"],"character_chosen":"THE_AUTOMATON","items_purchased":["bronze:ChosenStrike"],"campfire_rested":0,"item_purchase_floors":[3],"current_hp_per_floor":[70,69,69,45,40,40,40,35,25,19,19,18,18,18,18,0,0,0],"gold":210,"neow_bonus":"RANDOM_COMMON_RELIC","is_daily":false,"chose_seed":false,"campfire_upgraded":2,"win_rate":0.0,"timestamp":1611561214,"path_taken":["R","M","?","?","?","R","T","M","E","M","E","?","M","?","M","BOSS"],"items_purchased_type":["Card"],"build_version":"2020-12-22","purchased_purges":0,"victory":false,"max_hp_per_floor":[70,70,70,70,70,70,70,70,70,70,70,70,70,70,70,70,70,70],"card_choices":[{"not_picked":["bronze:Frontload","bronze:BuggyMess"],"picked":"bronze:Constructor","floor":2.0},{"not_picked":["bronze:Overload","bronze:DelayedGuard"],"picked":"bronze:WhirlingStrike","floor":3.0},{"not_picked":[],"picked":"bronze:DazingPulse","floor":4.0},{"not_picked":["bronze:CloningBeam","bronze:Branch"],"picked":"bronze:Mutator","floor":4.0},{"not_picked":["bronze:DelayedSlice","bronze:Overheat","bronze:WhirlingStrike"],"picked":"SKIP","floor":5.0},{"not_picked":["bronze:Invalidate","bronze:Backtrace"],"picked":"bronze:Overheat","floor":8.0},{"not_picked":["bronze:Fortify","bronze:Optimize"],"picked":"bronze:Terminator","floor":9.0},{"not_picked":["bronze:Flail","bronze:Overheat","bronze:Turbo"],"picked":"SKIP","floor":10.0},{"not_picked":["bronze:Repulsor","bronze:Separator"],"picked":"bronze:ForLoop","floor":11.0},{"not_picked":["bronze:WhirlingStrike","bronze:DelayedGuard"],"picked":"bronze:Safeguard","floor":12.0},{"not_picked":["bronze:Allocate","bronze:ClassDefault"],"picked":"bronze:Return","floor":13.0},{"not_picked":["bronze:Philosophize","bronze:CutThrough"],"picked":"bronze:BronzeOrb","floor":15.0}],"player_experience":434164,"relics_obtained":[{"floor":7.0,"key":"Ornamental Fan"},{"floor":9.0,"key":"MealTicket"},{"floor":11.0,"key":"Boot"}],"event_choices":[],"is_beta":false,"boss_relics":[],"items_purged_floors":[],"is_endless":false,"potions_floor_spawned":[8,9,10,11,12],"killed_by":"IC_STATUS_ARCHETYPE","ascension_level":1}}