{"host":"6hyess0ebv7cxwmj","time":1611582189,"event":{"mods":["Act Like it!","BaseMod","Gensokyo","HololiveMod","Koishi","Marisa£®ÏF”Í°°ƒß¿Ì…≥£©","Minty Spire (QoL Compilation)","Quick Restart","Reimu£®≤©¿ˆ¡È√Œ£©","Shop Mod","StSLib","The Animator","The Servant 0.9.4","ÛÙª÷∏ƒœ"],"gold_per_floor":[114,131,131,20100,20150,19444,19494,18566,18566,18582,18653,18703,17368,17380,17380,17454,17454,17466,16721,16738,16678,15665,15690,15750,15787,15857,15857,15874,16024,16037,16068,16068,16142,16142,16161,16236,16286,4155,4175,4175,4186,4220,4246,4246,3906,3956,3956,3974,3974,3974],"floor_reached":51,"language":"ZHS","playtime":2865,"items_purged":["Strike_B","Strike_B","Strike_B","Strike_B","Dualcast","Defend_B","Defend_B"],"score":1761,"play_id":"b6bd3b99-b93c-4154-97b4-16112a3197d2","local_time":"20210125214309","is_ascension_mode":true,"campfire_choices":[{"data":"Loop","floor":15.0,"key":"SMITH"},{"data":"Creative AI","floor":27.0,"key":"SMITH"},{"data":"Defragment","floor":32.0,"key":"SMITH"},{"data":"Capacitor","floor":40,"key":"SMITH"},{"data":"Tempest","floor":44,"key":"SMITH"},{"data":"Madness","floor":47,"key":"SMITH"},{"data":"Madness","floor":49,"key":"SMITH"}],"circlet_count":1,"master_deck":["AscendersBane","Zap+1","Biased Cognition","Hologram","Capacitor+1","Conserve Battery+1","Defragment+1","Force Field+1","Loop+1","Master of Strategy+1","Tempest+1","Storm","Madness+1","Creative AI+1","Madness+1","BootSequence+1","Chaos+1","Reinforced Body+1","Echo Form","CurseOfTheBell","Thinking Ahead+1","Coolheaded+1","Static Discharge+1","Storm+1","Heatsinks+1","Defragment+1","Leap+1","Coolheaded+1","Glacier+1","Redo+1","Heatsinks+1"],"relics":["Cracked Core","SsserpentHead","Pantograph","Happy Flower","Toy Ornithopter","Kunai","TentaclePot:ReiMu","Singing Bowl","Odd Mushroom","Cables","Blue Candle","Frozen Eye","Tea:ReiMu","MerchantsRug","Busted Crown","PreservedInsect","Bottled Lightning","DollysMirror","Toxic Egg 2","CaptainsWheel","Runic Capacitor","Hololive_LightStick","Gremlin Horn","Sundial","Incense Burner","Pear","White Beast Statue","Calling Bell","Bronze Scales","The Courier","Girya","PureWhite:ReiMu","War Paint","Bag of Preparation","Ornamental Fan","Pocketwatch","Shovel","Ancient Tea Set","Shuriken","Symbiotic Virus","Ice Cream","Blood Vial","WingedGreaves","Art of War","Frozen Egg 2","Bottled Tornado","Lantern","Unceasing Top","Regal Pillow","Anchor","Eternal Feather","Juzu Bracelet","Letter Opener","Meat on the Bone","Pen Nib","Mastiff:ReiMu","Turnip","Mercury Hourglass","HornCleat","Darkstone Periapt","FossilizedHelix","Boot","InkBottle","TungstenRod","Calipers","Bird Faced Urn","Dream Catcher","OrangePellets","Nunchaku","Question Card","StoneCalendar","Oddly Smooth Stone","MealTicket","Strawberry","CrazyTorch:ReiMu","Matryoshka","Prayer Wheel","Omamori","Potion Belt","DataDisk","Bag of Marbles","Orichalcum","Centennial Puzzle","Vajra","RuthlessExorcism:ReiMu","Molten Egg 2","Du-Vu Doll","Emotion Chip","Thread and Needle","Gambling Chip","Torii","Lizard Tail","Mango","Ginger","Circlet","HandDrill"],"acts_visited":["Exordium","TheCity","TheBeyond"],"potions_floor_usage":[50,50],"damage_taken":[{"damage":7.0,"enemies":"Jaw Worm","floor":1.0,"turns":2.0},{"damage":2.0,"enemies":"Cultist","floor":2.0,"turns":4.0},{"damage":1.0,"enemies":"2 Louse","floor":4.0,"turns":2.0},{"damage":7.0,"enemies":"Looter","floor":10.0,"turns":3.0},{"damage":20.0,"enemies":"The Mushroom Lair","floor":11.0,"turns":3.0},{"damage":4.0,"enemies":"Red Slaver","floor":14.0,"turns":4.0},{"damage":7.0,"enemies":"The Guardian","floor":16.0,"turns":6.0},{"damage":23.0,"enemies":"Shell Parasite","floor":18.0,"turns":4.0},{"damage":8.0,"enemies":"Spheric Guardian","floor":20.0,"turns":3.0},{"damage":15.0,"enemies":"Slavers","floor":23.0,"turns":4.0},{"damage":1.0,"enemies":"Centurion and Healer","floor":24.0,"turns":4.0},{"damage":1.0,"enemies":"Book of Stabbing","floor":25.0,"turns":3.0},{"damage":0.0,"enemies":"Chosen and Byrds","floor":28.0,"turns":3.0},{"damage":6.0,"enemies":"Colosseum Slavers","floor":29.0,"turns":3.0},{"damage":0.0,"enemies":"Colosseum Nobs","floor":29.0,"turns":4.0},{"damage":0.0,"enemies":"Shelled Parasite and Fungi","floor":30.0,"turns":4.0},{"damage":0.0,"enemies":"Gremlin Leader","floor":31.0,"turns":4.0},{"damage":0.0,"enemies":"Collector","floor":33.0,"turns":6.0},{"damage":0.0,"enemies":"Orb Walker","floor":35.0,"turns":2.0},{"damage":5.0,"enemies":"Mind Bloom Boss Battle","floor":36.0,"turns":5.0},{"damage":0,"enemies":"3 Shapes","floor":39,"turns":2},{"damage":0,"enemies":"Maw","floor":41,"turns":3},{"damage":0,"enemies":"Nemesis","floor":42,"turns":3},{"damage":0,"enemies":"3 Darklings","floor":48,"turns":2},{"damage":0,"enemies":"Time Eater","floor":50,"turns":4}],"seed_played":"-7219687906946196457","potions_obtained":[{"floor":4.0,"key":"Ancient Potion"},{"floor":10.0,"key":"Strength Potion"},{"floor":16.0,"key":"Regen Potion"},{"floor":18.0,"key":"CultistPotion"},{"floor":30.0,"key":"ZuzhouPotion:ReiMu"},{"floor":31.0,"key":"Energy Potion"}],"is_trial":false,"path_per_floor":["M","M","?","M","?","R","?","R","T","M","?","T","$","M","R","B",null,"M","$","M","?","$","E","M","E","T","R","M","?","M","E","R","B",null,"M","?","?","$","M","R","M","E","T","R","$","?","R","M","R","B",null],"character_chosen":"DEFECT","items_purchased":["Pantograph","Happy Flower","Defragment","Force Field","Toy Ornithopter","Kunai","TentaclePot:ReiMu","Loop","Master of Strategy","Swift Potion","Storm","Madness","Blue Candle","Frozen Eye","Tea:ReiMu","EntropicBrew","MerchantsRug","PreservedInsect","Bottled Lightning","DollysMirror","Toxic Egg 2","CaptainsWheel","Runic Capacitor","BootSequence+1","War Paint","Coolheaded+1","Bag of Preparation","Ornamental Fan","Pocketwatch","Shovel","Ancient Tea Set","Shuriken","Symbiotic Virus","Ice Cream","Blood Vial","WingedGreaves","Art of War","Frozen Egg 2","Bottled Tornado","Lantern","Unceasing Top","Regal Pillow","Anchor","Eternal Feather","Juzu Bracelet","Letter Opener","Meat on the Bone","Pen Nib","Mastiff:ReiMu","Turnip","Mercury Hourglass","HornCleat","Darkstone Periapt","FossilizedHelix","Boot","InkBottle","TungstenRod","Calipers","Bird Faced Urn","Dream Catcher","OrangePellets","Nunchaku","Question Card","StoneCalendar","Oddly Smooth Stone","MealTicket","Strawberry","CrazyTorch:ReiMu","Matryoshka","Prayer Wheel","Omamori","Potion Belt","DataDisk","Bag of Marbles","Orichalcum","Centennial Puzzle","Vajra","RuthlessExorcism:ReiMu","Molten Egg 2","Du-Vu Doll","Emotion Chip","Thread and Needle","Gambling Chip","Torii","Lizard Tail","Mango","Ginger","Fire Potion","SneckoOil","ZuzhouPotion:ReiMu","DistilledChaos","PotionOfCapacity","Block Potion","Weak Potion","Regen Potion","AttackPotion","LiquidBronze","Weak Potion","LiquidBronze","LiquidMemories","DuplicationPotion","DistilledChaos","Strength Potion","EntropicBrew","Static Discharge+1","Storm+1","Heatsinks+1","Defragment+1","HandDrill","Redo+1"],"campfire_rested":0,"item_purchase_floors":[6,6,6,6,8,8,8,8,8,13,13,13,13,13,13,13,13,19,19,19,22,22,22,22,38,38,38,38,38,38,38,38,38,38,38,38,38,38,38,38,38,38,38,38,38,38,38,38,38,38,38,38,38,38,38,38,38,38,38,38,38,38,38,38,38,38,38,38,38,38,38,38,38,38,38,38,38,38,38,38,38,38,38,38,38,38,38,38,38,38,38,38,38,38,38,38,38,38,38,38,38,38,38,38,38,38,38,38,45,45],"current_hp_per_floor":[57,55,55,54,54,54,54,54,54,47,34,34,34,32,32,65,73,62,62,56,56,56,41,40,41,41,41,43,54,56,58,58,83,95,97,98,98,119,126,126,128,128,128,128,128,128,128,132,132,132],"gold":3974,"neow_bonus":"ONE_RANDOM_RARE_CARD","is_daily":false,"chose_seed":false,"campfire_upgraded":7,"win_rate":0.0,"timestamp":1611582189,"path_taken":["M","M","?","?","?","R","?","R","T","M","?","?","$","M","R","BOSS","M","$","M","?","$","E","?","E","T","R","M","?","M","E","R","BOSS","M","?","?","$","M","R","M","E","T","R","$","?","R","M","R","BOSS"],"items_purchased_type":["Relic","Relic","Card","Card","Relic","Relic","Relic","Card","Card","Potion","Card","Card","Relic","Relic","Relic","Potion","Relic","Relic","Relic","Relic","Relic","Relic","Relic","Card","Relic","Card","Relic","Relic","Relic","Relic","Relic","Relic","Relic","Relic","Relic","Relic","Relic","Relic","Relic","Relic","Relic","Relic","Relic","Relic","Relic","Relic","Relic","Relic","Relic","Relic","Relic","Relic","Relic","Relic","Relic","Relic","Relic","Relic","Relic","Relic","Relic","Relic","Relic","Relic","Relic","Relic","Relic","Relic","Relic","Relic","Relic","Relic","Relic","Relic","Relic","Relic","Relic","Relic","Relic","Relic","Relic","Relic","Relic","Relic","Relic","Relic","Relic","Potion","Potion","Potion","Potion","Potion","Potion","Potion","Potion","Potion","Potion","Potion","Potion","Potion","Potion","Potion","Potion","Potion","Card","Card","Card","Card","Relic","Card"],"build_version":"2020-12-22","purchased_purges":7,"victory":true,"max_hp_per_floor":[71,71,71,71,71,71,71,71,71,71,73,73,73,75,75,75,75,77,77,79,79,79,79,79,81,81,81,83,95,97,99,99,99,99,101,103,103,124,126,126,128,128,128,128,128,128,128,132,132,132],"card_choices":[{"not_picked":["Barrage","Turbo"],"picked":"Hologram","floor":1.0},{"not_picked":["Scrape","Beam Cell"],"picked":"Capacitor","floor":2.0},{"not_picked":["Rebound","Steam Power"],"picked":"Conserve Battery","floor":4.0},{"not_picked":["Hologram","Beam Cell"],"picked":"Tempest","floor":10.0},{"not_picked":["Cold Snap","Gash","Auto Shields"],"picked":"Singing Bowl","floor":11.0},{"not_picked":["Rebound","Stack","Hologram"],"picked":"Singing Bowl","floor":14.0},{"not_picked":["Multi-Cast","Biased Cognition"],"picked":"Creative AI","floor":16.0},{"not_picked":["Lockon"],"picked":"Singing Bowl","floor":18.0},{"not_picked":["Genetic Algorithm"],"picked":"Singing Bowl","floor":20.0},{"not_picked":[],"picked":"Chaos+1","floor":23.0},{"not_picked":[],"picked":"Reinforced Body+1","floor":24.0},{"not_picked":["Steam Power+1"],"picked":"Singing Bowl","floor":25.0},{"not_picked":["Fusion+1"],"picked":"Singing Bowl","floor":28.0},{"not_picked":["Go for the Eyes"],"picked":"Singing Bowl","floor":29.0},{"not_picked":["Aggregate+1"],"picked":"Singing Bowl","floor":30.0},{"not_picked":["Compile Driver+1"],"picked":"Singing Bowl","floor":31.0},{"not_picked":[],"picked":"Echo Form","floor":33.0},{"not_picked":["Undo+1"],"picked":"Singing Bowl","floor":35.0},{"not_picked":["Barrage"],"picked":"Singing Bowl","floor":36.0},{"not_picked":[],"picked":"Thinking Ahead+1","floor":37.0},{"not_picked":["Chill+1"],"picked":"Leap+1","floor":39},{"not_picked":["Tempest+1","Rip and Tear+1"],"picked":"Singing Bowl","floor":39},{"not_picked":["Hologram+1","Stack+1"],"picked":"Singing Bowl","floor":41},{"not_picked":["Streamline+1"],"picked":"Coolheaded+1","floor":41},{"not_picked":["FTL+1"],"picked":"Glacier+1","floor":42},{"not_picked":["Chill+1","Capacitor+1"],"picked":"Singing Bowl","floor":48},{"not_picked":["Turbo+1","Sunder+1"],"picked":"Singing Bowl","floor":48}],"player_experience":501262,"relics_obtained":[{"floor":9.0,"key":"Singing Bowl"},{"floor":11.0,"key":"Odd Mushroom"},{"floor":12.0,"key":"Cables"},{"floor":23.0,"key":"Hololive_LightStick"},{"floor":25.0,"key":"Gremlin Horn"},{"floor":26.0,"key":"Sundial"},{"floor":29.0,"key":"Incense Burner"},{"floor":29.0,"key":"Pear"},{"floor":31.0,"key":"White Beast Statue"},{"floor":34.0,"key":"Bronze Scales"},{"floor":34.0,"key":"The Courier"},{"floor":34.0,"key":"Girya"},{"floor":36.0,"key":"PureWhite:ReiMu"},{"floor":42,"key":"Circlet"}],"event_choices":[{"damage_healed":0.0,"max_hp_gain":0.0,"max_hp_loss":0.0,"gold_gain":0.0,"event_name":"FaceTrader","player_choice":"Trade","floor":3.0,"gold_loss":0.0,"damage_taken":0.0,"relics_obtained":["SsserpentHead"]},{"damage_healed":0.0,"max_hp_gain":0.0,"max_hp_loss":0.0,"gold_gain":0.0,"event_name":"Living Wall","player_choice":"Grow","floor":5.0,"gold_loss":0.0,"damage_taken":0.0,"cards_upgraded":["Zap"]},{"damage_healed":0.0,"max_hp_gain":0.0,"max_hp_loss":0.0,"gold_gain":0.0,"event_name":"Liars Game","player_choice":"Ignored","floor":7.0,"gold_loss":0.0,"damage_taken":0.0},{"damage_healed":0.0,"max_hp_gain":0.0,"max_hp_loss":0.0,"gold_gain":0.0,"event_name":"Mushrooms","player_choice":"Fought Mushrooms","floor":11.0,"gold_loss":0.0,"damage_taken":0.0},{"cards_removed":["Defend_B"],"damage_healed":0.0,"max_hp_gain":0.0,"max_hp_loss":0.0,"gold_gain":0.0,"event_name":"Designer","player_choice":"Upgrade and Remove","floor":21.0,"gold_loss":110.0,"damage_taken":0.0,"cards_upgraded":["Force Field"]},{"damage_healed":0.0,"max_hp_gain":0.0,"max_hp_loss":0.0,"gold_gain":0.0,"event_name":"Colosseum","player_choice":"Fight","floor":29.0,"gold_loss":0.0,"damage_taken":0.0},{"damage_healed":0.0,"max_hp_gain":0.0,"max_hp_loss":0.0,"gold_gain":0.0,"event_name":"Colosseum","player_choice":"Fought Nobs","floor":29.0,"gold_loss":0.0,"damage_taken":0.0},{"damage_healed":0.0,"max_hp_gain":0.0,"max_hp_loss":0.0,"gold_gain":0.0,"event_name":"MindBloom","player_choice":"Fight","floor":36.0,"gold_loss":0.0,"damage_taken":0.0},{"damage_healed":0.0,"max_hp_gain":0.0,"max_hp_loss":0.0,"gold_gain":0.0,"event_name":"SensoryStone","player_choice":"Memory 1","floor":37.0,"gold_loss":0.0,"damage_taken":0.0},{"damage_healed":0,"gold_gain":0,"cards_transformed":["Defend_B"],"player_choice":"Transformed","damage_taken":0,"max_hp_gain":0,"max_hp_loss":0,"event_name":"Transmorgrifier","floor":46,"gold_loss":0,"cards_obtained":["Heatsinks"]}],"is_beta":false,"boss_relics":[{"not_picked":["Tiny House","Velvet Choker"],"picked":"Busted Crown"},{"not_picked":["Hololive_TopUpMoneyS","Runic Pyramid"],"picked":"Calling Bell"}],"items_purged_floors":[6,8,13,19,22,38,45],"is_endless":false,"potions_floor_spawned":[4,10,16,18,23,30,31,33,35,36,39,41,42,48],"ascension_level":18}}