{"host":"qeogwbudlaqzb6hy","time":1611545298,"event":{"mods":["BaseMod","Downfall","Minty Spire (QoL Compilation)","StSLib"],"gold_per_floor":[99,99,99,99,117,138,138,157,157,157,177,197,197,224,252,252,252,252],"floor_reached":16,"language":"ENG","playtime":636,"items_purged":[],"score":94,"play_id":"7fde143d-d336-4e7a-8867-5fa85a102b02","local_time":"20210125132818","is_ascension_mode":false,"campfire_choices":[{"data":"hexamod:Sear","floor":1,"key":"SMITH"},{"data":"hexamod:NightmareStrike","floor":10,"key":"SMITH"},{"floor":13,"key":"REST"}],"circlet_count":0,"master_deck":["hexamod:Strike","hexamod:Strike","hexamod:Strike","hexamod:Strike","hexamod:Defend","hexamod:Defend","hexamod:Defend","hexamod:Defend","hexamod:Sear+1","hexamod:Float","hexamod:NightmareStrike+1","hexamod:SwordOfDarkness","hexamod:SecondSeal","hexamod:TimeOfNeed","hexamod:HauntingEcho","hexamod:NightmareStrike","hexamod:ThirdSeal","hexamod:FirstSeal","hexamod:ThermalTransfer","hexamod:ShieldOfDarkness","hexamod:FourthSeal"],"relics":["hexamod:SpiritBrand","downfall:HeartsMalice","Kunai"],"acts_visited":["Exordium"],"potions_floor_usage":[16,16],"damage_taken":[{"damage":0,"enemies":"2 Louse","floor":2,"turns":1},{"damage":0,"enemies":"Small Slimes","floor":3,"turns":1},{"damage":0,"enemies":"Jaw Worm","floor":4,"turns":1},{"damage":16,"enemies":"Red Slaver","floor":5,"turns":3},{"damage":13,"enemies":"2 Fungi Beasts","floor":6,"turns":3},{"damage":17,"enemies":"Exordium Thugs","floor":8,"turns":3},{"damage":14,"enemies":"Blue Slaver","floor":11,"turns":3},{"damage":25,"enemies":"3 Louse","floor":12,"turns":3},{"damage":11,"enemies":"Large Slime","floor":14,"turns":5},{"damage":7,"enemies":"Blue Slaver","floor":15,"turns":5},{"damage":27,"enemies":"SI_SHIV_ARCHETYPE","floor":16,"turns":6}],"seed_played":"4187029146117315220","potions_obtained":[{"floor":6,"key":"DuplicationPotion"},{"floor":8,"key":"LiquidBronze"},{"floor":11,"key":"SkillPotion"},{"floor":15,"key":"hexamod:InfernoChargePotion"}],"is_trial":false,"path_per_floor":["R","M","M","M","M","M","T","M","?","R","M","M","R","M","M","B"],"character_chosen":"THE_SPIRIT","items_purchased":[],"campfire_rested":1,"item_purchase_floors":[],"current_hp_per_floor":[70,70,70,70,54,41,41,24,47,47,33,8,29,25,25,0,0,0],"gold":252,"neow_bonus":"THREE_ENEMY_KILL","is_daily":false,"chose_seed":false,"campfire_upgraded":2,"win_rate":0.0,"timestamp":1611545298,"path_taken":["R","M","M","M","M","M","T","M","?","R","M","M","R","M","M","BOSS"],"items_purchased_type":[],"build_version":"2020-12-22","purchased_purges":0,"victory":false,"max_hp_per_floor":[70,70,70,70,70,70,70,70,70,70,70,70,70,70,70,70,70,70],"card_choices":[{"not_picked":["hexamod:HauntingEcho","hexamod:BacktrackSmack"],"picked":"hexamod:NightmareStrike","floor":2},{"not_picked":["hexamod:HeatShield","hexamod:GhostShield"],"picked":"hexamod:SwordOfDarkness","floor":3},{"not_picked":["hexamod:DynamicBlow","hexamod:SkipABeat"],"picked":"hexamod:SecondSeal","floor":4},{"not_picked":["hexamod:HeatMetal","hexamod:ChargedBarrage"],"picked":"hexamod:TimeOfNeed","floor":5},{"not_picked":["hexamod:Hexaguard","hexamod:ChargedBarrage"],"picked":"hexamod:HauntingEcho","floor":6},{"not_picked":["hexamod:BurningTouch","hexamod:ThermalTransfer"],"picked":"hexamod:NightmareStrike","floor":8},{"not_picked":["hexamod:InspiringFlames","hexamod:Firestarter"],"picked":"hexamod:ThirdSeal","floor":11},{"not_picked":["hexamod:GhostflameInferno","hexamod:EtherealExpedition"],"picked":"hexamod:FirstSeal","floor":12},{"not_picked":["hexamod:NightmareGuise","hexamod:RadiantFlame"],"picked":"hexamod:ThermalTransfer","floor":12},{"not_picked":["hexamod:BurningTouch","hexamod:GhostShield"],"picked":"hexamod:ShieldOfDarkness","floor":14},{"not_picked":["hexamod:HauntingEcho","hexamod:HeatCrush"],"picked":"hexamod:FourthSeal","floor":14},{"not_picked":["hexamod:Hexaguard","hexamod:Firestarter","hexamod:Rewind"],"picked":"SKIP","floor":15},{"not_picked":["hexamod:RetreatToShadows","hexamod:HeatShield","hexamod:Haunt"],"picked":"SKIP","floor":15}],"player_experience":316648,"relics_obtained":[{"floor":7,"key":"Kunai"}],"event_choices":[{"damage_healed":23,"gold_gain":0,"player_choice":"Banana","damage_taken":0,"max_hp_gain":0,"max_hp_loss":0,"event_name":"Big Fish","floor":9,"gold_loss":0}],"is_beta":false,"boss_relics":[],"items_purged_floors":[],"is_endless":false,"potions_floor_spawned":[6,8,11,15],"killed_by":"SI_SHIV_ARCHETYPE","ascension_level":0}}