{"host":"bq4pt811tk9yrmjl","time":1611600081,"event":{"mods":["AchievementEnabler","BaseMod","Colored Map","Colored Powertips","Defuse TimeMaze Blight","Hermit","Minty Spire (QoL Compilation)","StSLib","SuperFastMode"],"gold_per_floor":[118,134,134,134,199,199,228,228,297,309,319,319,337,355,355,454,454,469,519,769,834,393,423,423,437,462,480,542,542,559,278,278,383,383,395,445,462,309,328,328,378,391,416,416,485,500,550,565,565,565,565,565,16,43,43],"floor_reached":56,"language":"ENG","playtime":1772,"items_purged":[],"score":1218,"play_id":"41ed1d9d-0ccc-4ac2-8519-589f641f9152","local_time":"20210125164121","is_ascension_mode":true,"campfire_choices":[{"data":"Blade Dance","floor":6,"key":"SMITH"},{"floor":8,"key":"REST"},{"data":"Neutralize","floor":12,"key":"SMITH"},{"data":"Leg Sweep","floor":15,"key":"SMITH"},{"floor":24,"key":"REST"},{"data":"After Image","floor":29,"key":"SMITH"},{"floor":32,"key":"REST"},{"floor":40,"key":"REST"},{"floor":44,"key":"RECALL"},{"floor":49,"key":"REST"},{"data":"Envenom","floor":52,"key":"SMITH"}],"circlet_count":0,"master_deck":["Strike_G","Strike_G","Strike_G","Strike_G","Strike_G","Defend_G+1","Defend_G","Defend_G","Defend_G+1","Defend_G+1","Survivor","Neutralize+1","Slice+1","Blade Dance+1","Slice","Deflect","Leg Sweep+1","Endless Agony","After Image+1","Blade Dance","Cloak And Dagger+1","Envenom+1","Terror+1","Bullet Time","Cloak And Dagger+1","Slice+1","Heel Hook+1","Cloak And Dagger+1"],"relics":["Ring of the Snake","NeowsBlessing","SsserpentHead","Akabeko","Kunai","SlaversCollar","Medical Kit","Happy Flower","Ancient Tea Set","InkBottle","Sundial","HoveringKite","Nunchaku","Dream Catcher","Shovel","Sling","StrikeDummy","Centennial Puzzle","War Paint"],"acts_visited":["Exordium","TheCity","TheBeyond","TheEnding"],"potions_floor_usage":[10,27,30,33,35,46,50],"damage_taken":[{"damage":0,"enemies":"2 Louse","floor":1,"turns":1},{"damage":0,"enemies":"Cultist","floor":2,"turns":1},{"damage":0,"enemies":"Small Slimes","floor":5,"turns":1},{"damage":15,"enemies":"3 Sentries","floor":7,"turns":7},{"damage":0,"enemies":"Red Slaver","floor":10,"turns":2},{"damage":1,"enemies":"Lots of Slimes","floor":11,"turns":3},{"damage":2,"enemies":"Gremlin Gang","floor":13,"turns":4},{"damage":3,"enemies":"Red Slaver","floor":14,"turns":2},{"damage":44,"enemies":"Hexaghost","floor":16,"turns":17},{"damage":0,"enemies":"Shell Parasite","floor":18,"turns":7},{"damage":0,"enemies":"3 Byrds","floor":21,"turns":7},{"damage":88,"enemies":"Gremlin Leader","floor":23,"turns":22},{"damage":0,"enemies":"Shelled Parasite and Fungi","floor":25,"turns":8},{"damage":0,"enemies":"Snecko","floor":27,"turns":4},{"damage":1,"enemies":"Snake Plant","floor":28,"turns":8},{"damage":0,"enemies":"3 Cultists","floor":30,"turns":5},{"damage":28,"enemies":"Collector","floor":33,"turns":9},{"damage":14,"enemies":"3 Darklings","floor":35,"turns":6},{"damage":3,"enemies":"Orb Walker","floor":37,"turns":4},{"damage":18,"enemies":"Transient","floor":39,"turns":5},{"damage":1,"enemies":"4 Shapes","floor":42,"turns":7},{"damage":23,"enemies":"3 Darklings","floor":45,"turns":10},{"damage":2,"enemies":"Jaw Worm Horde","floor":46,"turns":5},{"damage":5,"enemies":"Transient","floor":48,"turns":5},{"damage":12,"enemies":"Awakened One","floor":50,"turns":13},{"damage":20,"enemies":"Shield and Spear","floor":54,"turns":8},{"damage":76,"enemies":"The Heart","floor":55,"turns":12}],"seed_played":"1603878582524216940","potions_obtained":[{"floor":1,"key":"Energy Potion"},{"floor":2,"key":"FairyPotion"},{"floor":10,"key":"FairyPotion"},{"floor":25,"key":"Strength Potion"},{"floor":28,"key":"Fire Potion"},{"floor":30,"key":"Strength Potion"},{"floor":33,"key":"Block Potion"},{"floor":45,"key":"GhostInAJar"},{"floor":48,"key":"CultistPotion"}],"is_trial":false,"path_per_floor":["M","M","?","?","M","R","E","R","T","M","M","R","M","M","R","B",null,"M","?","?","M","$","E","R","M","T","M","M","R","M","$","R","B",null,"M","?","M","$","M","R","?","M","T","R","M","M","T","M","R","B",null,"R","$","E","B",null],"character_chosen":"THE_SILENT","items_purchased":["Medical Kit","Happy Flower","Ancient Tea Set","Blade Dance","Infinite Blades","Sundial","Nunchaku","Sling","StrikeDummy","Centennial Puzzle"],"campfire_rested":5,"item_purchase_floors":[22,22,22,22,31,31,38,53,53,53],"current_hp_per_floor":[70,70,56,56,56,56,41,62,62,62,61,61,59,56,56,12,70,70,70,70,70,70,3,24,24,24,24,23,23,23,23,44,16,70,56,56,53,53,35,56,56,55,55,55,32,30,30,25,46,34,70,70,70,50,2],"gold":43,"neow_bonus":"THREE_ENEMY_KILL","is_daily":false,"chose_seed":false,"campfire_upgraded":5,"win_rate":0.0,"timestamp":1611600081,"path_taken":["M","M","?","?","?","R","E","R","T","M","M","R","M","M","R","BOSS","M","?","?","?","?","E","R","M","T","M","?","R","M","$","R","BOSS","M","?","M","$","M","R","?","M","T","R","?","M","?","M","R","BOSS","R","$","E","BOSS"],"items_purchased_type":["Relic","Relic","Relic","Card","Card","Relic","Relic","Relic","Relic","Relic"],"build_version":"2020-12-22","purchased_purges":0,"victory":true,"max_hp_per_floor":[70,70,70,70,70,70,70,70,70,70,70,70,70,70,70,70,70,70,70,70,70,70,70,70,70,70,70,70,70,70,70,70,70,70,70,70,70,70,70,70,70,70,70,70,70,70,70,70,70,70,70,70,70,70,70],"card_choices":[{"not_picked":["Tactician","Terror"],"picked":"Slice","floor":1},{"not_picked":["Concentrate","Underhanded Strike"],"picked":"Blade Dance","floor":2},{"not_picked":["Blur","Outmaneuver"],"picked":"Slice","floor":5},{"not_picked":["Prepared","Malaise","Slice"],"picked":"SKIP","floor":7},{"not_picked":["Tactician","Deadly Poison","Endless Agony"],"picked":"SKIP","floor":10},{"not_picked":["Deadly Poison","Dagger Throw"],"picked":"Deflect","floor":11},{"not_picked":["Setup","Predator"],"picked":"Leg Sweep","floor":13},{"not_picked":["Caltrops","Storm of Steel"],"picked":"Endless Agony","floor":14},{"not_picked":["Grand Finale","Adrenaline"],"picked":"After Image","floor":16},{"not_picked":["Poisoned Stab","Outmaneuver","Distraction"],"picked":"SKIP","floor":18},{"not_picked":["Backstab","Poisoned Stab","Dash"],"picked":"SKIP","floor":21},{"not_picked":["PiercingWail","Outmaneuver","Dagger Throw"],"picked":"SKIP","floor":23},{"not_picked":["Backflip","Poisoned Stab+1"],"picked":"Cloak And Dagger+1","floor":25},{"not_picked":["Concentrate","Catalyst+1","Choke"],"picked":"SKIP","floor":27},{"not_picked":["Quick Slash","Deflect+1"],"picked":"Envenom","floor":28},{"not_picked":["Heel Hook","Cloak And Dagger"],"picked":"Terror+1","floor":30},{"not_picked":["Night Terror","Wraith Form v2"],"picked":"Bullet Time","floor":33},{"not_picked":["Skewer","Poisoned Stab+1"],"picked":"Cloak And Dagger+1","floor":35},{"not_picked":["Terror","Underhanded Strike"],"picked":"Slice+1","floor":37},{"not_picked":["All Out Attack","Deflect","Underhanded Strike"],"picked":"SKIP","floor":39},{"not_picked":["Bullet Time","Endless Agony","Predator+1"],"picked":"SKIP","floor":42},{"not_picked":["Prepared+1","Dodge and Roll","Flechettes"],"picked":"SKIP","floor":45},{"not_picked":["Prepared","Flying Knee","Footwork"],"picked":"SKIP","floor":46},{"not_picked":["Catalyst+1","Quick Slash","Sucker Punch"],"picked":"SKIP","floor":48},{"not_picked":["Deflect+1","Riddle With Holes+1"],"picked":"Heel Hook+1","floor":49},{"not_picked":["Malaise","Slice+1"],"picked":"Cloak And Dagger+1","floor":54}],"player_experience":245571,"relics_obtained":[{"floor":7,"key":"Akabeko"},{"floor":9,"key":"Kunai"},{"floor":23,"key":"InkBottle"},{"floor":43,"key":"Dream Catcher"},{"floor":47,"key":"Shovel"},{"floor":54,"key":"War Paint"}],"event_choices":[{"damage_healed":0,"gold_gain":0,"player_choice":"Entered Light","damage_taken":14,"max_hp_gain":0,"max_hp_loss":0,"event_name":"Shining Light","floor":3,"gold_loss":0,"cards_upgraded":["Slice","Defend_G"]},{"damage_healed":0,"gold_gain":0,"player_choice":"Trade","damage_taken":0,"relics_obtained":["SsserpentHead"],"max_hp_gain":0,"max_hp_loss":0,"event_name":"FaceTrader","floor":4,"gold_loss":0},{"damage_healed":0,"gold_gain":0,"player_choice":"Ignored","damage_taken":0,"max_hp_gain":0,"max_hp_loss":0,"event_name":"Vampires","floor":19,"gold_loss":0},{"damage_healed":0,"gold_gain":250,"player_choice":"Bet on Owner","damage_taken":0,"max_hp_gain":0,"max_hp_loss":0,"event_name":"The Joust","floor":20,"gold_loss":50},{"cards_removed":["Infinite Blades"],"damage_healed":0,"gold_gain":0,"player_choice":"Removed Power","damage_taken":0,"max_hp_gain":0,"max_hp_loss":0,"event_name":"Falling","floor":36,"gold_loss":0},{"damage_healed":0,"gold_gain":0,"player_choice":"Ignored","damage_taken":0,"max_hp_gain":0,"max_hp_loss":0,"event_name":"Mysterious Sphere","floor":41,"gold_loss":0}],"is_beta":false,"boss_relics":[{"not_picked":["Tiny House","Pandora\u0027s Box"],"picked":"SlaversCollar"},{"not_picked":["Runic Dome","Snecko Eye"],"picked":"HoveringKite"}],"items_purged_floors":[],"is_endless":false,"potions_floor_spawned":[1,2,10,25,28,30,33,45,48],"ascension_level":1}}