{"host":"sc0o2qwpf9j16a4i","time":1611578438,"event":{"mods":["AchievementEnabler","BaseMod","BetterRewards","Block Reminder","Colored Map","Colored Powertips","Custom Start","Highlight Path","Minty Spire (QoL Compilation)","Relic Stats"],"gold_per_floor":[116,66,103,103,148,200,225,277,277,314,372,372,416,452,452,574,574,590,590,88,126,162,218,259,259,259,259,315,355,455,500,500,620,620,659,569,605,641,703,762,762,818,870,888,923,214,264,283,283,283],"floor_reached":51,"language":"ENG","playtime":2750,"items_purged":["Strike_P","Defend_P"],"score":973,"play_id":"4f9a7e0c-c55a-4e24-84d6-668e0b789566","local_time":"20210125144038","daily_mods":["Allstar","Red Cards","Binary"],"is_ascension_mode":false,"campfire_choices":[{"floor":15,"key":"REST"},{"floor":25,"key":"REST"},{"floor":27,"key":"REST"},{"floor":32,"key":"REST"},{"floor":49,"key":"REST"}],"circlet_count":0,"master_deck":["Defend_P","Defend_P","Defend_P+1","Eruption","Vigilance+1","Forethought","Impatience","Jack Of All Trades","Secret Weapon","HandOfGreed+1","Combust","Pommel Strike","Spot Weakness","LikeWater","LikeWater","MentalFortress","Wallop","FlyingSleeves","Feel No Pain","Impervious","ClearTheMind+1","Meditate","Rupture","Worship","Sanctity","Halt","Flame Barrier","Crescendo","Offering","Reaper+1","Shrug It Off","Entrench+1","Pommel Strike+1","Second Wind","CutThroughFate+1","Feed","Inflame","Ragnarok","Master of Strategy"],"relics":["PureWater","Lantern","Bag of Marbles","Letter Opener","Bottled Flame","Meat on the Bone","Fusion Hammer","Sling","Singing Bowl","Yang","Eternal Feather","White Beast Statue","Runic Pyramid","Pear","Bronze Scales","War Paint","Membership Card","Oddly Smooth Stone","Kunai","Gremlin Horn"],"acts_visited":["Exordium","TheCity","TheBeyond"],"potions_floor_usage":[8,16,18,23,23,28,29,38,39,40,40,42,50],"damage_taken":[{"damage":0,"enemies":"Cultist","floor":1,"turns":2},{"damage":0,"enemies":"Small Slimes","floor":3,"turns":2},{"damage":1,"enemies":"Jaw Worm","floor":5,"turns":3},{"damage":42,"enemies":"Lagavulin","floor":6,"turns":7},{"damage":8,"enemies":"3 Sentries","floor":8,"turns":6},{"damage":0,"enemies":"Red Slaver","floor":10,"turns":4},{"damage":3,"enemies":"Lagavulin","floor":11,"turns":5},{"damage":2,"enemies":"3 Louse","floor":13,"turns":2},{"damage":0,"enemies":"Blue Slaver","floor":14,"turns":1},{"damage":20,"enemies":"Slime Boss","floor":16,"turns":9},{"damage":7,"enemies":"2 Thieves","floor":18,"turns":3},{"damage":18,"enemies":"3 Byrds","floor":21,"turns":5},{"damage":20,"enemies":"Snake Plant","floor":22,"turns":7},{"damage":7,"enemies":"Slavers","floor":23,"turns":2},{"damage":15,"enemies":"Shelled Parasite and Fungi","floor":24,"turns":9},{"damage":10,"enemies":"Gremlin Leader","floor":28,"turns":7},{"damage":9,"enemies":"Snecko","floor":29,"turns":8},{"damage":19,"enemies":"Slavers","floor":30,"turns":9},{"damage":22,"enemies":"Chosen and Byrds","floor":31,"turns":8},{"damage":12,"enemies":"Collector","floor":33,"turns":8},{"damage":7,"enemies":"Orb Walker","floor":35,"turns":3},{"damage":12,"enemies":"3 Darklings","floor":37,"turns":6},{"damage":11,"enemies":"Spire Growth","floor":38,"turns":6},{"damage":24,"enemies":"Sphere and 2 Shapes","floor":39,"turns":5},{"damage":49,"enemies":"Giant Head","floor":40,"turns":12},{"damage":19,"enemies":"Reptomancer","floor":42,"turns":9},{"damage":28,"enemies":"Jaw Worm Horde","floor":44,"turns":5},{"damage":21,"enemies":"Maw","floor":45,"turns":8},{"damage":6,"enemies":"Nemesis","floor":47,"turns":7},{"damage":34,"enemies":"Writhing Mass","floor":48,"turns":2},{"damage":53,"enemies":"Awakened One","floor":50,"turns":8}],"seed_played":"80827985679477252","potions_obtained":[{"floor":5,"key":"Fire Potion"},{"floor":6,"key":"SkillPotion"},{"floor":13,"key":"Explosive Potion"},{"floor":18,"key":"BottledMiracle"},{"floor":21,"key":"BottledMiracle"},{"floor":28,"key":"SpeedPotion"},{"floor":30,"key":"Regen Potion"},{"floor":31,"key":"Weak Potion"},{"floor":33,"key":"Energy Potion"},{"floor":38,"key":"StancePotion"},{"floor":39,"key":"FearPotion"},{"floor":40,"key":"Regen Potion"},{"floor":42,"key":"SpeedPotion"},{"floor":44,"key":"Swift Potion"},{"floor":45,"key":"DuplicationPotion"}],"is_trial":true,"path_per_floor":["M","?","M","?","M","E","T","E","T","M","E","?","M","M","R","B",null,"M","?","$","M","M","E","M","R","T","R","E","M","E","M","R","B",null,"M","?","M","M","M","E","?","E","T","M","M","$","E","M","R","B",null],"character_chosen":"WATCHER","items_purchased":["Sling","Rupture","Worship","Sanctity","AttackPotion","Membership Card","Feed","Inflame","Oddly Smooth Stone","Kunai","Ragnarok","Ambrosia","Master of Strategy"],"campfire_rested":5,"item_purchase_floors":[20,20,20,20,20,46,46,46,46,46,46,46,46],"current_hp_per_floor":[72,72,72,72,71,29,29,21,21,21,18,18,28,40,61,41,72,65,65,65,47,39,44,41,62,62,72,64,57,52,42,78,66,78,80,80,77,78,54,57,57,66,66,56,67,67,98,69,103,79],"gold":283,"neow_bonus":"","is_daily":false,"chose_seed":false,"campfire_upgraded":0,"win_rate":0.0,"timestamp":1611578438,"path_taken":["M","?","M","?","?","E","?","E","T","?","E","?","M","M","R","BOSS","M","?","$","M","M","E","M","R","T","R","E","M","E","M","R","BOSS","M","?","M","?","M","E","?","E","T","M","M","$","E","?","R","BOSS"],"items_purchased_type":["Relic","Card","Card","Card","Potion","Relic","Card","Card","Relic","Relic","Card","Potion","Card"],"build_version":"2020-12-22","purchased_purges":2,"victory":true,"max_hp_per_floor":[72,72,72,72,72,72,72,72,72,72,72,72,72,72,72,72,72,72,72,72,72,72,72,72,72,72,72,74,76,78,78,78,78,78,80,80,80,82,82,92,92,92,92,94,96,96,98,103,103,106],"relic_stats":{"Singing Bowl":18,"Gremlin Horn":[3,3],"counters":[31,178],"Bronze Scales":[86],"Yang":[133],"Eternal Feather":39,"Letter Opener":[492],"Kunai":[4],"War Paint":["Defend_P","Vigilance"],"obtain_stats":[{"Lantern":6,"Pear":40,"Singing Bowl":23,"Gremlin Horn":47,"Oddly Smooth Stone":46,"Yang":26,"Eternal Feather":28,"Letter Opener":8,"War Paint":43,"Sling":20,"White Beast Statue":30,"Bottled Flame":9,"Bronze Scales":42,"Fusion Hammer":17,"Bag of Marbles":7,"Membership Card":46,"Kunai":46,"PureWater":0,"Meat on the Bone":11,"Runic Pyramid":34},{"Lantern":4,"Pear":25,"Singing Bowl":14,"Gremlin Horn":29,"Oddly Smooth Stone":28,"Yang":15,"Eternal Feather":16,"Letter Opener":5,"War Paint":26,"Sling":11,"White Beast Statue":18,"Bottled Flame":5,"Bronze Scales":26,"Fusion Hammer":10,"Bag of Marbles":4,"Membership Card":28,"Kunai":28,"PureWater":0,"Meat on the Bone":7,"Runic Pyramid":20},{"Lantern":14,"Pear":139,"Singing Bowl":58,"Gremlin Horn":168,"Oddly Smooth Stone":161,"Yang":67,"Eternal Feather":74,"Letter Opener":20,"War Paint":148,"Sling":44,"White Beast Statue":91,"Bottled Flame":20,"Bronze Scales":148,"Fusion Hammer":41,"Bag of Marbles":14,"Membership Card":161,"Kunai":161,"PureWater":0,"Meat on the Bone":29,"Runic Pyramid":107}],"Meat on the Bone":96},"card_choices":[{"not_picked":["BowlingBash"],"picked":"Combust","floor":1},{"not_picked":["WaveOfTheHand"],"picked":"Pommel Strike","floor":3},{"not_picked":["Twin Strike"],"picked":"Spot Weakness","floor":5},{"not_picked":["ClearTheMind"],"picked":"LikeWater","floor":6},{"not_picked":["Flex"],"picked":"LikeWater","floor":8},{"not_picked":["FlyingSleeves"],"picked":"MentalFortress","floor":10},{"not_picked":["Thunderclap"],"picked":"Wallop","floor":11},{"not_picked":["PathToVictory"],"picked":"FlyingSleeves","floor":13},{"not_picked":["Consecrate"],"picked":"Feel No Pain","floor":14},{"not_picked":["Barricade"],"picked":"Impervious","floor":16},{"not_picked":["Rampage"],"picked":"ClearTheMind+1","floor":18},{"not_picked":["Swivel","SashWhip"],"picked":"SKIP","floor":21},{"not_picked":["Perfected Strike"],"picked":"Halt","floor":22},{"not_picked":["Body Slam"],"picked":"Flame Barrier","floor":23},{"not_picked":["Consecrate"],"picked":"Crescendo","floor":24},{"not_picked":["Crescendo","BattleHymn+1"],"picked":"Singing Bowl","floor":28},{"not_picked":["Wireheading","FlurryOfBlows"],"picked":"Singing Bowl","floor":29},{"not_picked":["Iron Wave+1","Prostrate"],"picked":"Singing Bowl","floor":30},{"not_picked":["True Grit"],"picked":"Offering","floor":31},{"not_picked":["Blasphemy"],"picked":"Reaper","floor":33},{"not_picked":["Twin Strike+1","PathToVictory+1"],"picked":"Singing Bowl","floor":35},{"not_picked":["Weave"],"picked":"Shrug It Off","floor":37},{"not_picked":["Study+1","Halt+1"],"picked":"Singing Bowl","floor":38},{"not_picked":["CrushJoints+1"],"picked":"Entrench+1","floor":39},{"not_picked":["Whirlwind"],"picked":"Pommel Strike+1","floor":40},{"not_picked":["Evaluate"],"picked":"CutThroughFate+1","floor":42},{"not_picked":["BowlingBash+1","Armaments+1"],"picked":"Singing Bowl","floor":44},{"not_picked":["DeceiveReality+1","Fasting2+1"],"picked":"Singing Bowl","floor":45},{"not_picked":["Crescendo","MasterReality"],"picked":"Singing Bowl","floor":47},{"not_picked":["Evaluate+1","Sword Boomerang+1"],"picked":"Singing Bowl","floor":48}],"player_experience":939703,"relics_obtained":[{"floor":6,"key":"Lantern"},{"floor":7,"key":"Bag of Marbles"},{"floor":8,"key":"Letter Opener"},{"floor":9,"key":"Bottled Flame"},{"floor":11,"key":"Meat on the Bone"},{"floor":23,"key":"Singing Bowl"},{"floor":26,"key":"Yang"},{"floor":28,"key":"Eternal Feather"},{"floor":30,"key":"White Beast Statue"},{"floor":40,"key":"Pear"},{"floor":42,"key":"Bronze Scales"},{"floor":43,"key":"War Paint"},{"floor":47,"key":"Gremlin Horn"}],"event_choices":[{"cards_removed":["Strike_P"],"damage_healed":0,"gold_gain":0,"player_choice":"Card Removal","damage_taken":0,"max_hp_gain":0,"max_hp_loss":0,"event_name":"The Cleric","floor":2,"gold_loss":50},{"damage_healed":0,"gold_gain":0,"player_choice":"Upgraded","damage_taken":0,"max_hp_gain":0,"max_hp_loss":0,"event_name":"Upgrade Shrine","floor":4,"gold_loss":0,"cards_upgraded":["HandOfGreed"]},{"damage_healed":0,"gold_gain":0,"player_choice":"Ignored","damage_taken":0,"max_hp_gain":0,"max_hp_loss":0,"event_name":"Shining Light","floor":12,"gold_loss":0},{"damage_healed":0,"gold_gain":0,"player_choice":"Read","damage_taken":0,"max_hp_gain":0,"max_hp_loss":0,"event_name":"The Library","floor":19,"gold_loss":0,"cards_obtained":["Meditate"]},{"cards_removed":["Strike_P"],"damage_healed":0,"gold_gain":0,"player_choice":"Upgrade and Remove","damage_taken":0,"max_hp_gain":0,"max_hp_loss":0,"event_name":"Designer","floor":36,"gold_loss":90,"cards_upgraded":["Reaper"]},{"damage_healed":0,"gold_gain":0,"cards_transformed":["Strike_P"],"player_choice":"Transformed","damage_taken":0,"max_hp_gain":0,"max_hp_loss":0,"event_name":"Transmorgrifier","floor":41,"gold_loss":0,"cards_obtained":["Second Wind"]}],"is_beta":false,"boss_relics":[{"not_picked":["Runic Dome","Cursed Key"],"picked":"Fusion Hammer"},{"not_picked":["Pandora\u0027s Box","Black Star"],"picked":"Runic Pyramid"}],"items_purged_floors":[20,46],"is_endless":false,"potions_floor_spawned":[5,6,13,18,21,22,28,30,31,33,35,37,38,39,40,42,44,45,47,48],"ascension_level":0}}