{"host":"b96hyfeqj1peltkw","time":1611537065,"event":{"mods":["AchievementEnabler","Act Like it!","Arknights The Spire","BaseMod","Block Reminder","Gensokyo","Minty Spire (QoL Compilation)","Practice Mode","StSLib"],"gold_per_floor":[117,47,62,142,160,160,185,15,15,15,40,40,69,169,169,267,267,286,166,26,79,103,115,127,139,177,209,232,194,206,236,248,363,375,403,141,141,141,151,151,170,170,219,219,237,237,237,237],"floor_reached":47,"language":"ENG","playtime":2147,"items_purged":["ats:Strike S","ats:Strike V","ats:Cat Scratch+1"],"score":464,"play_id":"8552d420-4874-4bf8-9837-d37221d35550","local_time":"20210125091105","is_ascension_mode":false,"campfire_choices":[{"data":"ats:Blood Oath","floor":6.0,"key":"SMITH"},{"floor":10.0,"key":"REST"},{"data":"ats:Ignite","floor":12.0,"key":"SMITH"},{"data":"ats:Revitalization","floor":15.0,"key":"SMITH"},{"data":"ats:Burning Ground","floor":23.0,"key":"SMITH"},{"floor":30,"key":"REST"},{"data":"ats:Echo Reverb","floor":32,"key":"SMITH"},{"data":"ats:Fractured Body","floor":40,"key":"SMITH"},{"data":"ats:Volcano","floor":42,"key":"SMITH"}],"circlet_count":0,"master_deck":["ats:Strike C","ats:Defend+1","ats:Defend+1","ats:Defend+1","ats:Emotion Absorption","ats:Guardian Obelisk+1","ats:Shell Defense","ats:Ignite+1","ats:Revitalization+1","ats:Fractured Body+1","ats:Echo Reverb+1","ats:Thorns+1","ats:Burning Ground+1","ats:Shell Defense","ats:Very Hot Blade","ats:Volcano+1","ats:Soul Absorption+1","ats:Sashimi Platter+1"],"relics":["ats:Sanity","ats:Originium","Darkstone Periapt","Blue Candle","Shuriken","War Paint","SlaversCollar","Gensokyo:SpiderMask","MawBank","Centennial Puzzle","Astrolabe","Orrery","Juzu Bracelet"],"acts_visited":["Gensokyo:Gensokyo","Gensokyo:Gensokyoer","Gensokyo:Gensokyoest"],"potions_floor_usage":[33,33,33],"damage_taken":[{"damage":5.0,"enemies":"Gensokyo:3_Fairies","floor":1.0,"turns":5.0},{"damage":6.0,"enemies":"Gensokyo:Gryphon","floor":3.0,"turns":4.0},{"damage":6.0,"enemies":"Gensokyo:Python","floor":5.0,"turns":3.0},{"damage":46.0,"enemies":"Gensokyo:Aya","floor":7.0,"turns":6.0},{"damage":47.0,"enemies":"Gensokyo:Cirno","floor":11.0,"turns":7.0},{"damage":20.0,"enemies":"Gensokyo:Aya","floor":13.0,"turns":7.0},{"damage":149.0,"enemies":"Gensokyo:Kokoro","floor":16.0,"turns":17.0},{"damage":46.0,"enemies":"Gensokyo:CosmicMonolith","floor":18.0,"turns":8.0},{"damage":25.0,"enemies":"Gensokyo:2_Gloops","floor":22.0,"turns":5.0},{"damage":35.0,"enemies":"Gensokyo:Monolith_and_Dog","floor":27.0,"turns":5.0},{"damage":62.0,"enemies":"Gensokyo:Slime_Group","floor":28.0,"turns":6.0},{"damage":38,"enemies":"Gensokyo:Chomper_and_Gloop","floor":31,"turns":6},{"damage":66,"enemies":"Gensokyo:Kaguya","floor":33,"turns":14},{"damage":24,"enemies":"Gensokyo:3_Boulders","floor":35,"turns":5},{"damage":56,"enemies":"Gensokyo:AncientGuardian","floor":39,"turns":9},{"damage":40,"enemies":"Gensokyo:3_Boulders","floor":41,"turns":6},{"damage":34,"enemies":"Gensokyo:Rafflesia","floor":45,"turns":8},{"damage":105,"enemies":"Gensokyo:AtlasGolem","floor":47,"turns":5}],"seed_played":"3435145339442109392","potions_obtained":[{"floor":1.0,"key":"GamblersBrew"},{"floor":7.0,"key":"Energy Potion"},{"floor":11.0,"key":"EssenceOfSteel"},{"floor":18.0,"key":"SneckoOil"},{"floor":28.0,"key":"ColorlessPotion"},{"floor":41,"key":"Dexterity Potion"}],"is_trial":false,"path_per_floor":["M","?","M","?","M","R","E","$","T","R","E","R","E","?","R","B",null,"M","?","$","T","M","R","?","?","T","M","M","?","R","M","R","B",null,"M","$","?","?","M","R","M","R","T","?","M","?","M"],"character_chosen":"DOCTOR_CLASS","items_purchased":["ats:Ignite","ats:Revitalization","ats:Thorns","Orrery"],"campfire_rested":2,"item_purchase_floors":[8,8,20,36],"current_hp_per_floor":[67,67,61,61,55,55,19,19,19,40,25,25,24,24,24,6,72,72,72,72,72,52,52,52,52,52,43,1,8,31,17,17,37,79,55,55,55,55,66,66,46,46,46,46,65,65,0,0],"gold":237,"neow_bonus":"UPGRADE_CARD","is_daily":false,"chose_seed":false,"campfire_upgraded":7,"win_rate":0.0,"timestamp":1611537065,"path_taken":["M","?","M","?","?","R","E","$","T","R","E","R","E","?","R","BOSS","M","?","?","?","?","R","?","?","T","M","M","?","R","M","R","BOSS","M","$","?","?","M","R","M","R","T","?","M","?","M"],"items_purchased_type":["Card","Card","Card","Relic"],"build_version":"2020-12-22","purchased_purges":3,"victory":false,"max_hp_per_floor":[72,72,72,72,72,72,72,72,72,72,72,72,72,72,72,72,72,72,72,72,72,72,72,72,72,72,72,72,79,79,79,79,79,79,79,79,79,79,79,79,79,79,79,79,79,79,79,79],"card_choices":[{"not_picked":["ats:Consecutive Shot Auto","ats:Charging Defense"],"picked":"ats:Guardian Obelisk","floor":1.0},{"not_picked":["ats:Flexible Camouflage","ats:Assault Order"],"picked":"ats:Very Hot Blade","floor":3.0},{"not_picked":["ats:Shell Defense","ats:Powerful Strike"],"picked":"ats:Blood Oath","floor":5.0},{"not_picked":["ats:Absolute Focus","ats:Part Time Job"],"picked":"ats:Shell Defense","floor":7.0},{"not_picked":["ats:Sword Rain","ats:Ignite","ats:Consecutive Shot Auto"],"picked":"SKIP","floor":11.0},{"not_picked":["ats:Cat Scratch","ats:Charging Defense"],"picked":"ats:Fractured Body","floor":13.0},{"not_picked":["ats:Dogmatic Field","ats:True Silver Slash"],"picked":"ats:Echo Reverb","floor":16.0},{"not_picked":["ats:Literary Storm","ats:Flexible Camouflage","ats:Ignite"],"picked":"SKIP","floor":18.0},{"not_picked":["ats:Shadow Raid","ats:Hook Shot"],"picked":"ats:Burning Ground","floor":22.0},{"not_picked":["ats:Charging Defense","ats:Closed Bolt Burst Fire"],"picked":"ats:Shell Defense","floor":27.0},{"not_picked":["ats:Closed Bolt Burst Fire","ats:Leaping Hammer+1","ats:Ignite+1"],"picked":"SKIP","floor":28.0},{"not_picked":["ats:Durian","ats:Consecutive Shot Auto"],"picked":"ats:Very Hot Blade","floor":31},{"not_picked":["ats:Calcification","ats:Roar Of Ursus"],"picked":"ats:Volcano","floor":33},{"not_picked":["ats:Shell Defense+1","ats:Overload","ats:Closed Bolt Burst Fire"],"picked":"SKIP","floor":35},{"not_picked":["ats:Blood Oath+1","ats:Encircling Forest","ats:Sword Rain+1"],"picked":"SKIP","floor":39},{"not_picked":["ats:Red Shift","ats:Serious Mode","ats:Guard Mode"],"picked":"SKIP","floor":41},{"not_picked":["ats:Poison Spread+1","ats:Automatic Cover","ats:Curse Doll"],"picked":"SKIP","floor":45}],"player_experience":1372373,"relics_obtained":[{"floor":7.0,"key":"ats:Originium"},{"floor":7.0,"key":"Darkstone Periapt"},{"floor":9.0,"key":"Blue Candle"},{"floor":11.0,"key":"ats:Originium"},{"floor":11.0,"key":"Shuriken"},{"floor":13.0,"key":"ats:Originium"},{"floor":13.0,"key":"War Paint"},{"floor":21.0,"key":"MawBank"},{"floor":26.0,"key":"Centennial Puzzle"},{"floor":43,"key":"Juzu Bracelet"}],"event_choices":[],"is_beta":false,"boss_relics":[{"not_picked":["Pandora\u0027s Box","Snecko Eye"],"picked":"SlaversCollar"},{"not_picked":["Philosopher\u0027s Stone","Busted Crown"],"picked":"Astrolabe"}],"items_purged_floors":[8,20,36],"is_endless":false,"potions_floor_spawned":[1,7,11,18,28,31,41],"killed_by":"Gensokyo:AtlasGolem","ascension_level":0}}