{"host":"1c17lcvl7acx821p","time":1611572949,"event":{"mods":["AchievementEnabler","BaseMod","Colored Map","Minty Spire (QoL Compilation)","StSLib"],"gold_per_floor":[111,111,126,126,143,143,155,155,155,172,200,200,232,245,245,350,350],"floor_reached":16,"language":"ENG","playtime":381,"items_purged":[],"score":259,"play_id":"6b7a5957-c7f1-489c-ac0d-5537dd38d5bd","local_time":"20210125130909","is_ascension_mode":true,"campfire_choices":[{"data":"Spot Weakness","floor":6,"key":"SMITH"},{"floor":15,"key":"REST"}],"circlet_count":0,"master_deck":["AscendersBane","Strike_R+1","Strike_R","Strike_R","Strike_R","Defend_R","Defend_R+1","Defend_R","Defend_R+1","Bash","Spot Weakness+1","Spot Weakness+1","Heavy Blade","Thunderclap","Sword Boomerang","Cleave","Metallicize"],"relics":["Burning Blood","NeowsBlessing","Centennial Puzzle","War Paint","Dream Catcher","Potion Belt"],"acts_visited":["Exordium"],"potions_floor_usage":[],"damage_taken":[{"damage":0,"enemies":"Jaw Worm","floor":1,"turns":1},{"damage":0,"enemies":"Cultist","floor":3,"turns":1},{"damage":0,"enemies":"Small Slimes","floor":5,"turns":1},{"damage":13,"enemies":"Red Slaver","floor":7,"turns":4},{"damage":13,"enemies":"3 Louse","floor":10,"turns":2},{"damage":39,"enemies":"Gremlin Nob","floor":11,"turns":5},{"damage":12,"enemies":"3 Sentries","floor":13,"turns":4},{"damage":6,"enemies":"Looter","floor":14,"turns":3},{"damage":19,"enemies":"The Guardian","floor":16,"turns":9}],"seed_played":"-7975014533243490670","potions_obtained":[{"floor":3,"key":"Explosive Potion"},{"floor":7,"key":"BlessingOfTheForge"},{"floor":13,"key":"DistilledChaos"},{"floor":14,"key":"Fruit Juice"}],"is_trial":false,"path_per_floor":["M","?","M","T","M","R","M","$","T","M","E","?","E","M","R","B"],"character_chosen":"IRONCLAD","items_purchased":[],"campfire_rested":1,"item_purchase_floors":[],"current_hp_per_floor":[78,62,68,68,74,74,67,67,67,60,27,27,21,21,45,32,32],"gold":350,"neow_bonus":"THREE_ENEMY_KILL","is_daily":false,"chose_seed":false,"campfire_upgraded":1,"win_rate":0.0,"timestamp":1611572949,"path_taken":["M","?","M","?","?","R","M","$","T","M","E","?","E","M","R","BOSS"],"items_purchased_type":[],"build_version":"2020-12-22","purchased_purges":0,"victory":false,"max_hp_per_floor":[80,80,80,80,80,80,80,80,80,80,80,80,80,80,80,80,80],"card_choices":[{"not_picked":["Thunderclap","Flex"],"picked":"Spot Weakness","floor":1},{"not_picked":["Evolve","True Grit"],"picked":"Spot Weakness","floor":3},{"not_picked":["Reckless Charge","Fire Breathing"],"picked":"Heavy Blade","floor":5},{"not_picked":["Clash","Dark Embrace"],"picked":"Thunderclap","floor":7},{"not_picked":["Thunderclap","Warcry","Twin Strike"],"picked":"SKIP","floor":10},{"not_picked":["Reckless Charge","Bloodletting"],"picked":"Sword Boomerang","floor":11},{"not_picked":["Dual Wield","Searing Blow"],"picked":"Cleave","floor":13},{"not_picked":["Anger","Dual Wield"],"picked":"Metallicize","floor":14}],"player_experience":199623,"relics_obtained":[{"floor":4,"key":"Centennial Puzzle"},{"floor":9,"key":"War Paint"},{"floor":11,"key":"Dream Catcher"},{"floor":13,"key":"Potion Belt"}],"event_choices":[{"damage_healed":0,"gold_gain":0,"player_choice":"Entered Light","damage_taken":16,"max_hp_gain":0,"max_hp_loss":0,"event_name":"Shining Light","floor":2,"gold_loss":0,"cards_upgraded":["Defend_R","Strike_R"]},{"cards_removed":["Strike_R"],"damage_healed":0,"gold_gain":0,"player_choice":"Offered Basic","damage_taken":0,"max_hp_gain":0,"max_hp_loss":0,"event_name":"Bonfire Elementals","floor":12,"gold_loss":0}],"is_beta":false,"boss_relics":[],"items_purged_floors":[],"is_endless":false,"potions_floor_spawned":[3,7,11,13,14],"killed_by":"The Guardian","ascension_level":12}}