{"host":"ujw6l3a2nhn97ib9","time":1611534693,"event":{"mods":["BaseMod","Hermit","Koishi","Lobotomy","Minty Spire (QoL Compilation)","Replay The Spire","StSLib","The Bug Knight","The Cursed","The Dragon Tamer","The Hierophant","The Jungle","The Poker Player","The Runesmith"],"gold_per_floor":[110,285,385,396,396,429,354,374,374,384,83,110,110,126,126,225,225,245,245,245],"floor_reached":19,"language":"KOR","playtime":935,"items_purged":["hermit:Defend_Hermit","hermit:Defend_Hermit"],"score":177,"play_id":"1d6584b0-c5c2-42ac-a0e4-86bd610631e5","local_time":"20210125093133","is_ascension_mode":false,"campfire_choices":[{"data":"Metamorphosis","floor":13,"key":"SMITH"},{"floor":15,"key":"REST"}],"circlet_count":0,"master_deck":["hermit:Strike_Hermit","hermit:Strike_Hermit","hermit:Strike_Hermit","hermit:Strike_Hermit","hermit:Defend_Hermit","hermit:Defend_Hermit","hermit:Snapshot","hermit:Covet","hermit:TakeAim","Doubt","hermit:Showdown","hermit:Gestalt","Metamorphosis+1","hermit:Purgatory","hermit:Enervate+1"],"relics":["SacredBark","Strawberry","Snack Pack","Membership Card","Blue Candle","Painkiller Herb"],"acts_visited":["Exordium","TheCity"],"potions_floor_usage":[12],"damage_taken":[{"damage":6,"enemies":"Jaw Worm","floor":1,"turns":4},{"damage":0,"enemies":"2 Louse","floor":4,"turns":3},{"damage":37,"enemies":"3 Sentries","floor":6,"turns":11},{"damage":1,"enemies":"Cultist","floor":8,"turns":3},{"damage":11,"enemies":"3 Louse","floor":10,"turns":4},{"damage":2,"enemies":"Lagavulin","floor":12,"turns":6},{"damage":14,"enemies":"Red Slaver","floor":14,"turns":4},{"damage":22,"enemies":"Fading Forest","floor":16,"turns":11},{"damage":36,"enemies":"2 Thieves","floor":18,"turns":3},{"damage":53,"enemies":"3 Byrds","floor":19,"turns":2}],"seed_played":"-7531892398656824520","potions_obtained":[{"floor":6,"key":"Languid Potion"},{"floor":12,"key":"Block Potion"},{"floor":16,"key":"AttackPotion"},{"floor":18,"key":"Flashbang"}],"is_trial":false,"path_per_floor":["M","?","?","M","?","E","$","M","T","M","$","E","R","M","R","B",null,"?","?"],"character_chosen":"HERMIT","items_purchased":["Membership Card","Metamorphosis"],"campfire_rested":1,"item_purchase_floors":[11,11],"current_hp_per_floor":[69,69,69,69,69,39,39,38,38,33,33,37,37,23,47,59,82,48,0,0],"gold":245,"neow_bonus":"BOSS_RELIC","is_daily":false,"chose_seed":false,"campfire_upgraded":1,"win_rate":0.0,"timestamp":1611534693,"path_taken":["M","?","?","?","?","E","?","M","T","M","$","E","R","M","R","BOSS","?","?"],"items_purchased_type":["Relic","Card"],"build_version":"2020-12-22","purchased_purges":2,"victory":false,"max_hp_per_floor":[75,75,75,75,75,82,82,82,82,82,82,82,82,82,82,82,82,82,82,82],"card_choices":[{"not_picked":["hermit:Misfire","hermit:Glare"],"picked":"hermit:TakeAim","floor":1},{"not_picked":["hermit:BodyArmor","hermit:WideOpen","hermit:Snipe"],"picked":"SKIP","floor":4},{"not_picked":["hermit:Coalescence","hermit:Scavenge"],"picked":"hermit:Showdown","floor":6},{"not_picked":["hermit:Headshot","hermit:GhostlyPresence","hermit:WideOpen"],"picked":"SKIP","floor":8},{"not_picked":["hermit:Ricochet","hermit:Coalescence"],"picked":"hermit:Gestalt","floor":10},{"not_picked":["hermit:Brawl","hermit:Dive","hermit:Manifest"],"picked":"SKIP","floor":12},{"not_picked":["hermit:LoneWolf","hermit:Shortfuse","hermit:NoHoldsBarred"],"picked":"SKIP","floor":14},{"not_picked":["hermit:FinalCanter","hermit:Adapt"],"picked":"hermit:Purgatory","floor":16},{"not_picked":["hermit:BodyArmor","hermit:ItchyTrigger+1"],"picked":"hermit:Enervate+1","floor":18}],"player_experience":489647,"relics_obtained":[{"floor":6,"key":"Strawberry"},{"floor":9,"key":"Snack Pack"},{"floor":12,"key":"Blue Candle"}],"event_choices":[{"damage_healed":0,"gold_gain":175,"player_choice":"AGREE","damage_taken":0,"max_hp_gain":0,"max_hp_loss":0,"event_name":"Liars Game","floor":2,"gold_loss":0,"cards_obtained":["Doubt"]},{"damage_healed":0,"gold_gain":100,"player_choice":"Pray","damage_taken":0,"max_hp_gain":0,"max_hp_loss":0,"event_name":"Golden Shrine","floor":3,"gold_loss":0},{"damage_healed":0,"gold_gain":0,"player_choice":"Ignored","damage_taken":0,"max_hp_gain":0,"max_hp_loss":0,"event_name":"NoteForYourself","floor":5,"gold_loss":0}],"is_beta":false,"boss_relics":[{"not_picked":["ChewingGum","Sozu"],"picked":"Painkiller Herb"}],"items_purged_floors":[7,11],"is_endless":false,"potions_floor_spawned":[6,12,16,18],"killed_by":"3 Byrds","ascension_level":0}}