{"host":"lte3xujvwediduij","time":1611567637,"event":{"mods":["Aspiration","BaseMod","Better-Laid Plans","Minty Spire (QoL Compilation)","Spicy Shops","StSLib","¡¾ÒÅÎï¿¨ÅÆ¡¿REMEMod","óô»ðÖ¸ÄÏ"],"gold_per_floor":[115,190,204,214,229,8,36,46,46,63,77,107,107,123,69,172,172,182,107,107,125,140,140,154,186,211,10,10,10],"floor_reached":28,"language":"ZHS","playtime":2141,"items_purged":["Defend_B"],"score":254,"play_id":"15c51fee-a54b-4053-a8c8-25a48c5fb04b","local_time":"20210125174037","is_ascension_mode":false,"campfire_choices":[{"floor":13.0,"key":"REST"},{"floor":23.0,"key":"RECALL"}],"circlet_count":0,"master_deck":["Strike_B","Strike_B","Strike_B","Strike_B","Defend_B","Defend_B","Defend_B","Zap","Dualcast","Burst","Defragment","Conserve Battery","Chill","Melter","Leap","Coolheaded","Sunder","BootSequence","Capacitor","Thunder Strike","Multi-Cast","Capacitor","Ball Lightning"],"relics":["FrozenCore","REME_ComplimentaryCards","Strawberry","MealTicket","aspiration:Nostalgia","Ring of the Snake","aspiration:MysteriousAuxiliaryCore","aspiration:HiddenCompartment","Juzu Bracelet","aspiration:Lifesprig","PrismaticShard"],"acts_visited":["Exordium","TheCity"],"potions_floor_usage":[25,28],"damage_taken":[{"damage":12.0,"enemies":"2 Louse","floor":1.0,"turns":3.0},{"damage":0.0,"enemies":"Cultist","floor":3.0,"turns":4.0},{"damage":3.0,"enemies":"Jaw Worm","floor":4.0,"turns":4.0},{"damage":4.0,"enemies":"Exordium Wildlife","floor":5.0,"turns":3.0},{"damage":43.0,"enemies":"3 Sentries","floor":7.0,"turns":8.0},{"damage":3.0,"enemies":"2 Fungi Beasts","floor":8.0,"turns":4.0},{"damage":0.0,"enemies":"Lots of Slimes","floor":10.0,"turns":4.0},{"damage":0.0,"enemies":"3 Louse","floor":11.0,"turns":3.0},{"damage":5.0,"enemies":"Lagavulin","floor":12.0,"turns":8.0},{"damage":11.0,"enemies":"Exordium Thugs","floor":14.0,"turns":5.0},{"damage":12.0,"enemies":"Slime Boss","floor":16.0,"turns":13.0},{"damage":15.0,"enemies":"Shell Parasite","floor":18.0,"turns":5.0},{"damage":5.0,"enemies":"Spheric Guardian","floor":21.0,"turns":5.0},{"damage":16.0,"enemies":"Snake Plant","floor":22.0,"turns":5.0},{"damage":3,"enemies":"Shelled Parasite and Fungi","floor":24,"turns":6},{"damage":48,"enemies":"Gremlin Leader","floor":25,"turns":11},{"damage":10,"enemies":"Cultist and Chosen","floor":28,"turns":8}],"seed_played":"3823329449861185959","potions_obtained":[{"floor":3.0,"key":"PowerPotion"},{"floor":5.0,"key":"GamblersBrew"},{"floor":7.0,"key":"FearPotion"},{"floor":11.0,"key":"REME_GoldPotion"},{"floor":16.0,"key":"Ancient Potion"},{"floor":18.0,"key":"AttackPotion"},{"floor":24,"key":"Block Potion"}],"is_trial":false,"path_per_floor":["M","?","M","M","M","R","E","M","T","M","M","E","R","M","R","B",null,"M","$","?","M","M","R","M","E","T","R","M"],"character_chosen":"DEFECT","items_purchased":["MealTicket","aspiration:Nostalgia","Sunder","PrismaticShard","Capacitor","Ball Lightning"],"campfire_rested":1,"item_purchase_floors":[6,6,15,27,27,27],"current_hp_per_floor":[70,62,62,59,55,55,12,9,9,9,9,4,28,17,17,5,82,67,82,82,77,61,61,58,10,10,10,0,0],"gold":10,"neow_bonus":"RANDOM_COMMON_RELIC","is_daily":false,"chose_seed":false,"campfire_upgraded":0,"win_rate":0.0,"timestamp":1611567637,"path_taken":["M","?","?","M","M","R","E","M","T","?","M","E","R","M","R","BOSS","M","?","?","?","M","R","M","E","T","R","M"],"items_purchased_type":["Relic","Relic","Card","Relic","Card","Card"],"build_version":"2020-12-22","purchased_purges":1,"victory":false,"max_hp_per_floor":[82,82,82,82,82,82,82,82,82,82,82,82,82,82,82,82,82,82,82,82,82,82,82,82,82,82,82,82,82],"card_choices":[{"not_picked":["Blizzard","Doom and Gloom"],"picked":"Defragment","floor":1.0},{"not_picked":["Genetic Algorithm","Turbo"],"picked":"Conserve Battery","floor":3.0},{"not_picked":["Hologram","REME_DataAnalysis","Sweeping Beam"],"picked":"SKIP","floor":4.0},{"not_picked":["REME_DataAnalysis","Leap","Beam Cell"],"picked":"SKIP","floor":5.0},{"not_picked":["Barrage","REME_Compress"],"picked":"Chill","floor":7.0},{"not_picked":["Machine Learning","Barrage","Rebound"],"picked":"SKIP","floor":8.0},{"not_picked":["Redo","Ball Lightning","Barrage"],"picked":"SKIP","floor":10.0},{"not_picked":["Leap","Hologram"],"picked":"Melter","floor":11.0},{"not_picked":["Steam","Skim"],"picked":"Leap","floor":12.0},{"not_picked":["Gash","Steam"],"picked":"Coolheaded","floor":14.0},{"not_picked":["aspiration:Polymerization+1","Go for the Eyes+1","Force Field"],"picked":"SKIP","floor":18.0},{"not_picked":["Sunder","Coolheaded","Auto Shields"],"picked":"SKIP","floor":21.0},{"not_picked":["Barrage","Force Field+1"],"picked":"Capacitor","floor":22.0},{"not_picked":["Undo","Hologram"],"picked":"Thunder Strike","floor":24},{"not_picked":["Beam Cell","Coolheaded"],"picked":"Multi-Cast","floor":25}],"player_experience":30309,"relics_obtained":[{"floor":7.0,"key":"aspiration:MysteriousAuxiliaryCore"},{"floor":12.0,"key":"aspiration:HiddenCompartment"},{"floor":25,"key":"Juzu Bracelet"},{"floor":26,"key":"aspiration:Lifesprig"}],"event_choices":[{"damage_healed":0.0,"max_hp_gain":0.0,"max_hp_loss":0.0,"gold_gain":75.0,"event_name":"FaceTrader","player_choice":"Touch","floor":2.0,"gold_loss":0.0,"damage_taken":8.0},{"damage_healed":0.0,"max_hp_gain":0.0,"max_hp_loss":0.0,"gold_gain":0.0,"event_name":"The Library","player_choice":"Read","floor":20.0,"gold_loss":0.0,"damage_taken":0.0,"cards_obtained":["BootSequence"]}],"is_beta":false,"boss_relics":[{"not_picked":["aspiration:RandomNobGenerator","Cursed Key"],"picked":"FrozenCore"}],"items_purged_floors":[19],"is_endless":false,"potions_floor_spawned":[3,5,7,11,16,18,24],"killed_by":"Cultist and Chosen","ascension_level":0}}