{"host":"ibckqdmmf9y74ymf","time":1611591084,"event":{"mods":["2.2 Compatiblity","Ascension Unlocker","BaseMod","Colored Map","Curses Come First","Highlight Path","Minty Spire (QoL Compilation)","Quick Restart","Rare Cards Sparkle","Relic Stats","StSLib"],"gold_per_floor":[118,131,151,163,163,163,163],"floor_reached":6,"language":"ENG","playtime":172,"items_purged":[],"score":76,"play_id":"05f90219-62b6-4885-ade2-a77bd8f0a404","local_time":"20210125171124","is_ascension_mode":true,"campfire_choices":[],"circlet_count":0,"master_deck":["AscendersBane","Strike_P","Strike_P","Strike_P","Strike_P+1","Defend_P","Defend_P","Defend_P+1","Defend_P","Eruption","Vigilance","TalkToTheHand","FlurryOfBlows","CarveReality","BowlingBash"],"relics":["Runic Pyramid"],"acts_visited":["Exordium"],"potions_floor_usage":[],"damage_taken":[{"damage":12.0,"enemies":"Small Slimes","floor":1.0,"turns":3.0},{"damage":1.0,"enemies":"2 Louse","floor":2.0,"turns":3.0},{"damage":0.0,"enemies":"Cultist","floor":3.0,"turns":3.0},{"damage":9.0,"enemies":"3 Louse","floor":4.0,"turns":3.0},{"damage":0,"enemies":"3 Sentries","floor":6,"turns":1}],"seed_played":"1779613587693754014","potions_obtained":[{"floor":2.0,"key":"AttackPotion"}],"is_trial":false,"path_per_floor":["M","M","M","M","?","E"],"character_chosen":"WATCHER","items_purchased":[],"campfire_rested":0,"item_purchase_floors":[],"current_hp_per_floor":[49,48,48,39,19,19,19],"gold":163,"neow_bonus":"BOSS_RELIC","is_daily":false,"chose_seed":false,"campfire_upgraded":0,"win_rate":0.0,"timestamp":1611591084,"path_taken":["M","M","M","M","?","E"],"items_purchased_type":[],"build_version":"2020-12-22","purchased_purges":0,"victory":false,"max_hp_per_floor":[68,68,68,68,68,68,68],"relic_stats":{"counters":[5,13],"obtain_stats":[{"PureWater":0,"Runic Pyramid":0},{"PureWater":0,"Runic Pyramid":0},{"PureWater":0,"Runic Pyramid":0}]},"card_choices":[{"not_picked":["Prostrate","Collect"],"picked":"TalkToTheHand","floor":1.0},{"not_picked":["BowlingBash","CutThroughFate"],"picked":"FlurryOfBlows","floor":2.0},{"not_picked":["Crescendo","Halt"],"picked":"CarveReality","floor":3.0},{"not_picked":["Consecrate","ClearTheMind"],"picked":"BowlingBash","floor":4.0}],"player_experience":665815,"relics_obtained":[],"event_choices":[{"damage_healed":0.0,"max_hp_gain":0.0,"max_hp_loss":0.0,"gold_gain":0.0,"event_name":"Shining Light","player_choice":"Entered Light","floor":5.0,"gold_loss":0.0,"damage_taken":20.0,"cards_upgraded":["Strike_P","Defend_P"]}],"is_beta":false,"boss_relics":[],"items_purged_floors":[],"is_endless":false,"potions_floor_spawned":[2],"killed_by":"3 Sentries","ascension_level":20}}