{"host":"b96hyfeqj1peltkw","time":1611534843,"event":{"mods":["AchievementEnabler","Act Like it!","Arknights The Spire","BaseMod","Block Reminder","Gensokyo","Minty Spire (QoL Compilation)","Practice Mode","StSLib"],"gold_per_floor":[114,114,134,154,170,170,188,188,188,188,213,228,247,137,137,137,137],"floor_reached":16,"language":"ENG","playtime":888,"items_purged":["ats:Strike V"],"score":104,"play_id":"8c97cdbe-3916-443c-b7f5-9f0644e7d632","local_time":"20210125083403","is_ascension_mode":false,"campfire_choices":[{"data":"ats:Sunburst","floor":6,"key":"SMITH"},{"floor":8,"key":"REST"},{"data":"ats:Emotion Absorption","floor":15,"key":"SMITH"}],"circlet_count":0,"master_deck":["ats:Strike C","ats:Strike G","ats:Strike S","ats:Armor Crushing Shot","ats:Defend","ats:Defend","ats:Defend","ats:Defend","ats:Emotion Absorption+1","Panacea","ats:Guard Mode","ats:Sunburst+1","ats:Automatic Cover","ats:Very Hot Blade","ats:Curse Doll","ats:Apocalypse","ats:Leaping Hammer","ats:Chain Hook"],"relics":["ats:Sanity","Bottled Flame","ats:Originium","Pantograph"],"acts_visited":["Gensokyo:Gensokyo"],"potions_floor_usage":[16],"damage_taken":[{"damage":15,"enemies":"Gensokyo:Gryphon","floor":1,"turns":5},{"damage":4,"enemies":"Gensokyo:3_Fairies","floor":3,"turns":6},{"damage":4,"enemies":"Gensokyo:2_Kodama","floor":4,"turns":4},{"damage":19,"enemies":"Gensokyo:Kitsune","floor":5,"turns":5},{"damage":9,"enemies":"Gensokyo:Gryphon_and_Rabbit","floor":7,"turns":5},{"damage":23,"enemies":"Gensokyo:Cirno","floor":11,"turns":9},{"damage":1,"enemies":"Gensokyo:Python_and_Kodama","floor":12,"turns":5},{"damage":4,"enemies":"Gensokyo:3_Kodama","floor":13,"turns":4},{"damage":59,"enemies":"Gensokyo:Reimu","floor":16,"turns":11}],"seed_played":"3704824725823536495","potions_obtained":[{"floor":4,"key":"ats:Top Emergency Sanity Potion"},{"floor":13,"key":"Fire Potion"}],"is_trial":false,"path_per_floor":["M","?","M","M","M","R","M","R","T","?","E","M","M","$","R","B"],"character_chosen":"DOCTOR_CLASS","items_purchased":["ats:Chain Hook"],"campfire_rested":1,"item_purchase_floors":[14],"current_hp_per_floor":[57,57,53,49,30,30,21,42,42,42,19,18,19,19,19,0,0],"gold":137,"neow_bonus":"RANDOM_COLORLESS","is_daily":false,"chose_seed":false,"campfire_upgraded":2,"win_rate":0.0,"timestamp":1611534843,"path_taken":["M","?","M","M","?","R","M","R","T","?","E","M","?","$","R","BOSS"],"items_purchased_type":["Card"],"build_version":"2020-12-22","purchased_purges":1,"victory":false,"max_hp_per_floor":[72,72,72,72,72,72,72,72,72,72,72,72,72,72,72,72,72],"card_choices":[{"not_picked":["Dark Shackles","Madness"],"picked":"Panacea","floor":0},{"not_picked":["ats:Powerful Strike","ats:Very Hot Blade"],"picked":"ats:Guard Mode","floor":1},{"not_picked":["ats:Poison Spread","ats:Leaping Hammer"],"picked":"ats:Sunburst","floor":3},{"not_picked":["ats:Apocalypse","ats:Absolute Focus"],"picked":"ats:Automatic Cover","floor":4},{"not_picked":["ats:Poison Spread","ats:Consecutive Shot Auto"],"picked":"ats:Very Hot Blade","floor":5},{"not_picked":["ats:Sunburst","ats:Cat Scratch","ats:Absolute Focus"],"picked":"SKIP","floor":7},{"not_picked":["ats:Disruption Kick","ats:Phantom"],"picked":"ats:Curse Doll","floor":11},{"not_picked":["ats:Guard Mode","ats:Composite Medical Shells"],"picked":"ats:Apocalypse","floor":12},{"not_picked":["ats:Powerful Strike","ats:Assault Order"],"picked":"ats:Leaping Hammer","floor":13}],"player_experience":1371485,"relics_obtained":[{"floor":9,"key":"Bottled Flame"},{"floor":11,"key":"ats:Originium"},{"floor":11,"key":"Pantograph"}],"event_choices":[],"is_beta":false,"boss_relics":[],"items_purged_floors":[14],"is_endless":false,"potions_floor_spawned":[4,13],"killed_by":"Gensokyo:Reimu","ascension_level":0}}