{"host":"xmr2g8b7eju0288o","time":1611559879,"event":{"mods":["AchievementEnabler","BaseMod","Colored Map","Colored Powertips","Minty Spire (QoL Compilation)","Quick Restart","StSLib","SuperFastMode"],"gold_per_floor":[167,184,184,184,199,199,219,250,250,250,281,281,281,310,310,406,406,421,432,207,207,306,331,358,358,438,438,438,8,82,92,92,92,92],"floor_reached":33,"language":"KOR","playtime":746,"items_purged":["Defend_G","Defend_G"],"score":411,"play_id":"62891f28-19a2-4815-a1b2-ad88ca18eed4","local_time":"20210125163119","is_ascension_mode":true,"campfire_choices":[{"data":"Blade Dance","floor":6.0,"key":"SMITH"},{"data":"Survivor","floor":10,"key":"SMITH"},{"floor":15,"key":"REST"},{"floor":25,"key":"REST"},{"data":"Envenom","floor":27,"key":"SMITH"},{"data":"1","floor":32,"key":"LIFT"}],"circlet_count":0,"master_deck":["Strike_G","Strike_G","Strike_G","Strike_G","Defend_G","Defend_G+1","Defend_G","Survivor+1","Neutralize+1","Dagger Throw","Blade Dance+1","Dagger Throw","Flechettes+1","PiercingWail+1","Envenom+1","Blade Dance+1","Blade Dance+1","Dodge and Roll+1","Cloak And Dagger+1"],"relics":["Tiny House","Lantern","Toxic Egg 2","Blue Candle","Kunai","Shuriken","SacredBark","Tiny Chest","Juzu Bracelet","Vajra","Ninja Scroll","Bird Faced Urn","Membership Card","Orichalcum","Girya","White Beast Statue"],"acts_visited":["Exordium","TheCity"],"potions_floor_usage":[8,14,16,16,33],"damage_taken":[{"damage":1.0,"enemies":"Cultist","floor":1.0,"turns":3.0},{"damage":0.0,"enemies":"Small Slimes","floor":2.0,"turns":2.0},{"damage":4.0,"enemies":"Jaw Worm","floor":5.0,"turns":3.0},{"damage":14,"enemies":"Looter","floor":7,"turns":3},{"damage":4,"enemies":"Lagavulin","floor":8,"turns":5},{"damage":23,"enemies":"3 Sentries","floor":11,"turns":8},{"damage":17,"enemies":"Gremlin Nob","floor":14,"turns":4},{"damage":0,"enemies":"Hexaghost","floor":16,"turns":8},{"damage":0,"enemies":"3 Byrds","floor":18,"turns":5},{"damage":14,"enemies":"Shell Parasite","floor":19,"turns":4},{"damage":35,"enemies":"Book of Stabbing","floor":23,"turns":4},{"damage":0,"enemies":"3 Cultists","floor":31,"turns":4},{"damage":41,"enemies":"Automaton","floor":33,"turns":4}],"seed_played":"673847438756424136","potions_obtained":[{"floor":0.0,"key":"CultistPotion"},{"floor":1.0,"key":"Weak Potion"},{"floor":5.0,"key":"EssenceOfSteel"},{"floor":11,"key":"DuplicationPotion"},{"floor":18,"key":"Dexterity Potion"},{"floor":19,"key":"Explosive Potion"},{"floor":31,"key":"SmokeBomb"}],"is_trial":false,"path_per_floor":["M","M","?","?","M","R","M","E","T","R","E","T","?","E","R","B",null,"M","M","$","?","?","E","T","R","T","R","T","$","T","M","R","B"],"character_chosen":"THE_SILENT","items_purchased":["Tiny Chest","Membership Card","Orichalcum","Girya"],"campfire_rested":2,"item_purchase_floors":[20,29,29,29],"current_hp_per_floor":[74,74,67,67,63,63,49,45,45,45,22,22,22,5,27,27,63,63,49,49,49,49,14,14,36,36,36,36,36,36,38,38,0,0],"gold":92,"neow_bonus":"BOSS_RELIC","is_daily":false,"chose_seed":false,"campfire_upgraded":3,"win_rate":0.0,"timestamp":1611559879,"path_taken":["M","M","?","?","?","R","M","E","T","R","E","?","?","E","R","BOSS","M","M","$","?","?","E","?","R","T","R","?","?","?","M","R","BOSS"],"items_purchased_type":["Relic","Relic","Relic","Relic"],"build_version":"2020-12-22","purchased_purges":2,"victory":false,"max_hp_per_floor":[75,75,75,75,75,75,75,75,75,75,75,75,75,75,75,75,75,75,75,75,75,75,75,75,75,75,75,75,75,75,75,75,75,75],"card_choices":[{"not_picked":["Noxious Fumes","Riddle With Holes"],"picked":"Dagger Throw","floor":0.0},{"not_picked":["Slice","Concentrate"],"picked":"Blade Dance","floor":1.0},{"not_picked":["Endless Agony","Bane","Underhanded Strike"],"picked":"SKIP","floor":2.0},{"not_picked":["Eviscerate","Bane","Dodge and Roll"],"picked":"SKIP","floor":5.0},{"not_picked":["Backflip","Tools of the Trade"],"picked":"Dagger Throw","floor":7},{"not_picked":["Skewer","Escape Plan","Bane"],"picked":"SKIP","floor":8},{"not_picked":["Flying Knee","Blur+1"],"picked":"Flechettes","floor":11},{"not_picked":["Outmaneuver+1","Concentrate+1"],"picked":"PiercingWail+1","floor":14},{"not_picked":["A Thousand Cuts","Bullet Time+1"],"picked":"Envenom","floor":16},{"not_picked":["Predator+1","Skewer"],"picked":"Blade Dance+1","floor":18},{"not_picked":["Sucker Punch","Slice","Concentrate+1"],"picked":"SKIP","floor":19},{"not_picked":["Backstab","Leg Sweep+1"],"picked":"Dodge and Roll+1","floor":23},{"not_picked":["Backflip+1","Slice"],"picked":"Cloak And Dagger+1","floor":31}],"player_experience":192257,"relics_obtained":[{"floor":8,"key":"Lantern"},{"floor":9,"key":"Toxic Egg 2"},{"floor":11,"key":"Blue Candle"},{"floor":12,"key":"Kunai"},{"floor":14,"key":"Shuriken"},{"floor":23,"key":"Juzu Bracelet"},{"floor":24,"key":"Vajra"},{"floor":26,"key":"Ninja Scroll"},{"floor":28,"key":"Bird Faced Urn"},{"floor":30,"key":"White Beast Statue"}],"event_choices":[{"cards_removed":["Strike_G"],"damage_healed":0.0,"max_hp_gain":0.0,"max_hp_loss":0.0,"gold_gain":0.0,"event_name":"Golden Wing","player_choice":"Card Removal","floor":3.0,"gold_loss":0.0,"damage_taken":7.0},{"damage_healed":0.0,"max_hp_gain":0.0,"max_hp_loss":0.0,"gold_gain":0.0,"event_name":"Upgrade Shrine","player_choice":"Upgraded","floor":4.0,"gold_loss":0.0,"damage_taken":0.0,"cards_upgraded":["Neutralize"]},{"damage_healed":0,"gold_gain":0,"player_choice":"Grow","damage_taken":0,"max_hp_gain":0,"max_hp_loss":0,"event_name":"Living Wall","floor":13,"gold_loss":0,"cards_upgraded":["Flechettes"]},{"damage_healed":0,"gold_gain":0,"player_choice":"Read","damage_taken":0,"max_hp_gain":0,"max_hp_loss":0,"event_name":"The Library","floor":21,"gold_loss":0,"cards_obtained":["Blade Dance"]},{"damage_healed":0,"gold_gain":99,"player_choice":"Stole From Cult","damage_taken":0,"max_hp_gain":0,"max_hp_loss":0,"event_name":"Nest","floor":22,"gold_loss":0}],"is_beta":false,"boss_relics":[{"not_picked":["Coffee Dripper","Snecko Eye"],"picked":"SacredBark"}],"items_purged_floors":[20,29],"is_endless":false,"potions_floor_spawned":[1,5,7,11,18,19,31],"killed_by":"Automaton","ascension_level":5}}