{"host":"pesfwaef25r60kxm","time":1611601744,"event":{"mods":["Ascension Reborn","BaseMod","Challenge The Spire","Colored Powertips","Hunter 猎人","KomeijiMod","Minty Spire (QoL Compilation)","Prisma Mod","Quick Restart","Replay The Spire","RumiaBox-露米娅的神秘盒子","Shop Mod","StSLib","Td1madao Mod","The Bladedancer","The Construct","The Cursed","The Hierophant","The IronCluck","The Poker Player","[IsaacMod]以撒尖塔"],"gold_per_floor":[123,123,29,29,48,82,82,105,105,129,129,189,213,227,227,352,352,377,332,0,18,60,97,109,109,137,137,154,274,274,274,274,395,395,408,408,272,392,410,410,430,430,430,448,485,502,502,525,525,525,525,525,36,68,68,68],"floor_reached":55,"language":"ZHS","playtime":2712,"items_purged":["Injury"],"score":125,"play_id":"4bce12aa-51cb-4a0d-9a69-311c221cb252","local_time":"20210126030904","is_ascension_mode":true,"campfire_choices":[{"data":"TheCursedMod:SpreadPlague","floor":7,"key":"SMITH"},{"floor":15,"key":"REST"},{"data":"TheCursedMod:AntiAging","floor":27,"key":"SMITH"},{"data":"TheCursedMod:CircleOfAbyss","floor":30,"key":"SMITH"},{"data":"TheCursedMod:FleshFromBone","floor":32,"key":"SMITH"},{"data":"EpicFetus","floor":40,"key":"SMITH"},{"data":"TheCursedMod:CircleOfFlame","floor":42,"key":"SMITH"},{"floor":47,"key":"RECALL"},{"data":"TheCursedMod:DemonicPact","floor":49,"key":"SMITH"},{"data":"TheCursedMod:Hemoplague","floor":52,"key":"SMITH"}],"circlet_count":0,"master_deck":["TheCursedMod:Strike_TheCursed+1","TheCursedMod:Strike_TheCursed+1","TheCursedMod:Strike_TheCursed+1","TheCursedMod:Defend_TheCursed+1","TheCursedMod:Defend_TheCursed+1","TheCursedMod:Defend_TheCursed+1","TheCursedMod:CursedWand+1","TheCursedMod:CleanUpWorkshop+1","TheCursedMod:SpreadPlague+1","TheCursedMod:FleshFromBone+1","TheCursedMod:EmpowerCircles+1","TheCursedMod:AntiAging+1","TheCursedMod:CursedSpellbook+1","TheCursedMod:StunningStrike","TheCursedMod:CircleOfFocus+1","TheCursedMod:CircleOfAbyss+1","TheCursedMod:Hemoplague","TheCursedMod:Hemoplague+1","TheCursedMod:CircleOfFlame+1","TheCursedMod:Hemoplague+1","TheCursedMod:HellsGateOpen+1","CommonCold","EpicFetus+1","TheCursedMod:DemonicPact+1","TheCursedMod:FleshFromBone+1","TheCursedMod:Hemoplague","TheCursedMod:SurpriseAttack"],"relics":["TheCursedMod:BlackMagic101","HushsDoor","PillsDrop","AddBug","SecretRecord","SecretRecord","SecretRecord","SecretRecord","SecretRecord","SecretRecord"],"acts_visited":["Exordium","TheCity","TheBeyond","TheEnding"],"potions_floor_usage":[5,6,13,16,33,50,50,55],"damage_taken":[{"damage":0,"enemies":"Jaw Worm","floor":1,"turns":3},{"damage":0,"enemies":"2 Louse","floor":5,"turns":2},{"damage":3,"enemies":"3 Sentries","floor":6,"turns":9},{"damage":0,"enemies":"Small Slimes","floor":8,"turns":3},{"damage":10,"enemies":"Gremlin Gang","floor":10,"turns":5},{"damage":5,"enemies":"Hiden Room Battle","floor":12,"turns":4},{"damage":0,"enemies":"Large Slime","floor":13,"turns":4},{"damage":11,"enemies":"3 Louse","floor":14,"turns":2},{"damage":0,"enemies":"Hexaghost","floor":16,"turns":6},{"damage":0,"enemies":"2 Thieves","floor":18,"turns":3},{"damage":18,"enemies":"3 Byrds","floor":21,"turns":2},{"damage":4,"enemies":"Masked Bandits","floor":22,"turns":2},{"damage":6,"enemies":"Gremlin Leader","floor":23,"turns":4},{"damage":0,"enemies":"Centurion and Healer","floor":24,"turns":3},{"damage":0,"enemies":"3 Cultists","floor":28,"turns":3},{"damage":0,"enemies":"Colosseum Slavers","floor":29,"turns":2},{"damage":0,"enemies":"Colosseum Nobs","floor":29,"turns":3},{"damage":0,"enemies":"Champ","floor":33,"turns":6},{"damage":0,"enemies":"3 Shapes","floor":35,"turns":3},{"damage":8,"enemies":"Orb Walker","floor":39,"turns":3},{"damage":5,"enemies":"Writhing Mass","floor":41,"turns":4},{"damage":25,"enemies":"Transient","floor":44,"turns":5},{"damage":0,"enemies":"Reptomancer","floor":45,"turns":3},{"damage":26,"enemies":"4 Shapes","floor":46,"turns":3},{"damage":0,"enemies":"Sphere and 2 Shapes","floor":48,"turns":3},{"damage":24,"enemies":"Donu and Deca","floor":50,"turns":6},{"damage":0,"enemies":"Shield and Spear","floor":54,"turns":3},{"damage":229,"enemies":"LittleHush","floor":55,"turns":17}],"seed_played":"5590768331553583323","potions_obtained":[{"floor":1,"key":"TheCursedMod:DregsPotion"},{"floor":5,"key":"Fruit Juice"},{"floor":5,"key":"Dexterity Potion"},{"floor":6,"key":"ColorlessPotion"},{"floor":6,"key":"Explosive Potion"},{"floor":12,"key":"LifebloodPotion"},{"floor":13,"key":"TheCursedMod:DregsPotion"},{"floor":16,"key":"Weak Potion"},{"floor":18,"key":"PowerPotion"},{"floor":29,"key":"PowerPotion"},{"floor":33,"key":"LifebloodPotion"},{"floor":46,"key":"SkillPotion"},{"floor":54,"key":"CultistPotion"}],"is_trial":false,"path_per_floor":["M","?","$","?","M","E","R","M","T","M","?","?","M","M","R","B",null,"M","$","?","M","?","E","M","$","T","R","M","?","R","T","R","B",null,"M","?","$","?","M","R","M","R","T","M","E","M","R","M","R","B",null,"R","$","E","B"],"character_chosen":"THE_CURSED","items_purchased":["TheCursedMod:FleshFromBone","TheCursedMod:Hemoplague","EpicFetus","TheCursedMod:Hemoplague","TheCursedMod:SurpriseAttack","GuppysHead","Replay:WaspNest"],"campfire_rested":1,"item_purchase_floors":[3,19,37,53,53,53,53],"current_hp_per_floor":[79,79,79,79,84,81,81,81,81,75,68,54,64,53,94,107,107,112,112,122,104,100,101,109,109,109,109,119,129,129,129,129,145,153,153,153,153,153,155,155,160,160,160,146,161,135,135,148,148,143,208,208,208,217,0,0],"gold":68,"neow_bonus":"REMOVE_CARD","is_daily":false,"chose_seed":false,"campfire_upgraded":8,"win_rate":0.0,"timestamp":1611601744,"path_taken":["M","?","$","?","M","E","R","?","T","?","?","?","?","M","R","BOSS","M","?","?","?","?","E","M","?","T","R","M","?","R","?","R","BOSS","M","?","$","?","M","R","?","R","T","M","E","M","R","M","R","BOSS","R","$","E","BOSS"],"items_purchased_type":["Card","Card","Card","Card","Card","Relic","Relic"],"build_version":"2020-12-22","purchased_purges":1,"victory":false,"max_hp_per_floor":[79,79,79,79,84,84,84,84,84,87,87,91,98,98,98,107,107,112,112,122,122,122,127,133,133,133,133,140,142,142,142,142,153,153,153,153,153,153,160,160,167,167,167,175,186,186,186,195,195,208,208,208,208,217,226,226],"card_choices":[{"not_picked":["TheCursedMod:BloodBarrier","TheCursedMod:RapidMovement"],"picked":"TheCursedMod:SpreadPlague","floor":1},{"not_picked":["TheCursedMod:CursedMace","TheCursedMod:SoulCrush"],"picked":"TheCursedMod:EmpowerCircles+1","floor":5},{"not_picked":["TheCursedMod:SmokeScreen","TheCursedMod:Wield"],"picked":"TheCursedMod:AntiAging","floor":6},{"not_picked":["TheCursedMod:WearCloak+1","TheCursedMod:HellfireBreathing+1","TheCursedMod:RapidMovement+1"],"picked":"SKIP","floor":6},{"not_picked":["TheCursedMod:TacticalStrike","TheCursedMod:HellfireBreathing","TheCursedMod:Stretching"],"picked":"SKIP","floor":8},{"not_picked":["TheCursedMod:CursedMace","TheCursedMod:Obscuration"],"picked":"TheCursedMod:CursedSpellbook+1","floor":10},{"not_picked":["TheCursedMod:CursedSpellbook","TheCursedMod:BloodBarrier"],"picked":"TheCursedMod:StunningStrike","floor":13},{"not_picked":["TheCursedMod:HellsGateOpen","TheCursedMod:TroublousMinions+1"],"picked":"TheCursedMod:CircleOfFocus+1","floor":14},{"not_picked":["TheCursedMod:StunningStrike","TheCursedMod:Neurasthenia"],"picked":"TheCursedMod:CircleOfAbyss","floor":16},{"not_picked":["TheCursedMod:TroublousMinions+1","TheCursedMod:Wield","TheCursedMod:Obscuration+1"],"picked":"SKIP","floor":18},{"not_picked":["TheCursedMod:CursedBlade+1","TheCursedMod:SmokeScreen"],"picked":"TheCursedMod:CircleOfFlame","floor":21},{"not_picked":["TheCursedMod:VitalStrike+1","TheCursedMod:AbyssShockwave+1","TheCursedMod:BlessingInDisguise+1"],"picked":"SKIP","floor":23},{"not_picked":["TheCursedMod:RapidMovement+1","TheCursedMod:SmokeScreen+1","TheCursedMod:DoubleShield+1"],"picked":"SKIP","floor":24},{"not_picked":["TheCursedMod:CursedBlade","TheCursedMod:SpitefulPlan+1","TheCursedMod:BloodBarrier+1"],"picked":"SKIP","floor":28},{"not_picked":["TheCursedMod:TacticalStrike","TheCursedMod:CursedSpellbook"],"picked":"TheCursedMod:Hemoplague+1","floor":29},{"not_picked":["TheCursedMod:TacticalStrike+1","TheCursedMod:CursedBlade"],"picked":"TheCursedMod:HellsGateOpen+1","floor":35},{"not_picked":["TheCursedMod:Wield+1","TheCursedMod:AbyssShockwave+1"],"picked":"TheCursedMod:DemonicPact","floor":38},{"not_picked":["TheCursedMod:Torture+1","TheCursedMod:VitalStrike+1","TheCursedMod:SurpriseAttack+1"],"picked":"SKIP","floor":39},{"not_picked":["TheCursedMod:CursedShiv+1","TheCursedMod:StingEye","TheCursedMod:SurpriseAttack+1"],"picked":"SKIP","floor":41},{"not_picked":["TheCursedMod:CircleOfFlame+1","TheCursedMod:AbyssShockwave+1","TheCursedMod:SmokeScreen+1"],"picked":"SKIP","floor":44},{"not_picked":["TheCursedMod:SoulReap+1","TheCursedMod:AshesToAshes","TheCursedMod:CursedStaff+1"],"picked":"SKIP","floor":45},{"not_picked":["TheCursedMod:DarkBarrier","TheCursedMod:CursedMace+1","TheCursedMod:DoubleShield"],"picked":"SKIP","floor":46},{"not_picked":["TheCursedMod:Wield+1","TheCursedMod:CircleOfBlood"],"picked":"TheCursedMod:FleshFromBone+1","floor":48},{"not_picked":["TheCursedMod:DoubleShield","TheCursedMod:SmokeScreen","TheCursedMod:Stigma"],"picked":"SKIP","floor":54}],"player_experience":159757,"relics_obtained":[{"floor":1,"key":"AddBug"},{"floor":6,"key":"Dead Branch"},{"floor":9,"key":"SalivaCoin"},{"floor":9,"key":"LastBattle"},{"floor":10,"key":"SecretRecord"},{"floor":12,"key":"Replay:Accelerometer"},{"floor":12,"key":"Replay:Mystery Machine"},{"floor":13,"key":"MealTicket"},{"floor":14,"key":"SecretRecord"},{"floor":16,"key":"KyoryuNoHagoromo"},{"floor":18,"key":"Kunai"},{"floor":22,"key":"Red Mask"},{"floor":23,"key":"SecretRecord"},{"floor":23,"key":"Juzu Bracelet"},{"floor":24,"key":"MawBank"},{"floor":26,"key":"DeathBook"},{"floor":29,"key":"Turnip"},{"floor":29,"key":"GodSword7"},{"floor":31,"key":"Dream Catcher"},{"floor":31,"key":"HoshigumaDish"},{"floor":33,"key":"Girya"},{"floor":36,"key":"Ring of Greed"},{"floor":36,"key":"Ring of Peace"},{"floor":41,"key":"SecretRecord"},{"floor":43,"key":"Blood Vial"},{"floor":43,"key":"Replay:Baseball"},{"floor":44,"key":"BelialBook"},{"floor":45,"key":"GodSword1"},{"floor":46,"key":"SecretRecord"},{"floor":46,"key":"BlankCard"},{"floor":54,"key":"HowToJump"}],"event_choices":[{"damage_healed":0,"gold_gain":0,"player_choice":"Take Wound","damage_taken":0,"relics_obtained":["Golden Idol"],"max_hp_gain":0,"max_hp_loss":0,"event_name":"Golden Idol","floor":2,"gold_loss":0,"cards_obtained":["Injury"]},{"cards_removed":["TheCursedMod:Defend_TheCursed"],"damage_healed":0,"gold_gain":0,"player_choice":"Card Removal","damage_taken":7,"max_hp_gain":0,"max_hp_loss":0,"event_name":"Golden Wing","floor":11,"gold_loss":0},{"damage_healed":0,"gold_gain":0,"player_choice":"Fight","damage_taken":0,"max_hp_gain":0,"max_hp_loss":0,"event_name":"HidenRoomEvent","floor":12,"gold_loss":0},{"damage_healed":0,"gold_gain":0,"player_choice":"Fought Bandits","damage_taken":0,"max_hp_gain":0,"max_hp_loss":0,"event_name":"Masked Bandits","floor":22,"gold_loss":0},{"damage_healed":0,"gold_gain":0,"player_choice":"Fight","damage_taken":0,"max_hp_gain":0,"max_hp_loss":0,"event_name":"Colosseum","floor":29,"gold_loss":0},{"damage_healed":0,"gold_gain":0,"player_choice":"Fought Nobs","damage_taken":0,"max_hp_gain":0,"max_hp_loss":0,"event_name":"Colosseum","floor":29,"gold_loss":0}],"is_beta":false,"boss_relics":[{"not_picked":["Runic Dome","construct:ClawGrip"],"picked":"Ring of Chaos"},{"not_picked":[]},{"not_picked":["TheCursedMod:OminousMark","Snecko Eye"],"picked":"MagicMushroom"},{"not_picked":[]}],"items_purged_floors":[3],"is_endless":false,"potions_floor_spawned":[5,6,12,13,18,21,28,29,33,39,45],"killed_by":"LittleHush","ascension_level":-20}}