{"host":"y1szee8ni6ct8kxl","time":1611549761,"event":{"mods":["BaseMod","Friendly Minions","Infinite Spire","Minty Spire (QoL Compilation)","Replay The Spire","StSLib","Td1madao Mod","The Disciple","The Druid","The Hierophant","The Judge","The Jungle","The Necromancer","The Servant 0.9.4"],"gold_per_floor":[211,226,15,34,51,77,96,96,96,96,106,119,151,168,168,268,268,279,50,46,46,46,81,81,116,185,185,196,124,124,143,143,244,244,262,276,276,276,295,295,309,309,309],"floor_reached":42,"language":"ENG","playtime":3782,"items_purged":[],"score":477,"play_id":"253e4ad3-18f5-47ba-8797-da821eac49f9","local_time":"20210124234241","is_ascension_mode":false,"campfire_choices":[{"floor":8.0,"key":"REST"},{"floor":15,"key":"REST"},{"floor":24,"key":"REST"},{"floor":27,"key":"REST"},{"floor":32,"key":"REST"},{"floor":40,"key":"REST"}],"circlet_count":0,"master_deck":["Strike_B","Strike_B","Strike_B","Strike_B","Defend_B","Defend_B","Defend_B","Zap","Dualcast","Auto Shields","Hologram","Steam","Loop","Gash","Undo","Conserve Battery","Streamline","Rainbow","Leap","BasicCrystalCard","Crystallizer","Capacitor","Rebound+1","Self Repair","Panic Button","Machine Learning","Tempest","Leap","Static Discharge","Panic Button","Stack+1","Darkness+1","Thunder Strike+1","Cold Snap+1","ReplaySolidLightProjector+1","Loop","Gash+1","BasicCrystalCard","Ball Lightning","Creative AI","Panic Button+1","Leap+1"],"relics":["Cracked Core","Happy Flower","Anchor","Turnip","Velvet Choker","Prayer Wheel","Bronze Scales","Mercury Hourglass","Boot","Ornamental Fan","Astrolabe","PreservedInsect"],"acts_visited":["TheCity","TheBeyond"],"potions_floor_usage":[13,16,16,28,33,42],"damage_taken":[{"damage":1.0,"enemies":"Cultist","floor":1.0,"turns":3.0},{"damage":2.0,"enemies":"Jaw Worm","floor":2.0,"turns":5.0},{"damage":0.0,"enemies":"Small Slimes","floor":4.0,"turns":4.0},{"damage":7.0,"enemies":"Blue Slaver","floor":5.0,"turns":4.0},{"damage":33.0,"enemies":"3 Sentries","floor":6.0,"turns":7.0},{"damage":9.0,"enemies":"Large Slime","floor":7.0,"turns":5.0},{"damage":12.0,"enemies":"Exordium Thugs","floor":11.0,"turns":6.0},{"damage":0,"enemies":"Blue Slaver","floor":12,"turns":4},{"damage":20,"enemies":"Gremlin Nob","floor":13,"turns":4},{"damage":0,"enemies":"Red Slaver","floor":14,"turns":4},{"damage":18,"enemies":"Slime Boss","floor":16,"turns":14},{"damage":13,"enemies":"Shell Parasite","floor":18,"turns":9},{"damage":5,"enemies":"2 Thieves","floor":20,"turns":4},{"damage":18,"enemies":"Replay:Snechameleon","floor":23,"turns":11},{"damage":41,"enemies":"Gremlin Leader","floor":25,"turns":6},{"damage":0,"enemies":"Centurion and Healer","floor":28,"turns":4},{"damage":26,"enemies":"Snecko","floor":31,"turns":5},{"damage":64,"enemies":"Champ","floor":33,"turns":12},{"damage":0,"enemies":"Orb Walker","floor":35,"turns":3},{"damage":5,"enemies":"3 Shapes","floor":36,"turns":4},{"damage":30,"enemies":"3 Darklings","floor":39,"turns":6},{"damage":32,"enemies":"Maw","floor":41,"turns":8},{"damage":62,"enemies":"Giant Head","floor":42,"turns":7}],"seed_played":"5584136888551027878","potions_obtained":[{"floor":4.0,"key":"Weak Potion"},{"floor":7.0,"key":"Swift Potion"},{"floor":13,"key":"BlessingOfTheForge"},{"floor":16,"key":"Energy Potion"},{"floor":18,"key":"FairyPotion"},{"floor":28,"key":"ColorlessPotion"},{"floor":33,"key":"Strength Potion"},{"floor":36,"key":"SkillPotion"}],"is_trial":false,"path_per_floor":["M","M","$","M","M","E","M","R","T","?","M","M","E","M","R","B",null,"M","$","M","?","?","E","R","E","T","R","M","$","?","M","R","B",null,"M","M","AVR","?","M","R","M","E"],"character_chosen":"DEFECT","items_purchased":["Steam","Happy Flower","Capacitor","Bronze Scales","Static Discharge"],"campfire_rested":6,"item_purchase_floors":[3,3,19,19,29],"current_hp_per_floor":[74,72,72,72,65,32,23,45,45,45,33,33,13,13,35,17,75,62,62,57,57,57,46,68,34,34,56,56,56,56,37,59,29,75,75,70,70,70,47,69,51,0,0],"gold":309,"neow_bonus":"HUNDRED_GOLD","is_daily":false,"chose_seed":false,"campfire_upgraded":0,"win_rate":0.0,"timestamp":1611549761,"path_taken":["M","M","$","M","M","E","M","R","T","?","M","M","E","M","R","BOSS","M","$","M","?","?","E","R","E","T","R","M","$","?","M","R","BOSS","M","M","AVR","?","M","R","M","E"],"items_purchased_type":["Card","Relic","Card","Relic","Card"],"build_version":"2020-12-22","purchased_purges":0,"victory":false,"max_hp_per_floor":[75,75,75,75,75,75,75,75,75,75,75,75,75,75,75,75,75,75,75,75,75,75,75,75,75,75,75,75,75,75,75,75,75,75,75,75,75,75,75,75,75,75,75],"card_choices":[{"not_picked":["Gash","Hologram"],"picked":"Auto Shields","floor":1.0},{"not_picked":["Chill","Rebound"],"picked":"Hologram","floor":2.0},{"not_picked":["Steam","Glacier"],"picked":"Loop","floor":4.0},{"not_picked":["Compile Driver","Beam Cell"],"picked":"Gash","floor":5.0},{"not_picked":["Beam Cell","Rebound"],"picked":"Undo","floor":6.0},{"not_picked":["Genetic Algorithm","Beam Cell"],"picked":"Leap","floor":7.0},{"not_picked":["Streamline","Lockon"],"picked":"Conserve Battery","floor":11},{"not_picked":["Redo","Rebound"],"picked":"Streamline","floor":12},{"not_picked":["Glacier","Compile Driver"],"picked":"Rainbow","floor":13},{"not_picked":["Consume","ReplayTheSpireMod:Reroute Power"],"picked":"Leap","floor":14},{"not_picked":["ReplayTheSpireMod:Omega Cannon","Biased Cognition"],"picked":"ReplayTheSpireMod:Fabricate Wheel","floor":16},{"not_picked":["Gash","Hello World"],"picked":"BasicCrystalCard","floor":18},{"not_picked":["ReplayTheSpireMod:Reroute Power","Gash+1"],"picked":"Crystallizer","floor":18},{"not_picked":["Steam","Ball Lightning"],"picked":"Rebound+1","floor":20},{"not_picked":["Chill","Scrape"],"picked":"Self Repair","floor":20},{"not_picked":["Turbo","Go for the Eyes+1"],"picked":"Panic Button","floor":23},{"not_picked":["Redo","Scrape+1"],"picked":"Machine Learning","floor":25},{"not_picked":["Compile Driver","Go for the Eyes"],"picked":"Tempest","floor":28},{"not_picked":["ReplayTheSpireMod:GoodbyeWorld","Stack"],"picked":"Leap","floor":28},{"not_picked":["Sweeping Beam","Conserve Battery"],"picked":"Panic Button","floor":31},{"not_picked":["Echo Form","Steam"],"picked":"Stack+1","floor":31},{"not_picked":["Echo Form","Seek"],"picked":"Thunder Strike","floor":33},{"not_picked":["Stack+1","Redo"],"picked":"ReplaySolidLightProjector+1","floor":35},{"not_picked":["Turbo","Rip and Tear+1"],"picked":"Loop","floor":35},{"not_picked":["Glacier+1","Barrage"],"picked":"Gash+1","floor":36},{"not_picked":["Core Surge","ReplayTheSpireMod:Reroute Power"],"picked":"BasicCrystalCard","floor":36},{"not_picked":["Barrage","Go for the Eyes"],"picked":"Ball Lightning","floor":39},{"not_picked":["Recycle+1","Force Field+1"],"picked":"Creative AI","floor":39},{"not_picked":["Coolheaded+1","Cold Snap"],"picked":"Panic Button+1","floor":41},{"not_picked":["Gash+1","Sweeping Beam+1"],"picked":"Leap+1","floor":41}],"player_experience":40637,"relics_obtained":[{"floor":6.0,"key":"Anchor"},{"floor":13,"key":"Turnip"},{"floor":23,"key":"Mercury Hourglass"},{"floor":25,"key":"Boot"},{"floor":26,"key":"Ornamental Fan"}],"event_choices":[{"damage_healed":0.0,"max_hp_gain":0.0,"max_hp_loss":0.0,"gold_gain":0.0,"event_name":"Scrap Ooze","player_choice":"Fled","floor":10.0,"gold_loss":0.0,"damage_taken":0.0},{"damage_healed":0,"gold_gain":0,"player_choice":"Ignored","damage_taken":0,"max_hp_gain":0,"max_hp_loss":0,"event_name":"Tomb of Lord Red Mask","floor":38,"gold_loss":0}],"is_beta":false,"boss_relics":[{"not_picked":["FrozenCore","SacredBark"],"picked":"Velvet Choker"},{"not_picked":["Empty Cage","Tiny House"],"picked":"Astrolabe"}],"items_purged_floors":[],"is_endless":false,"potions_floor_spawned":[4,7,13,16,18,28,33,36],"killed_by":"Giant Head","ascension_level":0}}