{"host":"4nqeo0vu1vuav7gg","time":1611598024,"event":{"mods":["AchievementEnabler","BaseMod","Block Reminder","Colored Map","Colored Powertips","Highlight Path","Minty Spire (QoL Compilation)","Quick Restart","Rare Cards Sparkle","Relic Relevance Reorder","StSLib"],"gold_per_floor":[109,34,47,47,47,81,98,129,129,129,144,144,157,177,177,249,249,260,350,363,26,36,36,36,36],"floor_reached":24,"language":"ENG","playtime":775,"items_purged":[],"score":474,"play_id":"144c6dd2-ab82-4007-b022-32f7c68c4bda","local_time":"20210125190704","is_ascension_mode":true,"campfire_choices":[{"floor":12.0,"key":"REST"},{"data":"Sunder","floor":15.0,"key":"SMITH"},{"floor":23,"key":"REST"}],"circlet_count":0,"master_deck":["AscendersBane","Strike_B","Strike_B","Strike_B","Strike_B","Defend_B","Defend_B","Defend_B","Defend_B","Zap+1","Dualcast+1","Double Energy","Capacitor","Ball Lightning","Sunder+1","Consume","Ball Lightning","Barrage","Self Repair","Tempest","Rainbow","Static Discharge+1","Seek","Genetic Algorithm"],"relics":["Cracked Core","NeowsBlessing","Blood Vial","Bottled Tornado","Question Card","Regal Pillow","Juzu Bracelet","SacredBark"],"acts_visited":["Exordium","TheCity"],"potions_floor_usage":[16,16,20,22,24],"damage_taken":[{"damage":0.0,"enemies":"Cultist","floor":1.0,"turns":1.0},{"damage":0.0,"enemies":"Small Slimes","floor":3.0,"turns":1.0},{"damage":0.0,"enemies":"Lagavulin","floor":6.0,"turns":1.0},{"damage":7.0,"enemies":"2 Louse","floor":7.0,"turns":2.0},{"damage":30.0,"enemies":"3 Sentries","floor":8.0,"turns":5.0},{"damage":7.0,"enemies":"Gremlin Nob","floor":10.0,"turns":3.0},{"damage":14.0,"enemies":"Red Slaver","floor":11.0,"turns":4.0},{"damage":11.0,"enemies":"Lots of Slimes","floor":13.0,"turns":3.0},{"damage":7.0,"enemies":"Exordium Wildlife","floor":14.0,"turns":3.0},{"damage":18,"enemies":"Slime Boss","floor":16,"turns":6},{"damage":24,"enemies":"Chosen","floor":18,"turns":4},{"damage":11,"enemies":"2 Thieves","floor":20,"turns":3},{"damage":14,"enemies":"Snake Plant","floor":22,"turns":3},{"damage":55,"enemies":"Slavers","floor":24,"turns":3}],"seed_played":"453893296890833730","potions_obtained":[{"floor":1.0,"key":"SmokeBomb"},{"floor":6.0,"key":"Weak Potion"},{"floor":11.0,"key":"FocusPotion"},{"floor":13.0,"key":"CultistPotion"},{"floor":14.0,"key":"PotionOfCapacity"},{"floor":16,"key":"SkillPotion"},{"floor":18,"key":"DistilledChaos"},{"floor":22,"key":"Ancient Potion"}],"is_trial":false,"path_per_floor":["M","$","M","?","?","E","M","E","T","E","M","R","M","M","R","B",null,"M","?","M","$","M","R","E"],"character_chosen":"DEFECT","items_purchased":["Capacitor","Regal Pillow","Juzu Bracelet"],"campfire_rested":2,"item_purchase_floors":[2,21,21],"current_hp_per_floor":[64,64,64,64,64,64,59,31,31,26,14,35,26,28,28,12,56,34,22,20,20,15,51,0,0],"gold":36,"neow_bonus":"THREE_ENEMY_KILL","is_daily":false,"chose_seed":false,"campfire_upgraded":1,"win_rate":0.0,"timestamp":1611598024,"path_taken":["M","$","?","?","?","E","M","E","T","E","M","R","M","M","R","BOSS","M","?","?","$","M","R","E"],"items_purchased_type":["Card","Relic","Relic"],"build_version":"2020-12-22","purchased_purges":0,"victory":false,"max_hp_per_floor":[71,71,71,71,71,71,71,71,71,71,71,71,71,71,71,71,71,71,71,71,71,71,71,71,71],"card_choices":[{"not_picked":["Stack","Beam Cell"],"picked":"Double Energy","floor":1.0},{"not_picked":["Blizzard","Barrage"],"picked":"Ball Lightning","floor":3.0},{"not_picked":["Reboot","Gash"],"picked":"Sunder","floor":6.0},{"not_picked":["Leap","Blizzard"],"picked":"Consume","floor":7.0},{"not_picked":["Hologram","Skim"],"picked":"Ball Lightning","floor":8.0},{"not_picked":["Ball Lightning","Sweeping Beam","Turbo"],"picked":"Barrage","floor":11.0},{"not_picked":["Conserve Battery","Darkness","Stack"],"picked":"Self Repair","floor":13.0},{"not_picked":["Amplify","Turbo","Hologram"],"picked":"Tempest","floor":14.0},{"not_picked":["Hyperbeam","Multi-Cast","All For One"],"picked":"Rainbow","floor":16},{"not_picked":["Barrage","Genetic Algorithm","Steam"],"picked":"Static Discharge+1","floor":18},{"not_picked":["Leap","Hologram","Stack"],"picked":"Seek","floor":20},{"not_picked":["Gash","Coolheaded","Lockon"],"picked":"Genetic Algorithm","floor":22}],"player_experience":1074252,"relics_obtained":[{"floor":6.0,"key":"Blood Vial"},{"floor":8.0,"key":"Question Card"},{"floor":9.0,"key":"Bottled Tornado"}],"event_choices":[{"damage_healed":0.0,"max_hp_gain":0.0,"max_hp_loss":0.0,"gold_gain":0.0,"event_name":"Living Wall","player_choice":"Grow","floor":4.0,"gold_loss":0.0,"damage_taken":0.0,"cards_upgraded":["Zap"]},{"damage_healed":0.0,"max_hp_gain":0.0,"max_hp_loss":0.0,"gold_gain":0.0,"event_name":"Accursed Blacksmith","player_choice":"Forge","floor":5.0,"gold_loss":0.0,"damage_taken":0.0,"cards_upgraded":["Dualcast"]},{"damage_healed":0,"gold_gain":90,"player_choice":"GOLD ","damage_taken":12,"max_hp_gain":0,"max_hp_loss":0,"event_name":"Knowing Skull","floor":19,"potions_obtained":[],"gold_loss":0,"cards_obtained":[]}],"is_beta":false,"boss_relics":[{"not_picked":["Runic Dome","SlaversCollar"],"picked":"SacredBark"}],"items_purged_floors":[],"is_endless":false,"potions_floor_spawned":[1,6,11,13,14,16,18,22],"killed_by":"Slavers","ascension_level":19}}