{"host":"jyuuog6ydc2s7nd8","time":1611568858,"event":{"mods":["BaseMod","Better Vampires","Minty Spire (QoL Compilation)","Shop Mod","StSLib","The Hierophant","The Servant 0.9.4","TheBandit","[IsaacMod]ÒÔÈö¼âËþ"],"gold_per_floor":[119,171,171,171,181,214,229,229,229,250,250,250,250,90,90,162,162,179,44,94,111,125,125,125,125],"floor_reached":24,"language":"ZHS","playtime":512,"items_purged":["Strike_R","Strike_R"],"score":484,"play_id":"da401053-fbed-4203-8326-216c0a91e58c","local_time":"20210125180058","is_ascension_mode":true,"campfire_choices":[{"data":"Sever Soul","floor":8.0,"key":"SMITH"},{"floor":11.0,"key":"RECALL"},{"data":"Feel No Pain","floor":15.0,"key":"SMITH"}],"circlet_count":0,"master_deck":["AscendersBane","Defend_R","Defend_R","Defend_R","Defend_R","Bash+1","Sever Soul+1","Feel No Pain+1","Body Slam","Dark Embrace","Pommel Strike"],"relics":["HushsDoor","Busted Crown","SatanicBible","Mercury Hourglass","BookOfRevelations","Odd Mushroom","Empty Cage","BelialBook","GuppysCollar","Singing Bowl","Happy Flower"],"acts_visited":["Exordium","TheCity"],"potions_floor_usage":[16,20,24],"damage_taken":[{"damage":7.0,"enemies":"Jaw Worm","floor":1.0,"turns":3.0},{"damage":1.0,"enemies":"Cultist","floor":5.0,"turns":3.0},{"damage":32.0,"enemies":"Lagavulin","floor":6.0,"turns":6.0},{"damage":0.0,"enemies":"Small Slimes","floor":7.0,"turns":2.0},{"damage":11.0,"enemies":"The Mushroom Lair","floor":10.0,"turns":3.0},{"damage":0,"enemies":"Hexaghost","floor":16,"turns":9},{"damage":0,"enemies":"Spheric Guardian","floor":18,"turns":3},{"damage":0,"enemies":"Hiden Room Battle","floor":20,"turns":3},{"damage":21,"enemies":"3 Byrds","floor":21,"turns":3},{"damage":3,"enemies":"3 Cultists","floor":22,"turns":4},{"damage":6,"enemies":"Gremlin Leader","floor":24,"turns":1}],"seed_played":"-6209511176149416829","potions_obtained":[{"floor":5.0,"key":"Energy Potion"},{"floor":10.0,"key":"GamblersBrew"},{"floor":16,"key":"Fire Potion"},{"floor":18,"key":"FearPotion"},{"floor":20,"key":"Strength Potion"}],"is_trial":false,"path_per_floor":["M","?","?","?","M","E","M","R","T","?","R","?","?","$","R","B",null,"M","$","?","M","M","$","E"],"character_chosen":"IRONCLAD","items_purchased":["Feel No Pain","BelialBook","GuppysCollar","Body Slam","Dark Embrace"],"campfire_rested":0,"item_purchase_floors":[14,17,17,19,19],"current_hp_per_floor":[61,46,46,46,45,13,13,13,13,2,2,2,2,2,2,2,36,36,36,23,4,1,1,0,0],"gold":125,"neow_bonus":"BOSS_RELIC","is_daily":false,"chose_seed":false,"campfire_upgraded":2,"win_rate":0.0,"timestamp":1611568858,"path_taken":["M","?","?","?","M","E","?","R","T","?","R","?","?","$","R","BOSS","M","$","?","M","M","$","E"],"items_purchased_type":["Card","Relic","Relic","Card","Card"],"build_version":"2020-12-22","purchased_purges":2,"victory":false,"max_hp_per_floor":[75,75,75,75,75,75,75,75,75,75,75,75,75,75,75,75,47,47,47,49,51,51,51,51,51],"card_choices":[{"not_picked":["Corruption"],"picked":"SKIP","floor":1.0},{"not_picked":["Clothesline"],"picked":"SKIP","floor":5.0},{"not_picked":[],"picked":"Sever Soul","floor":6.0},{"not_picked":["Havoc"],"picked":"SKIP","floor":7.0},{"not_picked":["Thunderclap"],"picked":"SKIP","floor":18},{"not_picked":["Sword Boomerang"],"picked":"Singing Bowl","floor":20},{"not_picked":["Sword Boomerang"],"picked":"Singing Bowl","floor":21},{"not_picked":[],"picked":"Pommel Strike","floor":22}],"player_experience":1870329,"relics_obtained":[{"floor":6.0,"key":"Mercury Hourglass"},{"floor":9.0,"key":"BookOfRevelations"},{"floor":10.0,"key":"Odd Mushroom"},{"floor":20,"key":"Singing Bowl"},{"floor":20,"key":"Happy Flower"}],"event_choices":[{"damage_healed":0.0,"max_hp_gain":0.0,"max_hp_loss":0.0,"gold_gain":0.0,"event_name":"Upgrade Shrine","player_choice":"Upgraded","floor":3.0,"gold_loss":0.0,"damage_taken":0.0,"cards_upgraded":["Bash"]},{"damage_healed":0.0,"max_hp_gain":0.0,"max_hp_loss":0.0,"gold_gain":0.0,"event_name":"Liars Game","player_choice":"Ignored","floor":4.0,"gold_loss":0.0,"damage_taken":0.0},{"damage_healed":0.0,"max_hp_gain":0.0,"max_hp_loss":0.0,"gold_gain":0.0,"event_name":"Mushrooms","player_choice":"Fought Mushrooms","floor":10.0,"gold_loss":0.0,"damage_taken":0.0},{"damage_healed":0.0,"max_hp_gain":0.0,"max_hp_loss":0.0,"gold_gain":0.0,"event_name":"Shining Light","player_choice":"Ignored","floor":12.0,"gold_loss":0.0,"damage_taken":0.0},{"cards_removed":["Strike_R"],"damage_healed":0.0,"max_hp_gain":0.0,"max_hp_loss":0.0,"gold_gain":0.0,"event_name":"Living Wall","player_choice":"Forget","floor":13.0,"gold_loss":0.0,"damage_taken":0.0},{"damage_healed":0,"gold_gain":0,"player_choice":"Fight","damage_taken":0,"max_hp_gain":0,"max_hp_loss":0,"event_name":"HidenRoomEvent","floor":20,"gold_loss":0}],"is_beta":false,"boss_relics":[{"not_picked":["Philosopher\u0027s Stone","Snecko Eye"],"picked":"Empty Cage"},{"not_picked":[]}],"items_purged_floors":[14,17],"is_endless":false,"potions_floor_spawned":[5,10,16,18,20,22],"killed_by":"Gremlin Leader","ascension_level":20}}