{"host":"1tl36azeqm6yhdgj","time":1611595752,"event":{"mods":["AchievementEnabler","BaseMod","Minty Spire (QoL Compilation)","StSLib","The IronCluck","everything is the same but u backflip on backflip"],"gold_per_floor":[119,119,119,8,20,20,54,54,54,85,10,79,98,128,128,227,227,252,268,292,59,59,59,109,148,148,173,204,83,83,83],"floor_reached":30,"language":"ENG","playtime":700,"items_purged":[],"score":594,"play_id":"acc45e56-c074-4231-8908-a6d54a39545e","local_time":"20210125122912","is_ascension_mode":true,"campfire_choices":[{"data":"Pommel Strike","floor":6.0,"key":"SMITH"},{"floor":15.0,"key":"REST"},{"floor":23,"key":"REST"}],"circlet_count":0,"master_deck":["AscendersBane","Strike_R","Strike_R","Strike_R","Strike_R","Defend_R","Defend_R","Defend_R","Defend_R","Bash","Cleave","Flame Barrier","Rage","Pommel Strike+1","Dropkick","Demon Form","Headbutt","Limit Break","Warcry","Intimidate+1","Dramatic Entrance","Fire Breathing","Writhe"],"relics":["Burning Blood","NeowsBlessing","Blood Vial","Golden Idol","WingedGreaves","Bag of Marbles","PreservedInsect","Odd Mushroom","Busted Crown","Regal Pillow","Juzu Bracelet","Omamori","Art of War","Darkstone Periapt"],"acts_visited":["Exordium","TheCity"],"potions_floor_usage":[20,25,30],"damage_taken":[{"damage":0.0,"enemies":"Cultist","floor":1.0,"turns":1.0},{"damage":0.0,"enemies":"Jaw Worm","floor":5.0,"turns":1.0},{"damage":0.0,"enemies":"3 Sentries","floor":7.0,"turns":1.0},{"damage":48.0,"enemies":"Gremlin Nob","floor":10.0,"turns":5.0},{"damage":8.0,"enemies":"Gremlin Nob","floor":12.0,"turns":3.0},{"damage":0.0,"enemies":"2 Louse","floor":13.0,"turns":2.0},{"damage":8.0,"enemies":"The Mushroom Lair","floor":14.0,"turns":3.0},{"damage":57.0,"enemies":"The Guardian","floor":16.0,"turns":10.0},{"damage":17.0,"enemies":"Spheric Guardian","floor":18.0,"turns":5.0},{"damage":20,"enemies":"2 Thieves","floor":19,"turns":4},{"damage":12,"enemies":"Sentry and Sphere","floor":20,"turns":5},{"damage":34,"enemies":"Book of Stabbing","floor":25,"turns":5},{"damage":46,"enemies":"Slavers","floor":28,"turns":4},{"damage":16,"enemies":"Snake Plant","floor":30,"turns":1}],"seed_played":"-134765814814445547","potions_obtained":[{"floor":1.0,"key":"ColorlessPotion"},{"floor":7.0,"key":"LiquidMemories"},{"floor":13.0,"key":"Dexterity Potion"},{"floor":16.0,"key":"AttackPotion"},{"floor":19,"key":"ColorlessPotion"},{"floor":28,"key":"BlessingOfTheForge"}],"is_trial":false,"path_per_floor":["M","$","?","$","M","R","E","?","T","E","?","?","M","?","R","B",null,"M","M","M","$","?","R","?","E","T","T","E","?","M"],"character_chosen":"IRONCLAD","items_purchased":["Flame Barrier","Rage","Dramatic Entrance","Fire Breathing","Block Potion"],"campfire_rested":2,"item_purchase_floors":[4,4,21,21,21],"current_hp_per_floor":[74,74,74,74,75,75,75,75,75,33,33,33,41,41,63,14,60,51,39,35,35,35,72,72,46,46,46,8,8,0,0],"gold":83,"neow_bonus":"THREE_ENEMY_KILL","is_daily":false,"chose_seed":false,"campfire_upgraded":1,"win_rate":0.0,"timestamp":1611595752,"path_taken":["M","$","?","$","?","R","E","?","T","E","?","?","?","?","R","BOSS","M","M","M","$","?","R","?","E","T","?","E","?","M"],"items_purchased_type":["Card","Card","Card","Card","Potion"],"build_version":"2020-12-22","purchased_purges":0,"victory":false,"max_hp_per_floor":[75,75,75,75,75,75,75,75,75,75,75,75,75,75,75,75,75,75,75,75,75,75,75,75,75,75,75,75,75,75,75],"card_choices":[{"not_picked":["Dual Wield","Perfected Strike"],"picked":"Cleave","floor":1.0},{"not_picked":["Armaments","Twin Strike"],"picked":"Pommel Strike","floor":5.0},{"not_picked":["Dark Embrace","Clash"],"picked":"Dropkick","floor":7.0},{"not_picked":["Hemokinesis","Warcry"],"picked":"Demon Form","floor":10.0},{"not_picked":["Pummel","Anger"],"picked":"Headbutt","floor":12.0},{"not_picked":["Entrench","Iron Wave","Sentinel"],"picked":"SKIP","floor":13.0},{"not_picked":["Demon Form","Impervious"],"picked":"Limit Break","floor":16.0},{"not_picked":[],"picked":"Warcry","floor":18.0},{"not_picked":[],"picked":"Intimidate+1","floor":19},{"not_picked":["Pummel"],"picked":"SKIP","floor":20},{"not_picked":["Intimidate"],"picked":"SKIP","floor":25},{"not_picked":["Pommel Strike"],"picked":"SKIP","floor":28}],"player_experience":2049205,"relics_obtained":[{"floor":7.0,"key":"Blood Vial"},{"floor":9.0,"key":"WingedGreaves"},{"floor":10.0,"key":"Bag of Marbles"},{"floor":14.0,"key":"Odd Mushroom"},{"floor":25,"key":"Juzu Bracelet"},{"floor":27,"key":"Omamori"},{"floor":28,"key":"Art of War"}],"event_choices":[{"cards_removed":["Strike_R"],"damage_healed":0.0,"max_hp_gain":0.0,"max_hp_loss":0.0,"gold_gain":0.0,"event_name":"Bonfire Elementals","player_choice":"Offered Basic","floor":3.0,"gold_loss":0.0,"damage_taken":0.0},{"damage_healed":0.0,"max_hp_gain":0.0,"max_hp_loss":0.0,"gold_gain":0.0,"event_name":"Golden Idol","player_choice":"Take Wound","floor":8.0,"gold_loss":0.0,"damage_taken":0.0,"relics_obtained":["Golden Idol"],"cards_obtained":["Injury"]},{"cards_removed":["Injury"],"damage_healed":0.0,"max_hp_gain":0.0,"max_hp_loss":0.0,"gold_gain":0.0,"event_name":"The Cleric","player_choice":"Card Removal","floor":11.0,"gold_loss":75.0,"damage_taken":0.0},{"damage_healed":0.0,"max_hp_gain":0.0,"max_hp_loss":0.0,"gold_gain":0.0,"event_name":"Dead Adventurer","player_choice":"Searched \u00273\u0027 times","floor":12.0,"gold_loss":0.0,"damage_taken":0.0,"relics_obtained":["PreservedInsect"]},{"damage_healed":0.0,"max_hp_gain":0.0,"max_hp_loss":0.0,"gold_gain":0.0,"event_name":"Mushrooms","player_choice":"Fought Mushrooms","floor":14.0,"gold_loss":0.0,"damage_taken":0.0},{"damage_healed":0,"gold_gain":0,"player_choice":"Opened","damage_taken":0,"relics_obtained":["Regal Pillow"],"max_hp_gain":0,"max_hp_loss":0,"event_name":"The Mausoleum","floor":22,"gold_loss":0,"cards_obtained":["Writhe"]},{"damage_healed":0,"gold_gain":50,"player_choice":"Stole From Cult","damage_taken":0,"max_hp_gain":0,"max_hp_loss":0,"event_name":"Nest","floor":24,"gold_loss":0},{"damage_healed":0,"gold_gain":0,"player_choice":"Paid Gold","damage_taken":0,"relics_obtained":["Darkstone Periapt"],"max_hp_gain":0,"max_hp_loss":0,"event_name":"WeMeetAgain","floor":29,"gold_loss":121}],"is_beta":false,"boss_relics":[{"not_picked":["Philosopher\u0027s Stone","Tiny House"],"picked":"Busted Crown"}],"items_purged_floors":[],"is_endless":false,"potions_floor_spawned":[1,7,13,16,19,28],"killed_by":"Snake Plant","ascension_level":20}}