{"host":"31srvgftwd43oumg","time":1611541386,"event":{"mods":["BaseMod","Better Third Choice","BetterRewards","Card Forge","Hubris","Infinite Spire","Jorbs\u0027s Wanderer Trilogy","Koishi","Luminous","Marisa????????","Minty Spire (QoL Compilation)","Remilia??????","Replay The Spire","Shop Mod","StSLib","The Bug Knight","The Cursed","The Death Knight","The Disciple","The Exalted","The Hierophant","The Mystic","The Necromancer","The Senshi"],"gold_per_floor":[153,207,128,128,128,128,158,245,268,319,319,319,406,436,436,745,745,715,715],"floor_reached":18,"language":"ENG","playtime":752,"items_purged":[],"score":220,"play_id":"972e06ed-7908-4311-ad34-9498638bf64a","local_time":"20210124202306","daily_mods":["SealedDeck","Heirloom","Midas"],"is_ascension_mode":false,"campfire_choices":[{"floor":6.0,"key":"REST"},{"floor":12.0,"key":"REST"},{"floor":15.0,"key":"REST"}],"circlet_count":1,"master_deck":["JustLucky","Pray","EmptyFist","CutThroughFate","ThirdEye","TalkToTheHand","CutThroughFate","BowlingBash","Crescendo","SandsOfTime","Wallop","Prostrate","Devotion"],"relics":["PureWater","Hammer of Thor","Seething Fire","Anvil of the Gods","infinitespire:CursedDice","Anchor","Circlet","Pet Ghost","hubris:Backtick","Girya"],"acts_visited":["Exordium","TheCity"],"potions_floor_usage":[],"damage_taken":[{"damage":0.0,"enemies":"2 Louse","floor":1.0,"turns":2.0},{"damage":0.0,"enemies":"Cultist","floor":2.0,"turns":2.0},{"damage":1.0,"enemies":"Jaw Worm","floor":7.0,"turns":2.0},{"damage":0.0,"enemies":"Lagavulin","floor":8.0,"turns":6.0},{"damage":0.0,"enemies":"Red Slaver","floor":10.0,"turns":2.0},{"damage":0.0,"enemies":"HollowMod:MossKnight","floor":13.0,"turns":3.0},{"damage":0.0,"enemies":"Lots of Slimes","floor":14.0,"turns":3.0},{"damage":14.0,"enemies":"Slime Boss","floor":16.0,"turns":11.0},{"damage":0,"enemies":"2 Thieves","floor":18,"turns":2}],"seed_played":"-3876906760021085996","potions_obtained":[{"floor":1.0,"key":"GamblersBrew"},{"floor":2.0,"key":"DeathKnight:BottledBloodEchoes"},{"floor":14.0,"key":"Strength Potion"}],"is_trial":true,"path_per_floor":["M","M","$","?","$","R","M","E","T","M","?","R","E","M","R","B",null,"M"],"character_chosen":"WATCHER","items_purchased":["Wallop"],"campfire_rested":3,"item_purchase_floors":[3],"current_hp_per_floor":[72,72,72,72,72,72,71,71,71,71,71,72,72,72,72,58,72,72,72],"gold":715,"neow_bonus":"","is_daily":false,"chose_seed":false,"campfire_upgraded":0,"win_rate":0.0,"timestamp":1611541386,"path_taken":["M","M","$","?","$","R","?","E","T","M","?","R","E","M","R","BOSS","M"],"items_purchased_type":["Card"],"build_version":"2020-12-22","purchased_purges":0,"victory":false,"max_hp_per_floor":[72,72,72,72,72,72,72,72,72,72,72,72,72,72,72,72,72,72,72],"card_choices":[{"not_picked":["Replay:AtTheReady","Pray","Perseverance"],"picked":"SKIP","floor":1.0},{"not_picked":["Replay:AtTheReady","CrushJoints","EmptyFist"],"picked":"SKIP","floor":2.0},{"not_picked":["CarveReality","SashWhip","FlurryOfBlows"],"picked":"SKIP","floor":7.0},{"not_picked":["EmptyFist","PathToVictory","Replay:Anticipation"],"picked":"SKIP","floor":8.0},{"not_picked":["Evaluate","ThirdEye","Brilliance"],"picked":"SKIP","floor":10.0},{"not_picked":["WindmillStrike","JustLucky"],"picked":"Prostrate","floor":13.0},{"not_picked":["Prostrate","Replay:Hum","Nirvana"],"picked":"SKIP","floor":14.0},{"not_picked":["Replay:LoomingThreat","Judgement"],"picked":"Devotion","floor":16.0}],"player_experience":988802,"relics_obtained":[{"floor":8.0,"key":"Dead Branch"},{"floor":9.0,"key":"Anchor"},{"floor":13.0,"key":"Pet Ghost"}],"event_choices":[{"damage_healed":0.0,"max_hp_gain":0.0,"max_hp_loss":0.0,"gold_gain":0.0,"event_name":"NoteForYourself","player_choice":"Ignored","floor":4.0,"gold_loss":0.0,"damage_taken":0.0},{"damage_healed":0.0,"max_hp_gain":0.0,"max_hp_loss":0.0,"gold_gain":0.0,"event_name":"WeMeetAgain","player_choice":"Ignored","floor":11.0,"gold_loss":0.0,"damage_taken":0.0}],"is_beta":false,"boss_relics":[{"not_picked":["hubris:CrackedHourglass","SacredBark"],"picked":"hubris:Backtick"}],"items_purged_floors":[],"is_endless":false,"potions_floor_spawned":[1,2,14],"killed_by":"2 Thieves","ascension_level":0}}