{"host":"qgpqu878cmwvz894","time":1611550377,"event":{"mods":["AchievementEnabler","BaseMod","Colored Map","Hermit","Minty Spire (QoL Compilation)","Rare Cards Sparkle","StSLib","SuperFastMode"],"gold_per_floor":[112,37,37,37,37,37,58,58,108,122,122,145,145,320,320,451,451,470,470,168,168,211,211,11,11,38,57,72,92,92,92,92,92,92],"floor_reached":33,"language":"KOR","playtime":1364,"items_purged":["hermit:Defend_Hermit","Doubt"],"score":256,"play_id":"ae6d7de8-9af5-4915-980b-5220accb9c87","local_time":"20210125135257","is_ascension_mode":false,"campfire_choices":[{"data":"hermit:Snapshot","floor":6,"key":"SMITH"},{"data":"hermit:CalledShot","floor":8,"key":"SMITH"},{"data":"hermit:Feint","floor":11,"key":"SMITH"},{"data":"hermit:Covet","floor":13,"key":"SMITH"},{"floor":15,"key":"REST"},{"data":"hermit:Desperado","floor":23,"key":"SMITH"},{"data":"hermit:Ricochet","floor":25,"key":"SMITH"},{"floor":32,"key":"REST"}],"circlet_count":0,"master_deck":["hermit:Strike_Hermit","hermit:Strike_Hermit+1","hermit:Strike_Hermit","hermit:Strike_Hermit","hermit:Defend_Hermit","hermit:Defend_Hermit","hermit:Defend_Hermit","hermit:Snapshot+1","hermit:Covet+1","hermit:PistolWhip+1","hermit:CalledShot+1","hermit:Feint+1","hermit:RoundhouseKick","CurseOfTheBell","hermit:BigShot","hermit:Desperado+1","Prepared+1","hermit:Ricochet+1","Outmaneuver+1","Sentinel+1"],"relics":["hermit:Momento","Bag of Preparation","Golden Idol","Strawberry","Calling Bell","Pen Nib","Pear","Thread and Needle","PrismaticShard","Red Mask","Sling","Regal Pillow","MutagenicStrength"],"acts_visited":["Exordium","TheCity"],"potions_floor_usage":[16,27,31],"damage_taken":[{"damage":0,"enemies":"Small Slimes","floor":1,"turns":3},{"damage":0,"enemies":"2 Louse","floor":7,"turns":2},{"damage":0,"enemies":"Cultist","floor":10,"turns":2},{"damage":7,"enemies":"Blue Slaver","floor":12,"turns":2},{"damage":39,"enemies":"Slime Boss","floor":16,"turns":8},{"damage":0,"enemies":"Chosen","floor":18,"turns":4},{"damage":3,"enemies":"Masked Bandits","floor":22,"turns":4},{"damage":10,"enemies":"3 Byrds","floor":27,"turns":4},{"damage":19,"enemies":"3 Cultists","floor":28,"turns":4},{"damage":23,"enemies":"Centurion and Healer","floor":29,"turns":5},{"damage":3,"enemies":"Colosseum Slavers","floor":31,"turns":4},{"damage":0,"enemies":"Colosseum Nobs","floor":31,"turns":1},{"damage":117,"enemies":"Collector","floor":33,"turns":8}],"seed_played":"8738427641059523100","potions_obtained":[{"floor":1,"key":"LiquidMemories"},{"floor":16,"key":"SmokeBomb"},{"floor":22,"key":"PowerPotion"}],"is_trial":false,"path_per_floor":["M","$","?","?","?","R","M","R","T","M","R","M","R","?","R","B",null,"M","?","$","?","?","R","$","R","T","M","M","M","?","?","R","B"],"character_chosen":"HERMIT","items_purchased":["PrismaticShard","hermit:Desperado","Sling","hermit:Ricochet"],"campfire_rested":2,"item_purchase_floors":[20,20,24,24],"current_hp_per_floor":[75,75,60,60,60,60,60,60,67,67,67,60,60,60,82,43,92,92,92,92,92,89,89,89,89,89,79,60,37,37,34,76,0,0],"gold":92,"neow_bonus":"RANDOM_COMMON_RELIC","is_daily":false,"chose_seed":false,"campfire_upgraded":6,"win_rate":0.0,"timestamp":1611550377,"path_taken":["M","$","?","?","?","R","M","R","T","M","R","?","R","?","R","BOSS","M","?","$","?","?","R","?","R","T","M","M","M","?","?","R","BOSS"],"items_purchased_type":["Relic","Card","Relic","Card"],"build_version":"2020-12-22","purchased_purges":2,"victory":false,"max_hp_per_floor":[75,75,75,75,75,75,75,75,82,82,82,82,82,82,82,82,92,92,92,92,92,92,92,92,92,92,92,92,92,92,92,92,92,92],"card_choices":[{"not_picked":["hermit:Midnight","hermit:Misfire"],"picked":"hermit:PistolWhip","floor":1},{"not_picked":["hermit:HoleUp","hermit:FullyLoaded"],"picked":"hermit:CalledShot","floor":7},{"not_picked":["hermit:HoleUp","hermit:Manifest"],"picked":"hermit:Feint","floor":10},{"not_picked":["hermit:Manifest","hermit:Coalescence","hermit:Maintenance"],"picked":"SKIP","floor":12},{"not_picked":["hermit:OverwhelmingPower","hermit:Magnum"],"picked":"hermit:RoundhouseKick","floor":16},{"not_picked":["hermit:CalledShot","hermit:Feint","hermit:Misfire"],"picked":"SKIP","floor":18},{"not_picked":["Nirvana","Conserve Battery"],"picked":"Prepared+1","floor":22},{"not_picked":["Phantasmal Killer","Dagger Spray+1"],"picked":"Outmaneuver+1","floor":27},{"not_picked":["SashWhip+1","Well Laid Plans","Tempest"],"picked":"SKIP","floor":28},{"not_picked":["hermit:BodyArmor","Conserve Battery"],"picked":"Sentinel+1","floor":29}],"player_experience":133146,"relics_obtained":[{"floor":9,"key":"Strawberry"},{"floor":17,"key":"Pen Nib"},{"floor":17,"key":"Pear"},{"floor":17,"key":"Thread and Needle"},{"floor":22,"key":"Red Mask"},{"floor":26,"key":"Regal Pillow"}],"event_choices":[{"damage_healed":0,"gold_gain":0,"player_choice":"Entered Light","damage_taken":15,"max_hp_gain":0,"max_hp_loss":0,"event_name":"Shining Light","floor":3,"gold_loss":0,"cards_upgraded":["hermit:PistolWhip","hermit:Strike_Hermit"]},{"damage_healed":0,"gold_gain":0,"player_choice":"Take Wound","damage_taken":0,"relics_obtained":["Golden Idol"],"max_hp_gain":0,"max_hp_loss":0,"event_name":"Golden Idol","floor":4,"gold_loss":0,"cards_obtained":["Injury"]},{"cards_removed":["Injury"],"damage_healed":0,"gold_gain":0,"player_choice":"Removed Curses","damage_taken":0,"max_hp_gain":0,"max_hp_loss":0,"event_name":"Fountain of Cleansing","floor":5,"gold_loss":0},{"damage_healed":0,"gold_gain":175,"player_choice":"AGREE","damage_taken":0,"max_hp_gain":0,"max_hp_loss":0,"event_name":"Liars Game","floor":14,"gold_loss":0,"cards_obtained":["Doubt"]},{"damage_healed":0,"gold_gain":0,"player_choice":"1 cards matched","damage_taken":0,"max_hp_gain":0,"max_hp_loss":0,"event_name":"Match and Keep!","floor":19,"gold_loss":0,"cards_obtained":["hermit:BigShot"]},{"damage_healed":0,"gold_gain":0,"player_choice":"Ignored","damage_taken":0,"max_hp_gain":0,"max_hp_loss":0,"event_name":"Vampires","floor":21,"gold_loss":0},{"damage_healed":0,"gold_gain":0,"player_choice":"Fought Bandits","damage_taken":0,"max_hp_gain":0,"max_hp_loss":0,"event_name":"Masked Bandits","floor":22,"gold_loss":0},{"damage_healed":0,"gold_gain":0,"player_choice":"Inject Mutagens","damage_taken":0,"relics_obtained":["MutagenicStrength"],"max_hp_gain":0,"max_hp_loss":0,"event_name":"Drug Dealer","floor":30,"gold_loss":0},{"damage_healed":0,"gold_gain":0,"player_choice":"Fight","damage_taken":0,"max_hp_gain":0,"max_hp_loss":0,"event_name":"Colosseum","floor":31,"gold_loss":0},{"damage_healed":0,"gold_gain":0,"player_choice":"Fought Nobs","damage_taken":0,"max_hp_gain":0,"max_hp_loss":0,"event_name":"Colosseum","floor":31,"gold_loss":0}],"is_beta":false,"boss_relics":[{"not_picked":["hermit:DentedPlate","Ectoplasm"],"picked":"Calling Bell"}],"items_purged_floors":[2,20],"is_endless":false,"potions_floor_spawned":[1,16,22,31],"killed_by":"Collector","ascension_level":0}}