{"host":"8f5cu9y0fpol72qs","time":1611617954,"event":{"mods":["AlwaysNeverKeys","BaseMod","Colored Map","Colored Powertips","Curses Come First","Highlight Path","Key Reminder","Minty Spire (QoL Compilation)","StSLib"],"gold_per_floor":[212,212,227,244,259,288,11,11,37,52,65,100,100,123,123,200,200,218,218,218,218,231,231,263,263,263,110,10,39,39,59,59,136,136,153,163,163,38,38,64,64,89,115,127,169,181,193,220,232,244,256,268,48,83,83,83],"floor_reached":55,"language":"ENG","playtime":5224,"items_purged":["Strike_R","Strike_R+1","Defend_R+1","Cleave"],"score":1356,"play_id":"0422b46f-306b-4c6a-bce1-13ce655bcfbe","local_time":"20210125153914","is_ascension_mode":true,"campfire_choices":[{"floor":13.0,"key":"REST"},{"data":"Rupture","floor":15.0,"key":"SMITH"},{"floor":23.0,"key":"REST"},{"floor":25.0,"key":"REST"},{"floor":32.0,"key":"REST"},{"floor":41.0,"key":"REST"},{"floor":44.0,"key":"REST"},{"floor":49.0,"key":"RECALL"},{"data":"Shockwave","floor":52.0,"key":"SMITH"}],"circlet_count":0,"master_deck":["AscendersBane","Defend_R+1","Defend_R+1","Defend_R+1","Bash","Headbutt","Rupture+1","True Grit","Heavy Blade","Brutality","Shrug It Off","Feed","Shrug It Off","Shrug It Off","Limit Break","Shockwave+1","Barricade","Bludgeon+1","Dual Wield+1","Reckless Charge+1","Shrug It Off","Body Slam","Madness","Madness","Pain","Disarm"],"relics":["Burning Blood","Anchor","Pen Nib","Medical Kit","Red Skull","Odd Mushroom","Sozu","Nilry\u0027s Codex","Prayer Wheel","HornCleat","ClockworkSouvenir","Self Forming Clay","Astrolabe","Paper Frog","Lizard Tail","MawBank","Singing Bowl","WarpedTongs","Kunai"],"acts_visited":["Exordium","TheCity","TheBeyond","TheEnding"],"potions_floor_usage":[],"damage_taken":[{"damage":1.0,"enemies":"Cultist","floor":1.0,"turns":3.0},{"damage":2.0,"enemies":"Jaw Worm","floor":3.0,"turns":4.0},{"damage":1.0,"enemies":"Small Slimes","floor":4.0,"turns":3.0},{"damage":2.0,"enemies":"3 Louse","floor":5.0,"turns":4.0},{"damage":61.0,"enemies":"Lagavulin","floor":6.0,"turns":9.0},{"damage":6.0,"enemies":"Blue Slaver","floor":10.0,"turns":4.0},{"damage":3.0,"enemies":"Large Slime","floor":11.0,"turns":5.0},{"damage":13.0,"enemies":"3 Sentries","floor":12.0,"turns":4.0},{"damage":2.0,"enemies":"The Mushroom Lair","floor":14.0,"turns":3.0},{"damage":25.0,"enemies":"Slime Boss","floor":16.0,"turns":8.0},{"damage":20.0,"enemies":"2 Thieves","floor":18.0,"turns":5.0},{"damage":1.0,"enemies":"Spheric Guardian","floor":22.0,"turns":2.0},{"damage":52.0,"enemies":"Slavers","floor":24.0,"turns":6.0},{"damage":25.0,"enemies":"Book of Stabbing","floor":29.0,"turns":6.0},{"damage":18.0,"enemies":"Cultist and Chosen","floor":31.0,"turns":6.0},{"damage":25.0,"enemies":"Collector","floor":33.0,"turns":8.0},{"damage":12.0,"enemies":"3 Darklings","floor":35.0,"turns":5.0},{"damage":2.0,"enemies":"Orb Walker","floor":36.0,"turns":3.0},{"damage":4.0,"enemies":"Sphere and 2 Shapes","floor":39.0,"turns":7.0},{"damage":47.0,"enemies":"Giant Head","floor":40.0,"turns":7.0},{"damage":8.0,"enemies":"Mind Bloom Boss Battle","floor":42.0,"turns":9.0},{"damage":14.0,"enemies":"Nemesis","floor":45.0,"turns":7.0},{"damage":13.0,"enemies":"4 Shapes","floor":48.0,"turns":6.0},{"damage":42.0,"enemies":"Awakened One","floor":50.0,"turns":9.0},{"damage":66,"enemies":"Shield and Spear","floor":54,"turns":6},{"damage":97,"enemies":"The Heart","floor":55,"turns":9}],"seed_played":"1553266472709788485","potions_obtained":[{"floor":6.0,"key":"Strength Potion"},{"floor":11.0,"key":"Explosive Potion"},{"floor":12.0,"key":"BloodPotion"},{"floor":14.0,"key":"SmokeBomb"}],"is_trial":false,"path_per_floor":["M","?","M","M","M","E","$","?","T","M","M","E","R","?","R","B",null,"M","?","?","?","M","R","E","R","T","$","$","E","?","M","R","B",null,"M","M","?","$","M","E","R","?","T","R","E","?","?","M","R","B",null,"R","$","E","B"],"character_chosen":"IRONCLAD","items_purchased":["Weak Potion","Medical Kit","ClockworkSouvenir","Disarm"],"campfire_rested":6,"item_purchase_floors":[7,7,27,53],"current_hp_per_floor":[73,73,75,75,75,20,20,20,20,20,23,16,38,42,42,23,62,51,30,30,30,35,58,27,50,50,50,50,31,31,22,46,30,71,68,75,59,59,61,20,47,48,48,75,69,69,69,69,69,33,85,85,85,27,0,0],"gold":83,"neow_bonus":"HUNDRED_GOLD","is_daily":false,"chose_seed":false,"campfire_upgraded":2,"win_rate":0.0,"timestamp":1611617954,"path_taken":["M","?","M","M","?","E","$","?","T","M","?","E","R","?","R","BOSS","M","?","?","?","M","R","E","R","T","?","$","E","?","M","R","BOSS","M","M","?","$","M","E","R","?","T","R","E","?","?","M","R","BOSS","R","$","E","BOSS"],"items_purchased_type":["Potion","Relic","Relic","Card"],"build_version":"2020-12-22","purchased_purges":4,"victory":false,"max_hp_per_floor":[75,75,75,75,75,75,75,75,75,75,75,75,75,75,75,75,75,78,78,78,78,78,78,78,78,78,78,78,78,78,81,81,84,84,87,90,90,90,90,90,90,93,93,93,95,95,95,102,102,102,102,102,102,104,104,104],"card_choices":[{"not_picked":["Havoc","Clash"],"picked":"Headbutt","floor":1.0},{"not_picked":["Headbutt","Body Slam"],"picked":"Cleave","floor":3.0},{"not_picked":["Wild Strike","Spot Weakness"],"picked":"Rupture","floor":4.0},{"not_picked":["Perfected Strike","Warcry"],"picked":"True Grit","floor":5.0},{"not_picked":["Armaments","Perfected Strike","Thunderclap"],"picked":"SKIP","floor":6.0},{"not_picked":["Sword Boomerang","Feel No Pain"],"picked":"Heavy Blade","floor":10.0},{"not_picked":["Thunderclap","Battle Trance"],"picked":"Brutality","floor":11.0},{"not_picked":["Warcry","Flex"],"picked":"Shrug It Off","floor":12.0},{"not_picked":["Immolate","Berserk"],"picked":"Feed","floor":16.0},{"not_picked":["Pommel Strike","Clash"],"picked":"Shrug It Off","floor":18.0},{"not_picked":["True Grit","Body Slam","Flex"],"picked":"SKIP","floor":22.0},{"not_picked":["Body Slam","Ghostly Armor"],"picked":"Shrug It Off","floor":24.0},{"not_picked":["Flex","Seeing Red"],"picked":"Limit Break","floor":29.0},{"not_picked":["Flex+1","Inflame"],"picked":"Shockwave","floor":31.0},{"not_picked":["Warcry","Ghostly Armor","Body Slam"],"picked":"SKIP","floor":31.0},{"not_picked":["Feed","Impervious"],"picked":"Barricade","floor":33.0},{"not_picked":["Fire Breathing","Ghostly Armor"],"picked":"Shrug It Off","floor":35.0},{"not_picked":["Spot Weakness","Sword Boomerang","Wild Strike"],"picked":"SKIP","floor":35.0},{"not_picked":["Wild Strike+1","Rage"],"picked":"Body Slam","floor":36.0},{"not_picked":["Clash+1","True Grit","Flex"],"picked":"SKIP","floor":36.0},{"not_picked":["Thunderclap","Carnage","Metallicize"],"picked":"SKIP","floor":40.0},{"not_picked":["Heavy Blade","Clothesline","Flex"],"picked":"Singing Bowl","floor":45.0},{"not_picked":["Anger","Twin Strike","Bloodletting"],"picked":"Singing Bowl","floor":48.0},{"not_picked":["Entrench","Sword Boomerang+1","Metallicize"],"picked":"Singing Bowl","floor":48.0},{"not_picked":["Armaments","Perfected Strike","Thunderclap"],"picked":"Singing Bowl","floor":54}],"player_experience":904409,"relics_obtained":[{"floor":2.0,"key":"Anchor"},{"floor":6.0,"key":"Pen Nib"},{"floor":12.0,"key":"Red Skull"},{"floor":14.0,"key":"Odd Mushroom"},{"floor":19.0,"key":"Nilry\u0027s Codex"},{"floor":24.0,"key":"Prayer Wheel"},{"floor":26.0,"key":"HornCleat"},{"floor":29.0,"key":"Self Forming Clay"},{"floor":40.0,"key":"Paper Frog"},{"floor":42.0,"key":"Lizard Tail"},{"floor":43.0,"key":"MawBank"},{"floor":45.0,"key":"Singing Bowl"},{"floor":54,"key":"Kunai"}],"event_choices":[{"damage_healed":0.0,"max_hp_gain":0.0,"max_hp_loss":0.0,"gold_gain":0.0,"event_name":"Wheel of Change","player_choice":"Relic","floor":2.0,"gold_loss":0.0,"damage_taken":0.0},{"damage_healed":0.0,"max_hp_gain":0.0,"max_hp_loss":0.0,"gold_gain":0.0,"event_name":"Lab","player_choice":"Got Potions","floor":8.0,"gold_loss":0.0,"damage_taken":0.0},{"damage_healed":0.0,"max_hp_gain":0.0,"max_hp_loss":0.0,"gold_gain":0.0,"event_name":"Mushrooms","player_choice":"Fought Mushrooms","floor":14.0,"gold_loss":0.0,"damage_taken":0.0},{"damage_healed":0.0,"max_hp_gain":0.0,"max_hp_loss":0.0,"gold_gain":0.0,"event_name":"Cursed Tome","player_choice":"Obtained Book","floor":19.0,"gold_loss":0.0,"damage_taken":21.0},{"damage_healed":0.0,"max_hp_gain":0.0,"max_hp_loss":0.0,"gold_gain":0.0,"event_name":"Ghosts","player_choice":"Ignored","floor":20.0,"gold_loss":0.0,"damage_taken":0.0},{"damage_healed":0.0,"max_hp_gain":0.0,"max_hp_loss":0.0,"gold_gain":0.0,"event_name":"Back to Basics","player_choice":"Simplicity","floor":21.0,"gold_loss":0.0,"damage_taken":0.0,"cards_upgraded":["Strike_R","Strike_R","Strike_R","Strike_R","Defend_R","Defend_R","Defend_R","Defend_R"]},{"damage_healed":0.0,"max_hp_gain":0.0,"max_hp_loss":0.0,"gold_gain":0.0,"event_name":"Winding Halls","player_choice":"Embrace Madness","floor":37.0,"gold_loss":0.0,"damage_taken":16.0,"cards_obtained":["Madness","Madness"]},{"damage_healed":0.0,"max_hp_gain":0.0,"max_hp_loss":0.0,"gold_gain":0.0,"event_name":"MindBloom","player_choice":"Fight","floor":42.0,"gold_loss":0.0,"damage_taken":0.0},{"damage_healed":0.0,"max_hp_gain":0.0,"max_hp_loss":0.0,"gold_gain":0.0,"event_name":"Tomb of Lord Red Mask","player_choice":"Ignored","floor":46.0,"gold_loss":0.0,"damage_taken":0.0},{"damage_healed":0.0,"max_hp_gain":0.0,"max_hp_loss":0.0,"gold_gain":0.0,"event_name":"Accursed Blacksmith","player_choice":"Rummage","floor":47.0,"gold_loss":0.0,"damage_taken":0.0,"relics_obtained":["WarpedTongs"],"cards_obtained":["Pain"]}],"is_beta":false,"boss_relics":[{"not_picked":["Busted Crown","Velvet Choker"],"picked":"Sozu"},{"not_picked":["Empty Cage","Coffee Dripper"],"picked":"Astrolabe"}],"items_purged_floors":[7,28,38,53],"is_endless":false,"potions_floor_spawned":[6,11,12,14,31,36,40,45],"killed_by":"The Heart","ascension_level":15}}