{"host":"5v9rfzf5qju8k9wy","time":1611578231,"event":{"mods":["Act Like it!","BaseMod","Downfall","Hermit","Koishi","Lobotomy","Marisa£®ÏF”Í°°ƒß¿Ì…≥£©","Minty Spire (QoL Compilation)","StSLib","The Cursed"],"gold_per_floor":[119,119,143,15,27,27,27],"floor_reached":6,"language":"ZHS","playtime":205,"items_purged":[],"score":34,"play_id":"9174840f-d9c5-4f85-9b08-e8ef1f7a92a5","local_time":"20210125203711","is_ascension_mode":false,"campfire_choices":[],"circlet_count":0,"master_deck":["Koishi:BasicStrike","Koishi:BasicStrike","Koishi:BasicStrike","Koishi:BasicStrike","Koishi:BasicDefend","Koishi:BasicDefend","Koishi:BasicDefend","Koishi:BasicDefend","Koishi:Provoke","Koishi:HauntingSlash","WhitesApple","Koishi:EmbryosDream","Parasite","OSAHOGD","Koishi:ReflexRadar"],"relics":["Koishi:ImaginaryFriend","CogitoBucket","Koishi:AHoleWhereASisterShouldBe","Toy Ornithopter"],"acts_visited":["Exordium"],"potions_floor_usage":[],"damage_taken":[{"damage":0,"enemies":"2 Louse","floor":1,"turns":3},{"damage":0,"enemies":"Jaw Worm","floor":5,"turns":4},{"damage":0,"enemies":"Lagavulin","floor":6,"turns":2}],"seed_played":"-7661685406942991184","potions_obtained":[{"floor":5,"key":"Explosive Potion"}],"is_trial":false,"path_per_floor":["M","?","T","?","M","E"],"character_chosen":"KOISHI","items_purchased":[],"campfire_rested":0,"item_purchase_floors":[],"current_hp_per_floor":[60,60,60,60,60,60,60],"gold":27,"neow_bonus":"","is_daily":false,"chose_seed":false,"campfire_upgraded":0,"win_rate":0.0,"timestamp":1611578231,"path_taken":["M","?","?","?","?","E"],"items_purchased_type":[],"build_version":"2020-12-22","purchased_purges":0,"victory":false,"max_hp_per_floor":[60,60,60,60,60,60,60],"card_choices":[{"not_picked":["BeautyBeast","MHz"],"picked":"WhitesApple","floor":1},{"not_picked":["Koishi:StrangeCloudFist","Koishi:PhantomStrike"],"picked":"Koishi:EmbryosDream","floor":1},{"not_picked":["CrumblingArmor","Freischutz"],"picked":"OSAHOGD","floor":5},{"not_picked":["Koishi:StrangeCloudFist","Koishi:ConditionedTeleport"],"picked":"Koishi:ReflexRadar","floor":5}],"player_experience":102126,"relics_obtained":[{"floor":3,"key":"Koishi:AHoleWhereASisterShouldBe"}],"event_choices":[{"damage_healed":0,"gold_gain":0,"player_choice":"Ignored","damage_taken":0,"max_hp_gain":0,"max_hp_loss":0,"event_name":"Liars Game","floor":2,"gold_loss":0},{"damage_healed":0,"gold_gain":0,"player_choice":"Paid Gold","damage_taken":0,"relics_obtained":["Toy Ornithopter"],"max_hp_gain":0,"max_hp_loss":0,"event_name":"WeMeetAgain","floor":4,"gold_loss":128}],"is_beta":false,"boss_relics":[],"items_purged_floors":[],"is_endless":false,"potions_floor_spawned":[5],"killed_by":"Lagavulin","ascension_level":0}}