{"host":"snn1c4qsf0fj7fzf","time":1611586815,"event":{"mods":["AchievementEnabler","Aspiration","Astrologer","BaseMod","Colored Powertips","Downfall","Hermit","Infinite Spire","Lobotomy","Marisa????????","Minty Spire (QoL Compilation)","Random Character Button","Rare Cards Sparkle","Reimu??????","Reliquary","Replay The Spire","Shop Mod","Spire Arcade","StSLib","The Administrix","The Cursed","The Gatherer","The Hierophant","The Poker Player","The Runesmith","Wandering Minibosses"],"gold_per_floor":[114,114,189,200,218,218,248,173,196,96,96,115,115,150,150,150,150],"floor_reached":16,"language":"ENG","playtime":621,"items_purged":["Strike_B","Defend_B"],"score":146,"play_id":"ddae39d6-2d28-4791-833d-825db9c617ce","local_time":"20210125230015","is_ascension_mode":true,"campfire_choices":[{"data":"Zap","floor":11,"key":"SMITH"},{"data":"infinitespire:Oblivion","floor":15,"key":"SMITH"}],"circlet_count":0,"master_deck":["Strike_B","Strike_B","Defend_B","Defend_B","Defend_B","Zap+1","Dualcast","Steam","infinitespire:Oblivion+1","Cold Snap","ReplayTheSpireMod:Reroute Power","Aggregate","Melter","Chill"],"relics":["Cracked Core","aspiration:Nostalgia","champ:ChampionCrown","Pondfish Scales","infinitespire:PuzzleCube","Unceasing Top","Gremlin Food"],"acts_visited":["Exordium"],"potions_floor_usage":[14,16],"damage_taken":[{"damage":9,"enemies":"Small Slimes","floor":1,"turns":3},{"damage":1,"enemies":"Jaw Worm","floor":4,"turns":2},{"damage":7,"enemies":"2 Louse","floor":5,"turns":3},{"damage":9,"enemies":"3 Sentries","floor":7,"turns":8},{"damage":4,"enemies":"Exordium Wildlife","floor":12,"turns":3},{"damage":0,"enemies":"Gremlin Nob","floor":14,"turns":3},{"damage":17,"enemies":"The Guardian","floor":16,"turns":7}],"seed_played":"3313676893108025546","potions_obtained":[{"floor":4,"key":"SteroidPotion"},{"floor":5,"key":"Ancient Potion"},{"floor":12,"key":"LifebloodPotion"}],"is_trial":false,"path_per_floor":["M","?","?","M","M","?","E","$","T","$","R","M","T","E","R","B"],"character_chosen":"DEFECT","items_purchased":[],"campfire_rested":0,"item_purchase_floors":[],"current_hp_per_floor":[66,47,36,35,28,28,19,19,19,19,19,15,15,15,15,0,0],"gold":150,"neow_bonus":"NOSTALGIA","is_daily":false,"chose_seed":false,"campfire_upgraded":2,"win_rate":0.0,"timestamp":1611586815,"path_taken":["M","?","?","M","?","?","E","$","T","$","R","M","?","E","R","BOSS"],"items_purchased_type":[],"build_version":"2020-12-22","purchased_purges":2,"victory":false,"max_hp_per_floor":[75,75,75,75,75,75,75,75,75,75,75,75,75,75,75,75,75],"card_choices":[{"not_picked":["Compile Driver","Reinforced Body"],"picked":"Steam","floor":1},{"not_picked":["infinitespire:DeathsTouch","infinitespire:FinalStrike"],"picked":"infinitespire:Oblivion","floor":2},{"not_picked":["Panic Button","Compile Driver"],"picked":"Cold Snap","floor":4},{"not_picked":["Chaos","Meteor Strike"],"picked":"ReplayTheSpireMod:Reroute Power","floor":5},{"not_picked":["ReplaySolidLightProjector","Hologram"],"picked":"Aggregate","floor":7},{"not_picked":["Stack","BasicCrystalCard"],"picked":"Melter","floor":12},{"not_picked":["ReplayTheSpireMod:System Scan","BasicCrystalCard"],"picked":"Chill","floor":14}],"player_experience":319192,"relics_obtained":[{"floor":7,"key":"Pondfish Scales"},{"floor":9,"key":"infinitespire:PuzzleCube"},{"floor":13,"key":"Unceasing Top"},{"floor":14,"key":"Gremlin Food"}],"event_choices":[{"damage_healed":0,"gold_gain":75,"player_choice":"Gather Gold","damage_taken":11,"max_hp_gain":0,"max_hp_loss":0,"event_name":"World of Goop","floor":3,"gold_loss":0},{"cards_removed":["Strike_B"],"damage_healed":0,"gold_gain":0,"player_choice":"Forget","damage_taken":0,"max_hp_gain":0,"max_hp_loss":0,"event_name":"Living Wall","floor":6,"gold_loss":0}],"is_beta":false,"boss_relics":[],"items_purged_floors":[8,10],"is_endless":false,"potions_floor_spawned":[4,5,12],"killed_by":"The Guardian","ascension_level":2}}