{"host":"0ueeacaatm8t6jyh","time":1611566132,"event":{"mods":["AchievementEnabler","BaseMod","Colored Powertips","Minty Spire (QoL Compilation)","Quick Restart","Rare Cards Sparkle","Shop Mod","StSLib"],"gold_per_floor":[119,194,194,194,156,156,188,188,188,113,141,166,176,176,176,176,176],"floor_reached":16,"language":"ZHS","playtime":381,"items_purged":["Regret"],"score":262,"play_id":"1a5980a9-79e1-4d18-aac0-19ac15fcf534","local_time":"20210125171532","is_ascension_mode":true,"campfire_choices":[{"data":"Eruption","floor":6.0,"key":"SMITH"},{"data":"TalkToTheHand","floor":8.0,"key":"SMITH"},{"data":"MentalFortress","floor":15.0,"key":"SMITH"}],"circlet_count":0,"master_deck":["AscendersBane","Strike_P","Strike_P","Strike_P","Defend_P","Defend_P","Defend_P","Defend_P","Eruption+1","Vigilance","TalkToTheHand+1","DevaForm","Worship","MentalFortress+1","Collect"],"relics":["PureWater","NeowsBlessing","Gremlin Horn","Oddly Smooth Stone","HornCleat","Incense Burner","Odd Mushroom"],"acts_visited":["Exordium"],"potions_floor_usage":[16],"damage_taken":[{"damage":0.0,"enemies":"2 Louse","floor":1.0,"turns":1.0},{"damage":0.0,"enemies":"3 Sentries","floor":7.0,"turns":1.0},{"damage":0.0,"enemies":"Lagavulin","floor":11.0,"turns":1.0},{"damage":3.0,"enemies":"The Mushroom Lair","floor":12.0,"turns":5.0},{"damage":0.0,"enemies":"Jaw Worm","floor":13.0,"turns":6.0},{"damage":42,"enemies":"Hexaghost","floor":16,"turns":14}],"seed_played":"-1580747981362753400","potions_obtained":[{"floor":7.0,"key":"StancePotion"}],"is_trial":false,"path_per_floor":["M","?","?","$","$","R","E","R","T","$","E","?","M","?","R","B"],"character_chosen":"WATCHER","items_purchased":["TalkToTheHand"],"campfire_rested":0,"item_purchase_floors":[5],"current_hp_per_floor":[61,50,50,50,50,50,50,50,50,50,50,47,47,47,47,5,5],"gold":176,"neow_bonus":"THREE_ENEMY_KILL","is_daily":false,"chose_seed":false,"campfire_upgraded":3,"win_rate":0.0,"timestamp":1611566132,"path_taken":["M","?","?","?","$","R","E","R","T","$","E","?","M","?","R","BOSS"],"items_purchased_type":["Card"],"build_version":"2020-12-22","purchased_purges":1,"victory":false,"max_hp_per_floor":[68,68,68,68,68,68,68,68,68,68,68,68,68,68,68,68,68],"card_choices":[{"not_picked":["PathToVictory","ThirdEye","ReachHeaven"],"picked":"SKIP","floor":1.0},{"not_picked":["BowlingBash","Protect"],"picked":"DevaForm","floor":7.0},{"not_picked":["EmptyFist","Nirvana","Pray"],"picked":"SKIP","floor":11.0},{"not_picked":["SandsOfTime","Consecrate"],"picked":"Worship","floor":12.0},{"not_picked":["Evaluate","FlurryOfBlows"],"picked":"MentalFortress","floor":13.0}],"player_experience":467406,"relics_obtained":[{"floor":7.0,"key":"Oddly Smooth Stone"},{"floor":9.0,"key":"HornCleat"},{"floor":11.0,"key":"Incense Burner"},{"floor":12.0,"key":"Odd Mushroom"}],"event_choices":[{"damage_healed":0.0,"max_hp_gain":0.0,"max_hp_loss":0.0,"gold_gain":75.0,"event_name":"World of Goop","player_choice":"Gather Gold","floor":2.0,"gold_loss":0.0,"damage_taken":11.0},{"damage_healed":0.0,"max_hp_gain":0.0,"max_hp_loss":0.0,"gold_gain":0.0,"event_name":"Big Fish","player_choice":"Box","floor":3.0,"gold_loss":0.0,"damage_taken":0.0,"relics_obtained":["Gremlin Horn"],"cards_obtained":["Regret"]},{"damage_healed":0.0,"max_hp_gain":0.0,"max_hp_loss":0.0,"gold_gain":0.0,"event_name":"Mushrooms","player_choice":"Fought Mushrooms","floor":12.0,"gold_loss":0.0,"damage_taken":0.0},{"damage_healed":0.0,"max_hp_gain":0.0,"max_hp_loss":0.0,"gold_gain":0.0,"cards_transformed":["Strike_P"],"event_name":"Transmorgrifier","player_choice":"Transformed","floor":14.0,"gold_loss":0.0,"damage_taken":0.0,"cards_obtained":["Collect"]}],"is_beta":false,"boss_relics":[],"items_purged_floors":[10],"is_endless":false,"potions_floor_spawned":[7],"killed_by":"Hexaghost","ascension_level":14}}