{"host":"1tl36azeqm6yhdgj","time":1611582010,"event":{"mods":["AchievementEnabler","BaseMod","Minty Spire (QoL Compilation)","StSLib","The IronCluck","everything is the same but u backflip on backflip"],"gold_per_floor":[366,366,382,392,171,202,202,234,234,234,234,234,254,316,316,316,316],"floor_reached":16,"language":"ENG","playtime":384,"items_purged":["Strike_R"],"score":216,"play_id":"e441e202-293f-4cc5-bd24-f91a77df8cf9","local_time":"20210125084010","is_ascension_mode":true,"campfire_choices":[{"floor":7,"key":"REST"},{"floor":10,"key":"REST"},{"data":"Enlightenment","floor":12,"key":"SMITH"},{"floor":15,"key":"REST"}],"circlet_count":0,"master_deck":["AscendersBane","Strike_R","Strike_R","Defend_R","Defend_R","Defend_R","Defend_R","Bash","Disarm","Rampage","Seeing Red","Carnage","Enlightenment+1","Iron Wave","Cleave","Burning Pact"],"relics":["Burning Blood","Smiling Mask","Unceasing Top","The Courier"],"acts_visited":["Exordium"],"potions_floor_usage":[6,6,8,16],"damage_taken":[{"damage":11,"enemies":"Jaw Worm","floor":1,"turns":5},{"damage":15,"enemies":"Small Slimes","floor":3,"turns":4},{"damage":1,"enemies":"Cultist","floor":4,"turns":4},{"damage":32,"enemies":"Gremlin Nob","floor":6,"turns":4},{"damage":24,"enemies":"3 Sentries","floor":8,"turns":7},{"damage":12,"enemies":"Exordium Wildlife","floor":13,"turns":4},{"damage":57,"enemies":"Hexaghost","floor":16,"turns":9}],"seed_played":"5791914971988863536","potions_obtained":[{"floor":4,"key":"BlessingOfTheForge"},{"floor":6,"key":"Explosive Potion"},{"floor":13,"key":"SpeedPotion"}],"is_trial":false,"path_per_floor":["M","?","M","M","$","E","R","E","T","R","?","R","M","?","R","B"],"character_chosen":"IRONCLAD","items_purchased":["Enlightenment","Explosive Potion"],"campfire_rested":3,"item_purchase_floors":[5,5],"current_hp_per_floor":[45,45,36,41,41,15,37,19,19,41,41,41,35,35,57,0,0],"gold":316,"neow_bonus":"TWO_FIFTY_GOLD","is_daily":false,"chose_seed":false,"campfire_upgraded":1,"win_rate":0.0,"timestamp":1611582010,"path_taken":["M","?","M","M","$","E","R","E","T","R","?","R","?","?","R","BOSS"],"items_purchased_type":["Card","Potion"],"build_version":"2020-12-22","purchased_purges":1,"victory":false,"max_hp_per_floor":[75,75,75,75,75,75,75,75,75,75,75,75,75,75,75,75,75],"card_choices":[{"not_picked":["Anger","Sword Boomerang"],"picked":"Disarm","floor":1},{"not_picked":["Body Slam","Clash"],"picked":"Seeing Red","floor":3},{"not_picked":["Clash","Intimidate"],"picked":"Carnage","floor":4},{"not_picked":["Blood for Blood","Entrench"],"picked":"Iron Wave","floor":6},{"not_picked":["Twin Strike","Battle Trance"],"picked":"Cleave","floor":8},{"not_picked":["True Grit","Seeing Red"],"picked":"Burning Pact","floor":13}],"player_experience":2039387,"relics_obtained":[{"floor":6,"key":"Smiling Mask"},{"floor":8,"key":"Unceasing Top"},{"floor":9,"key":"The Courier"}],"event_choices":[{"damage_healed":0,"gold_gain":0,"cards_transformed":["Strike_R"],"player_choice":"Change","damage_taken":0,"max_hp_gain":0,"max_hp_loss":0,"event_name":"Living Wall","floor":2,"gold_loss":0,"cards_obtained":["Rampage"]},{"cards_removed":["Strike_R"],"damage_healed":0,"gold_gain":0,"player_choice":"Offered Basic","damage_taken":0,"max_hp_gain":0,"max_hp_loss":0,"event_name":"Bonfire Elementals","floor":11,"gold_loss":0},{"damage_healed":0,"gold_gain":62,"player_choice":"Gained Gold","damage_taken":0,"max_hp_gain":0,"max_hp_loss":0,"event_name":"Golden Wing","floor":14,"gold_loss":0}],"is_beta":false,"boss_relics":[],"items_purged_floors":[5],"is_endless":false,"potions_floor_spawned":[4,6,13],"killed_by":"Hexaghost","ascension_level":20}}