{"host":"q1ejl7hv5l3527la","time":1611551837,"event":{"mods":["Aspiration","BaseMod","Better Altar","Better Third Choice","Colored Powertips","Downfall","Energized Spire","Evolution","Highlight Path","Infinite Spire","Jorbs\u0027s Wanderer Trilogy","Minty Spire (QoL Compilation)","Replay The Spire","Shop Mod","StSLib","The Hierophant","The Juggle"],"gold_per_floor":[116,116,5,5,18,18,53,53,53,89,89,129,129,150,150,280,280,293,293,411,425,446,446,484,509,583,708,708,708,708,708,28,41,41,166,466,489,489,489],"floor_reached":38,"language":"ENG","playtime":3004,"items_purged":["Injury","Voices"],"score":531,"play_id":"60140b00-934c-4fa6-a58d-94308a8b6360","local_time":"20210124231717","is_ascension_mode":true,"campfire_choices":[{"data":"Zap","floor":6.0,"key":"SMITH"},{"floor":8.0,"key":"REST"},{"data":"Dualcast","floor":11.0,"key":"SMITH"},{"floor":15.0,"key":"REST"},{"data":"Fission","floor":23.0,"key":"SMITH"},{"floor":30.0,"key":"REST"}],"circlet_count":0,"master_deck":["Zap+1","Dualcast+1","Panic Button","Steam+1","Cold Snap+1","Beam Cell+1","Conserve Battery","Rebound+1","Go for the Eyes+1","All For One+1","Sweeping Beam+1","ReplayTheSpireMod:Reroute Power+1","Replay:Fractal Strike+1","Reboot","BasicCrystalCard+1","Core Surge+1","Reboot","Biased Cognition","Recycle","Panic Button","Seek","infinitespire:Menacing","Conserve Battery","Streamline+1","Conserve Battery","Barrage+1","Redo+1","Fission+1","Defragment+1","Redo+1","Redo+1","FTL+1","Blind","infinitespire:Menacing","Storm","Finesse","Rip and Tear+1","All For One+1","Rebound+1","ReplayTheSpireMod:System Scan+1","All For One+1","CurseOfTheBell","Barrage+1","Coolheaded"],"relics":["Cracked Core","EVO:Axolotl","Molten Egg 2","Golden Idol","Potion Belt","Solar Panel","Prayer Wheel","Gremlin Food","Question Card","Ring of Hypnosis","Busted Crown","Unceasing Top","Pandora\u0027s Box","Blood Vial","Replay:Kaleidoscope","Matryoshka","FossilizedHelix","Replay:Bottled Flurry","Bronze Scales","DollysMirror","Calling Bell","ReplayTheSpireMod:TigerMarble","Replay:Ringing Soul","Old Coin"],"acts_visited":["Exordium","TheCity","TheBeyond"],"potions_floor_usage":[35,35,35,38,38,38],"damage_taken":[{"damage":1.0,"enemies":"Cultist","floor":1.0,"turns":3.0},{"damage":4.0,"enemies":"Small Slimes","floor":5.0,"turns":3.0},{"damage":14.0,"enemies":"3 Sentries","floor":7.0,"turns":6.0},{"damage":12.0,"enemies":"Gremlin Nob","floor":10.0,"turns":3.0},{"damage":12.0,"enemies":"Lagavulin","floor":12.0,"turns":5.0},{"damage":0.0,"enemies":"2 Louse","floor":14.0,"turns":2.0},{"damage":69.0,"enemies":"Fading Forest","floor":16.0,"turns":11.0},{"damage":10.0,"enemies":"Spheric Guardian","floor":18.0,"turns":4.0},{"damage":0.0,"enemies":"Chosen","floor":21.0,"turns":2.0},{"damage":4.0,"enemies":"Centurion and Healer","floor":22.0,"turns":4.0},{"damage":20.0,"enemies":"Replay:Snechameleon","floor":24.0,"turns":3.0},{"damage":0.0,"enemies":"Shelled Parasite and Fungi","floor":25.0,"turns":2.0},{"damage":0.0,"enemies":"Colosseum Slavers","floor":27.0,"turns":3.0},{"damage":9.0,"enemies":"Colosseum Nobs","floor":27.0,"turns":3.0},{"damage":0.0,"enemies":"Sentry and Sphere","floor":33.0,"turns":3.0},{"damage":0,"enemies":"Collector","floor":35,"turns":7},{"damage":0,"enemies":"Orb Walker","floor":37,"turns":3},{"damage":0,"enemies":"infinitespire:Three Voidlings","floor":38,"turns":4},{"damage":84,"enemies":"Nightmare_Alpha","floor":38,"turns":5}],"seed_played":"-9079924735930813335","potions_obtained":[{"floor":1.0,"key":"AttackPotion"},{"floor":5.0,"key":"FocusPotion"},{"floor":18.0,"key":"ColorlessPotion"},{"floor":24.0,"key":"SkillPotion"},{"floor":27.0,"key":"PotionOfCapacity"},{"floor":33.0,"key":"SpeedPotion"}],"is_trial":false,"path_per_floor":["M","?","$","?","M","R","E","R","T","E","R","E","?","M","R","B",null,"M","AVR","?","M","M","R","E","M","T","?","PTL","PTL","R","?","$","M","R","B",null,"M","?"],"character_chosen":"DEFECT","items_purchased":["Steam+1","Bronze Scales","DollysMirror","Storm","LiquidBronze","Finesse","Rip and Tear+1","All For One+1"],"campfire_rested":3,"item_purchase_floors":[3,32,32,32,32,32,32,32],"current_hp_per_floor":[81,81,81,76,72,72,58,76,76,64,64,52,52,56,76,21,76,66,66,66,68,68,68,50,58,58,57,57,57,76,58,58,62,62,64,76,79,0,0],"gold":489,"neow_bonus":"TEN_PERCENT_HP_BONUS","is_daily":false,"chose_seed":false,"campfire_upgraded":3,"win_rate":0.0,"timestamp":1611551837,"path_taken":["M","?","$","?","M","R","E","R","T","E","R","E","?","M","R","BOSS","M","AVR","?","M","M","R","E","M","T","?","PTL","PTL","R","?","$","?","R","BOSS","M","?"],"items_purchased_type":["Card","Relic","Relic","Card","Potion","Card","Card","Card"],"build_version":"2020-12-22","purchased_purges":2,"victory":false,"max_hp_per_floor":[82,82,82,76,76,76,76,76,76,76,76,76,76,76,76,76,76,76,76,76,76,76,76,76,76,76,76,76,76,76,76,76,76,76,76,76,79,79,79],"card_choices":[{"not_picked":["Cold Snap","Sunder"],"picked":"Panic Button","floor":1.0},{"not_picked":["Reinforced Body","Turbo"],"picked":"Cold Snap+1","floor":5.0},{"not_picked":["Hologram","Streamline+1"],"picked":"ReplayTheSpireMod:Fabricate Wheel","floor":7.0},{"not_picked":["Sweeping Beam+1","aspiration:Polymerization"],"picked":"Beam Cell+1","floor":10.0},{"not_picked":["ReplaySort","Multi-Cast"],"picked":"Conserve Battery","floor":12.0},{"not_picked":["Ball Lightning+1","ReplaySort","Cold Snap+1"],"picked":"Rebound+1","floor":14.0},{"not_picked":["Loop","BasicCrystalCard","Steam"],"picked":"Go for the Eyes+1","floor":14.0},{"not_picked":["Creative AI","Electrodynamics","Rainbow"],"picked":"All For One+1","floor":16.0},{"not_picked":["Turbo"],"picked":"Sweeping Beam+1","floor":18.0},{"not_picked":["BasicCrystalCard+1"],"picked":"ReplayTheSpireMod:Reroute Power+1","floor":18.0},{"not_picked":["Turbo"],"picked":"Conserve Battery","floor":20.0},{"not_picked":["Cold Snap+1"],"picked":"Streamline+1","floor":20.0},{"not_picked":["Melter+1"],"picked":"Conserve Battery","floor":21.0},{"not_picked":["Chill"],"picked":"Barrage+1","floor":21.0},{"not_picked":["Cold Snap+1"],"picked":"Redo+1","floor":22.0},{"not_picked":["Self Repair"],"picked":"Fission","floor":22.0},{"not_picked":["Redo"],"picked":"Defragment+1","floor":24.0},{"not_picked":["ReplayTheSpireMod:GoodbyeWorld+1"],"picked":"Redo+1","floor":25.0},{"not_picked":["Cold Snap+1"],"picked":"Redo+1","floor":25.0},{"not_picked":["Go for the Eyes+1"],"picked":"FTL+1","floor":27.0},{"not_picked":["Blizzard+1"],"picked":"Rebound+1","floor":33.0},{"not_picked":["Turbo"],"picked":"ReplayTheSpireMod:System Scan+1","floor":33.0},{"not_picked":["Multi-Cast"],"picked":"All For One+1","floor":35},{"not_picked":["Hello World"],"picked":"Barrage+1","floor":37},{"not_picked":["Turbo"],"picked":"Coolheaded","floor":37}],"player_experience":113148,"relics_obtained":[{"floor":7.0,"key":"Potion Belt"},{"floor":9.0,"key":"Solar Panel"},{"floor":10.0,"key":"Gremlin Food"},{"floor":12.0,"key":"Question Card"},{"floor":13.0,"key":"Ring of Hypnosis"},{"floor":20.0,"key":"Blood Vial"},{"floor":24.0,"key":"Replay:Kaleidoscope"},{"floor":26.0,"key":"Matryoshka"},{"floor":27.0,"key":"FossilizedHelix"},{"floor":27.0,"key":"Replay:Bottled Flurry"},{"floor":36,"key":"ReplayTheSpireMod:TigerMarble"},{"floor":36,"key":"Replay:Ringing Soul"},{"floor":36,"key":"Old Coin"}],"event_choices":[{"damage_healed":0.0,"max_hp_gain":0.0,"max_hp_loss":6.0,"gold_gain":0.0,"event_name":"Golden Idol","player_choice":"Lose Max HP","floor":4.0,"gold_loss":0.0,"damage_taken":0.0,"relics_obtained":["Golden Idol"]},{"damage_healed":0.0,"max_hp_gain":0.0,"max_hp_loss":0.0,"gold_gain":0.0,"event_name":"Colosseum","player_choice":"Fight","floor":27.0,"gold_loss":0.0,"damage_taken":0.0},{"damage_healed":0.0,"max_hp_gain":0.0,"max_hp_loss":0.0,"gold_gain":0.0,"event_name":"Colosseum","player_choice":"Fought Nobs","floor":27.0,"gold_loss":0.0,"damage_taken":0.0},{"damage_healed":0.0,"max_hp_gain":0.0,"max_hp_loss":0.0,"gold_gain":0.0,"event_name":"Knowing Skull","player_choice":"CARD POTION ","floor":31.0,"potions_obtained":["EntropicBrew"],"gold_loss":0.0,"damage_taken":18.0,"cards_obtained":["Blind"]},{"damage_healed":0,"gold_gain":0,"player_choice":"Simplicity","damage_taken":0,"max_hp_gain":0,"max_hp_loss":0,"event_name":"betterThird:BetterWriting","floor":34,"gold_loss":0}],"is_beta":false,"boss_relics":[{"not_picked":["Cursed Key","Ectoplasm"],"picked":"Busted Crown"},{"not_picked":["Philosopher\u0027s Stone","Sozu"],"picked":"Calling Bell"}],"items_purged_floors":[3,19],"is_endless":false,"potions_floor_spawned":[1,5,18,24,27,27,33,38],"killed_by":"Nightmare_Alpha","ascension_level":1}}