{"host":"rmsq46plbpwfbxcc","time":1611570467,"event":{"mods":["AchievementEnabler","BaseMod","Colored Map","Colored Powertips","DeckTracker","KOR Keyword Fix","Minty Spire (QoL Compilation)","Permanent Neow","Quick Restart","SuperFastMode"],"gold_per_floor":[109,34,51,65,15,15,45,57,102,102,115,115,140,40,40,40,40],"floor_reached":16,"language":"KOR","playtime":365,"items_purged":["Strike_G","Strike_G"],"score":154,"play_id":"52708f43-9da0-4165-a630-ee912d475a13","local_time":"20210125192747","is_ascension_mode":true,"campfire_choices":[{"data":"Blade Dance","floor":6,"key":"SMITH"},{"data":"Neutralize","floor":10,"key":"SMITH"},{"data":"Die Die Die","floor":12,"key":"SMITH"},{"data":"Burst","floor":15,"key":"SMITH"}],"circlet_count":0,"master_deck":["Strike_G","Strike_G","Strike_G","Defend_G","Defend_G","Defend_G","Defend_G","Survivor","Neutralize+1","Blade Dance+1","PiercingWail","Die Die Die+1","Burst+1"],"relics":["Black Star","Ornamental Fan","Bronze Scales","Bag of Marbles","Regal Pillow","Boot"],"acts_visited":["Exordium"],"potions_floor_usage":[7,13],"damage_taken":[{"damage":0,"enemies":"2 Louse","floor":1,"turns":3},{"damage":0,"enemies":"Small Slimes","floor":3,"turns":3},{"damage":4,"enemies":"Jaw Worm","floor":4,"turns":3},{"damage":28,"enemies":"Lagavulin","floor":7,"turns":8},{"damage":0,"enemies":"2 Fungi Beasts","floor":8,"turns":3},{"damage":0,"enemies":"Gremlin Gang","floor":11,"turns":3},{"damage":4,"enemies":"Gremlin Nob","floor":13,"turns":4},{"damage":37,"enemies":"Slime Boss","floor":16,"turns":8}],"seed_played":"-5903995570618626337","potions_obtained":[{"floor":3,"key":"Strength Potion"},{"floor":7,"key":"SkillPotion"},{"floor":11,"key":"SmokeBomb"}],"is_trial":false,"path_per_floor":["M","$","M","M","?","R","E","M","T","R","M","R","E","$","R","B"],"character_chosen":"THE_SILENT","items_purchased":[],"campfire_rested":0,"item_purchase_floors":[],"current_hp_per_floor":[63,63,63,59,59,59,31,31,31,31,31,31,27,27,27,0,0],"gold":40,"neow_bonus":"BOSS_RELIC","is_daily":false,"chose_seed":false,"campfire_upgraded":4,"win_rate":0.0,"timestamp":1611570467,"path_taken":["M","$","M","M","?","R","E","M","T","R","M","R","E","$","R","BOSS"],"items_purchased_type":[],"build_version":"2020-12-22","purchased_purges":2,"victory":false,"max_hp_per_floor":[70,70,70,70,70,70,70,70,70,70,70,70,70,70,70,70,70],"card_choices":[{"not_picked":["Dagger Throw","Prepared"],"picked":"Blade Dance","floor":1},{"not_picked":["Prepared","Expertise","Quick Slash"],"picked":"SKIP","floor":3},{"not_picked":["A Thousand Cuts","Outmaneuver"],"picked":"PiercingWail","floor":4},{"not_picked":["Calculated Gamble","Deflect"],"picked":"Die Die Die","floor":7},{"not_picked":["Bane","Eviscerate","Poisoned Stab"],"picked":"SKIP","floor":8},{"not_picked":["Poisoned Stab","Underhanded Strike","Blade Dance"],"picked":"SKIP","floor":11},{"not_picked":["Deflect","Predator"],"picked":"Burst","floor":13}],"player_experience":650495,"relics_obtained":[{"floor":7,"key":"Ornamental Fan"},{"floor":7,"key":"Bronze Scales"},{"floor":9,"key":"Bag of Marbles"},{"floor":13,"key":"Regal Pillow"},{"floor":13,"key":"Boot"}],"event_choices":[{"cards_removed":["Defend_G"],"damage_healed":0,"gold_gain":0,"player_choice":"Card Removal","damage_taken":0,"max_hp_gain":0,"max_hp_loss":0,"event_name":"The Cleric","floor":5,"gold_loss":50}],"is_beta":false,"boss_relics":[],"items_purged_floors":[2,14],"is_endless":false,"potions_floor_spawned":[3,7,11],"killed_by":"Slime Boss","ascension_level":8}}