{"host":"c95txy58ipbu969e","time":1611551291,"event":{"mods":["Act Like it!","BaseMod","Downfall","Minty Spire (QoL Compilation)","Quick Restart","StSLib"],"gold_per_floor":[99,99,99,99,99,99,150,162,194,208,219,233,268,278,291,388,388,388,400,414,426,168,195,195,195,205,205,90,90,104,131,150,252,252,52,65,85,135,151,205,205,205,218,118,146,157,157,212,223,223,223,258,117,117,117,117,117,117],"floor_reached":56,"language":"ZHS","playtime":4506,"items_purged":["bronze:Strike","bronze:Strike","bronze:Strike"],"score":882,"play_id":"3cceca9f-0988-4c8e-9f7c-34f7f4a57b81","local_time":"20210125130811","is_ascension_mode":true,"campfire_choices":[{"data":"bronze:Goto","floor":1.0,"key":"SMITH"},{"data":"bronze:Library","floor":18.0,"key":"SMITH"},{"floor":27.0,"key":"REST"},{"data":"Apotheosis","floor":35.0,"key":"SMITH"},{"floor":42.0,"key":"RECALL"},{"data":"bronze:Allocate","floor":44.0,"key":"SMITH"},{"data":"bronze:BronzeArmor","floor":54,"key":"SMITH"}],"circlet_count":0,"master_deck":["bronze:Defend","bronze:Defend","bronze:Defend","bronze:Defend","bronze:Replicate","bronze:Goto+1","bronze:Frontload","bronze:FollowUp","bronze:WildBeam","bronze:InfiniteBeams","bronze:GetLatest","bronze:Library+1","bronze:BurnOut","bronze:Allocate","bronze:BronzeOrb","Apotheosis+1","bronze:MaxOutput","Ghostly","Ghostly","Ghostly","Ghostly","Ghostly","bronze:FollowUp","bronze:BurnOut","bronze:AlphaBuild","bronze:MaxOutput+1","bronze:Allocate+1","bronze:Break","bronze:Terminator+1","bronze:BronzeArmor+1","bronze:ItsAFeature"],"relics":["bronze:BronzeCore","downfall:HeartsMalice","Bag of Preparation","Bronze Scales","Toy Ornithopter","bronze:MakeshiftBattery","Letter Opener","Lantern","expansioncontent:StudyCardRelic","downfall:HeartBlessingGreen","downfall:HeartBlessingBlue","Pocketwatch","Peace Pipe","Singing Bowl","downfall:HeartBlessingRed","Akabeko","FossilizedHelix"],"acts_visited":["Exordium","TheCity","TheBeyond","TheEnding"],"potions_floor_usage":[45,49,50,52,56,56,56],"damage_taken":[{"damage":0.0,"enemies":"Jaw Worm","floor":2.0,"turns":1.0},{"damage":0.0,"enemies":"Cultist","floor":4.0,"turns":1.0},{"damage":0.0,"enemies":"2 Louse","floor":5.0,"turns":1.0},{"damage":16.0,"enemies":"Red Slaver","floor":8.0,"turns":6.0},{"damage":11.0,"enemies":"Lagavulin","floor":9.0,"turns":5.0},{"damage":0.0,"enemies":"Gremlin Gang","floor":10.0,"turns":5.0},{"damage":0.0,"enemies":"Exordium Wildlife","floor":11.0,"turns":3.0},{"damage":8.0,"enemies":"Blue Slaver","floor":12.0,"turns":3.0},{"damage":6.0,"enemies":"3 Sentries","floor":13.0,"turns":5.0},{"damage":6.0,"enemies":"Large Slime","floor":14.0,"turns":4.0},{"damage":2.0,"enemies":"2 Fungi Beasts","floor":15.0,"turns":3.0},{"damage":24.0,"enemies":"IC_STATUS_ARCHETYPE","floor":16.0,"turns":6.0},{"damage":3.0,"enemies":"Chosen","floor":19.0,"turns":3.0},{"damage":2.0,"enemies":"Centurion and Healer","floor":20.0,"turns":8.0},{"damage":38.0,"enemies":"Snecko","floor":21.0,"turns":5.0},{"damage":0.0,"enemies":"downfall:FleeingMerchant","floor":22.0,"turns":4.0},{"damage":2.0,"enemies":"Book of Stabbing","floor":23.0,"turns":5.0},{"damage":13.0,"enemies":"Shelled Parasite and Fungi","floor":26.0,"turns":5.0},{"damage":7.0,"enemies":"downfall:FleeingMerchant","floor":28.0,"turns":4.0},{"damage":0.0,"enemies":"Centurion and Healer","floor":30.0,"turns":8.0},{"damage":0.0,"enemies":"Gremlin Leader","floor":31.0,"turns":5.0},{"damage":9.0,"enemies":"3 Cultists","floor":32.0,"turns":5.0},{"damage":15.0,"enemies":"SI_MIRROR_ARCHETYPE","floor":33.0,"turns":7.0},{"damage":12.0,"enemies":"3 Shapes","floor":36.0,"turns":3.0},{"damage":0.0,"enemies":"Orb Walker","floor":37.0,"turns":4.0},{"damage":3.0,"enemies":"Orb Walker","floor":38.0,"turns":5.0},{"damage":51.0,"enemies":"Transient","floor":39.0,"turns":5.0},{"damage":0.0,"enemies":"2 Orb Walkers","floor":40.0,"turns":4.0},{"damage":48.0,"enemies":"4 Shapes","floor":43.0,"turns":3.0},{"damage":0,"enemies":"Nemesis","floor":45,"turns":3},{"damage":0,"enemies":"3 Darklings","floor":46,"turns":3},{"damage":0,"enemies":"downfall:FleeingMerchant","floor":48,"turns":4},{"damage":0,"enemies":"Maw","floor":49,"turns":5},{"damage":5,"enemies":"DF_ARCHETYPE_ORBS","floor":50,"turns":6},{"damage":91,"enemies":"downfall:CharBossMerchant","floor":52,"turns":7},{"damage":2,"enemies":"downfall:NeowBoss","floor":55,"turns":7},{"damage":93,"enemies":"downfall:NeowBossFinal","floor":56,"turns":8}],"seed_played":"6032333867806794428","potions_obtained":[{"floor":3.0,"key":"SteroidPotion"},{"floor":3.0,"key":"FairyPotion"},{"floor":3.0,"key":"DistilledChaos"},{"floor":16.0,"key":"ColorlessPotion"},{"floor":31.0,"key":"SneckoOil"},{"floor":37.0,"key":"EntropicBrew"},{"floor":39.0,"key":"Fire Potion"},{"floor":45,"key":"SkillPotion"},{"floor":49,"key":"champ:CounterPotion"}],"is_trial":false,"path_per_floor":["R","M","?","M","M","?","T","M","E","M","M","M","E","M","M","B",null,"R","M","M","M","$","E","T","?","M","R","$","?","M","E","M","B",null,"R","M","M","?","M","?","T","R","M","R","E","M","?","$","M","B",null,"E","$","R","B","B"],"character_chosen":"THE_AUTOMATON","items_purchased":["Apotheosis","bronze:Break","bronze:BronzeArmor","bronze:ItsAFeature"],"campfire_rested":1,"item_purchase_floors":[22,48,53,53],"current_hp_per_floor":[70,70,70,70,70,70,70,54,43,43,43,35,29,23,21,2,70,70,67,65,27,27,25,25,25,12,33,31,31,31,31,22,7,35,45,33,33,30,13,13,13,13,12,12,19,21,21,23,28,28,53,52,52,52,50,0,0,0],"gold":117,"neow_bonus":"THREE_ENEMY_KILL","is_daily":false,"chose_seed":false,"campfire_upgraded":5,"win_rate":0.0,"timestamp":1611551291,"path_taken":["R","M","?","M","?","?","T","M","E","M","M","?","E","M","M","BOSS","R","M","?","M","$","E","T","?","M","R","$","?","M","E","M","BOSS","R","M","M","?","M","?","T","R","M","R","E","M","?","$","M","BOSS","E","$","R","BOSS","BOSS"],"items_purchased_type":["Card","Card","Card","Card"],"build_version":"2020-12-22","purchased_purges":3,"victory":false,"max_hp_per_floor":[70,70,70,70,70,70,70,70,70,70,70,70,70,70,70,70,70,70,70,70,70,70,70,70,70,70,70,70,35,35,35,35,35,35,45,45,45,45,45,45,45,45,47,47,49,51,51,53,53,53,53,55,55,55,55,55,55,55],"card_choices":[{"not_picked":["bronze:Overheat","bronze:WhirlingStrike"],"picked":"bronze:Frontload","floor":2.0},{"not_picked":["bronze:Allocate","bronze:Turbo"],"picked":"bronze:FollowUp","floor":4.0},{"not_picked":["bronze:Refactor","bronze:Frontload","bronze:WildBeam"],"picked":"SKIP","floor":5.0},{"not_picked":["bronze:Refactor","bronze:Frontload"],"picked":"bronze:WildBeam","floor":5.0},{"not_picked":["bronze:Backtrace","bronze:DelayedGuard","bronze:Overheat"],"picked":"SKIP","floor":8.0},{"not_picked":["bronze:Refactor","bronze:ChosenStrike","bronze:BitShift"],"picked":"SKIP","floor":9.0},{"not_picked":["bronze:WhirlingStrike","bronze:Iterate"],"picked":"bronze:InfiniteBeams","floor":10.0},{"not_picked":["bronze:CloningBeam","bronze:InfiniteBeams"],"picked":"bronze:GetLatest","floor":11.0},{"not_picked":["bronze:BitShift","bronze:Fortify","bronze:BuggyMess"],"picked":"SKIP","floor":12.0},{"not_picked":["bronze:Overload","bronze:Fortify","bronze:BuggyMess"],"picked":"SKIP","floor":13.0},{"not_picked":["bronze:Constructor","bronze:Overheat"],"picked":"bronze:Library","floor":14.0},{"not_picked":["bronze:WildBeam","bronze:Turbo","bronze:CutThrough"],"picked":"SKIP","floor":15.0},{"not_picked":["bronze:Format","bronze:Assembly"],"picked":"bronze:BurnOut","floor":16.0},{"not_picked":["bronze:Overheat","bronze:Shield"],"picked":"bronze:WhirlingStrike","floor":19.0},{"not_picked":["bronze:Return","bronze:FineTuning","bronze:Safeguard"],"picked":"SKIP","floor":20.0},{"not_picked":["bronze:Turbo","bronze:Separator"],"picked":"bronze:Allocate","floor":21.0},{"not_picked":["bronze:FollowUp","bronze:Return"],"picked":"bronze:BronzeOrb","floor":22.0},{"not_picked":["bronze:OilSpill","bronze:Return","bronze:Boost+1"],"picked":"SKIP","floor":23.0},{"not_picked":["bronze:Overheat","bronze:Assembly","bronze:Constructor"],"picked":"SKIP","floor":26.0},{"not_picked":["bronze:Philosophize","bronze:Hardcode"],"picked":"bronze:MaxOutput","floor":28.0},{"not_picked":["bronze:Frontload","bronze:WildBeam"],"picked":"bronze:FollowUp","floor":30.0},{"not_picked":["bronze:Shield","bronze:Constructor"],"picked":"bronze:BurnOut","floor":31.0},{"not_picked":["bronze:Overload+1","bronze:NullPointer+1","bronze:FollowUp"],"picked":"SKIP","floor":32.0},{"not_picked":["bronze:RecursiveStrike","bronze:TinkerersToolbox"],"picked":"bronze:AlphaBuild","floor":33.0},{"not_picked":["bronze:Safeguard","bronze:Backtrace+1","bronze:Overload+1"],"picked":"SKIP","floor":36.0},{"not_picked":["bronze:Optimize+1","bronze:DigitalCarnage+1","bronze:CutThrough"],"picked":"SKIP","floor":37.0},{"not_picked":["bronze:Refactor+1","bronze:DelayedGuard"],"picked":"bronze:MaxOutput+1","floor":39.0},{"not_picked":["bronze:WildBeam+1","bronze:DelayedGuard+1"],"picked":"bronze:Allocate","floor":40.0},{"not_picked":["bronze:Constructor+1","bronze:Turbo+1","bronze:Overheat"],"picked":"Singing Bowl","floor":43.0},{"not_picked":["bronze:Constructor","bronze:BronzeOrb+1","bronze:Repulsor"],"picked":"Singing Bowl","floor":45},{"not_picked":["bronze:ChosenStrike","bronze:Fortify","bronze:DelayedSlice+1"],"picked":"Singing Bowl","floor":46},{"not_picked":["bronze:Backtrace+1","bronze:GetLatest","bronze:Invalidate+1"],"picked":"Singing Bowl","floor":48},{"not_picked":["bronze:ChosenStrike","bronze:FineTuning+1"],"picked":"bronze:Terminator+1","floor":49},{"not_picked":["bronze:Branch","bronze:Overheat+1","bronze:Flail+1"],"picked":"Singing Bowl","floor":52}],"player_experience":514531,"relics_obtained":[{"floor":7.0,"key":"Bag of Preparation"},{"floor":9.0,"key":"Bronze Scales"},{"floor":13.0,"key":"Toy Ornithopter"},{"floor":23.0,"key":"Letter Opener"},{"floor":31.0,"key":"Lantern"},{"floor":38.0,"key":"Pocketwatch"},{"floor":40.0,"key":"Peace Pipe"},{"floor":41.0,"key":"Singing Bowl"},{"floor":45,"key":"Akabeko"},{"floor":52,"key":"FossilizedHelix"}],"event_choices":[{"damage_healed":0.0,"max_hp_gain":0.0,"max_hp_loss":0.0,"gold_gain":0.0,"event_name":"Lab","player_choice":"Got Potions","floor":3.0,"gold_loss":0.0,"damage_taken":0.0},{"cards_removed":["bronze:Strike"],"damage_healed":0.0,"max_hp_gain":0.0,"max_hp_loss":0.0,"gold_gain":0.0,"event_name":"Bonfire Elementals","player_choice":"Offered Basic","floor":6.0,"gold_loss":0.0,"damage_taken":0.0},{"damage_healed":0.0,"max_hp_gain":0.0,"max_hp_loss":0.0,"gold_gain":0.0,"event_name":"Vampires","player_choice":"Ignored","floor":25.0,"gold_loss":0.0,"damage_taken":0.0},{"damage_healed":0.0,"max_hp_gain":0.0,"max_hp_loss":35.0,"gold_gain":0.0,"event_name":"Ghosts","player_choice":"Became a Ghost","floor":29.0,"gold_loss":0.0,"damage_taken":0.0,"cards_obtained":["Ghostly","Ghostly","Ghostly","Ghostly","Ghostly"]},{"damage_healed":0.0,"max_hp_gain":0.0,"max_hp_loss":0.0,"gold_gain":0.0,"event_name":"Mysterious Sphere","player_choice":"Fight","floor":40.0,"gold_loss":0.0,"damage_taken":0.0},{"cards_removed":["bronze:WhirlingStrike"],"damage_healed":0,"gold_gain":0,"player_choice":"Removed Attack","damage_taken":0,"max_hp_gain":0,"max_hp_loss":0,"event_name":"Falling","floor":47,"gold_loss":0}],"is_beta":false,"boss_relics":[{"not_picked":["Runic Pyramid","sneckomod:SneckoTalon"],"picked":"bronze:MakeshiftBattery"},{"not_picked":["Busted Crown","SacredBark"],"picked":"expansioncontent:StudyCardRelic"}],"items_purged_floors":[22,28,48],"is_endless":false,"potions_floor_spawned":[8,9,11,12,13,16,20,21,23,26,30,31,32,37,39,43,45,46,49],"killed_by":"downfall:NeowBossFinal","ascension_level":2}}