{"host":"w01zow3jg16g8jdh","time":1611576444,"event":{"mods":["AchievementEnabler","BaseMod","DeckTracker","Keyboard Shortcuts","Minty Spire (QoL Compilation)","Permanent Neow","StSLib","SuperFastMode"],"gold_per_floor":[110,135,135,151,169,200,200,125,149,178,204,204,204,229,229,306,306,316,316,45,45,63,63,96,96,96,121,121,121,133,161,161,238,238,250,263,263,274,274,303,328,328,328,343,343,138,152,180,180,180,180,180],"floor_reached":51,"language":"KOR","playtime":1211,"items_purged":["Strike_R","Strike_R","Strike_R"],"score":1629,"play_id":"b6e2e3fe-d0c4-4e9f-a80b-e0057c5b7c18","local_time":"20210125210724","is_ascension_mode":true,"campfire_choices":[{"data":"Pommel Strike","floor":7.0,"key":"SMITH"},{"floor":15.0,"key":"REST"},{"data":"Dual Wield","floor":23.0,"key":"SMITH"},{"data":"Fire Breathing","floor":25.0,"key":"SMITH"},{"data":"Fire Breathing","floor":28.0,"key":"SMITH"},{"floor":32.0,"key":"REST"},{"floor":45.0,"key":"RECALL"},{"floor":49.0,"key":"DIG"}],"circlet_count":0,"master_deck":["AscendersBane","Defend_R","Defend_R","Defend_R","Defend_R","Bash","Fiend Fire","Pommel Strike+1","Warcry","Fire Breathing+1","Fire Breathing+1","Burning Pact","Dual Wield+1","Pommel Strike+1","Dark Embrace"],"relics":["Burning Blood","Orichalcum","Sundial","Juzu Bracelet","Mummified Hand","Odd Mushroom","Potion Belt","Centennial Puzzle","SlaversCollar","Shovel","Toy Ornithopter","Enchiridion","Anchor","Vajra","Singing Bowl","Boot","Fusion Hammer","Molten Egg 2","Charon\u0027s Ashes","Dead Branch","Mercury Hourglass"],"acts_visited":["Exordium","TheCity","TheBeyond"],"potions_floor_usage":[51],"damage_taken":[{"damage":8.0,"enemies":"Cultist","floor":1.0,"turns":5.0},{"damage":10.0,"enemies":"Small Slimes","floor":4.0,"turns":4.0},{"damage":13.0,"enemies":"Jaw Worm","floor":5.0,"turns":5.0},{"damage":4.0,"enemies":"Gremlin Nob","floor":6.0,"turns":3.0},{"damage":17.0,"enemies":"3 Sentries","floor":10.0,"turns":9.0},{"damage":26.0,"enemies":"The Mushroom Lair","floor":11.0,"turns":6.0},{"damage":2.0,"enemies":"Gremlin Nob","floor":14.0,"turns":3.0},{"damage":26.0,"enemies":"Hexaghost","floor":16.0,"turns":9.0},{"damage":6.0,"enemies":"3 Byrds","floor":18.0,"turns":4.0},{"damage":2.0,"enemies":"Chosen","floor":22.0,"turns":3.0},{"damage":16.0,"enemies":"Book of Stabbing","floor":24.0,"turns":3.0},{"damage":14.0,"enemies":"Slavers","floor":27.0,"turns":3.0},{"damage":12.0,"enemies":"Shelled Parasite and Fungi","floor":30.0,"turns":2.0},{"damage":19.0,"enemies":"Book of Stabbing","floor":31.0,"turns":3.0},{"damage":18.0,"enemies":"Champ","floor":33.0,"turns":5.0},{"damage":9.0,"enemies":"3 Shapes","floor":35.0,"turns":3.0},{"damage":1.0,"enemies":"Orb Walker","floor":36.0,"turns":2.0},{"damage":13.0,"enemies":"Transient","floor":38.0,"turns":6.0},{"damage":22.0,"enemies":"Reptomancer","floor":40.0,"turns":3.0},{"damage":1.0,"enemies":"Mind Bloom Boss Battle","floor":41.0,"turns":4.0},{"damage":14.0,"enemies":"Sphere and 2 Shapes","floor":44.0,"turns":3.0},{"damage":0.0,"enemies":"Maw","floor":47.0,"turns":2.0},{"damage":35.0,"enemies":"Nemesis","floor":48.0,"turns":3.0},{"damage":1.0,"enemies":"Donu and Deca","floor":50.0,"turns":3.0},{"damage":78,"enemies":"Awakened One","floor":51,"turns":3}],"seed_played":"1830363832403916258","potions_obtained":[{"floor":4.0,"key":"SpeedPotion"},{"floor":11.0,"key":"Explosive Potion"},{"floor":14.0,"key":"SneckoOil"},{"floor":18.0,"key":"Block Potion"},{"floor":31.0,"key":"EssenceOfSteel"},{"floor":38.0,"key":"AttackPotion"},{"floor":41.0,"key":"LiquidMemories"},{"floor":44.0,"key":"FearPotion"},{"floor":48.0,"key":"PowerPotion"}],"is_trial":false,"path_per_floor":["M","T","?","M","M","E","R","$","T","E","?","?","?","E","R","B",null,"M","T","$","?","M","R","E","R","T","E","R","$","M","E","R","B",null,"M","M","?","M","?","E","?","?","T","M","R","$","M","E","R","B","B"],"character_chosen":"IRONCLAD","items_purchased":["Toy Ornithopter","Dark Embrace"],"campfire_rested":2,"item_purchase_floors":[20,46],"current_hp_per_floor":[66,66,55,51,44,46,46,46,46,35,15,8,8,12,34,14,60,60,60,60,39,43,43,33,33,33,32,32,32,28,17,41,36,71,70,82,82,77,77,66,73,73,73,67,67,67,80,53,53,58,0,0],"gold":180,"neow_bonus":"ONE_RANDOM_RARE_CARD","is_daily":false,"chose_seed":false,"campfire_upgraded":4,"win_rate":0.0,"timestamp":1611576444,"path_taken":["M","?","?","?","M","E","R","$","T","E","?","?","?","E","R","BOSS","M","?","$","?","M","R","E","R","T","E","R","$","M","E","R","BOSS","M","M","?","M","?","E","?","?","T","M","R","$","M","E","R","BOSS","BOSS"],"items_purchased_type":["Relic","Card"],"build_version":"2020-12-22","purchased_purges":3,"victory":false,"max_hp_per_floor":[75,75,75,75,75,75,75,75,75,75,75,75,75,75,75,75,75,75,75,75,75,75,75,75,75,75,77,77,77,79,81,81,83,83,85,87,87,89,89,89,91,91,91,93,93,93,95,97,97,97,97,97],"card_choices":[{"not_picked":["Thunderclap","Reckless Charge","Blood for Blood"],"picked":"SKIP","floor":1.0},{"not_picked":["Metallicize","Infernal Blade","Anger"],"picked":"SKIP","floor":4.0},{"not_picked":["Clothesline","Whirlwind"],"picked":"Pommel Strike","floor":5.0},{"not_picked":["Perfected Strike","Feel No Pain"],"picked":"Warcry","floor":6.0},{"not_picked":["Iron Wave","True Grit"],"picked":"Fire Breathing","floor":10.0},{"not_picked":["Perfected Strike","Wild Strike"],"picked":"Fire Breathing","floor":11.0},{"not_picked":["Sever Soul","Perfected Strike"],"picked":"Burning Pact","floor":14.0},{"not_picked":["Feed","Impervious"],"picked":"Immolate","floor":16.0},{"not_picked":["Twin Strike","Cleave","Havoc"],"picked":"SKIP","floor":18.0},{"not_picked":["Sword Boomerang+1","Warcry"],"picked":"Dual Wield","floor":22.0},{"not_picked":["Infernal Blade","Armaments","Warcry"],"picked":"SKIP","floor":24.0},{"not_picked":["Pommel Strike","Immolate","Cleave"],"picked":"Singing Bowl","floor":27.0},{"not_picked":["Perfected Strike","Iron Wave","Rampage"],"picked":"Singing Bowl","floor":30.0},{"not_picked":["Ghostly Armor","Pommel Strike","Heavy Blade"],"picked":"Singing Bowl","floor":31.0},{"not_picked":["Reaper","Juggernaut","Corruption"],"picked":"Singing Bowl","floor":33.0},{"not_picked":["Shrug It Off","Heavy Blade","Twin Strike"],"picked":"Singing Bowl","floor":35.0},{"not_picked":["Armaments","Anger","Cleave"],"picked":"Singing Bowl","floor":36.0},{"not_picked":["Shrug It Off","Armaments","Exhume"],"picked":"Singing Bowl","floor":38.0},{"not_picked":["Sword Boomerang+1","Thunderclap+1"],"picked":"Pommel Strike+1","floor":40.0},{"not_picked":["Bloodletting","Flame Barrier","Hemokinesis+1"],"picked":"Singing Bowl","floor":41.0},{"not_picked":["Double Tap","Clothesline+1","Perfected Strike+1"],"picked":"Singing Bowl","floor":44.0},{"not_picked":["Sword Boomerang+1","Thunderclap+1","Pommel Strike+1"],"picked":"Singing Bowl","floor":47.0},{"not_picked":["Clothesline+1","Shockwave","Twin Strike+1"],"picked":"Singing Bowl","floor":48.0}],"player_experience":312366,"relics_obtained":[{"floor":2.0,"key":"Orichalcum"},{"floor":6.0,"key":"Sundial"},{"floor":9.0,"key":"Juzu Bracelet"},{"floor":10.0,"key":"Mummified Hand"},{"floor":11.0,"key":"Odd Mushroom"},{"floor":14.0,"key":"Centennial Puzzle"},{"floor":19.0,"key":"Shovel"},{"floor":21.0,"key":"Enchiridion"},{"floor":24.0,"key":"Anchor"},{"floor":26.0,"key":"Vajra"},{"floor":27.0,"key":"Singing Bowl"},{"floor":31.0,"key":"Boot"},{"floor":40.0,"key":"Molten Egg 2"},{"floor":41.0,"key":"Charon\u0027s Ashes"},{"floor":48.0,"key":"Dead Branch"},{"floor":49.0,"key":"Mercury Hourglass"}],"event_choices":[{"damage_healed":0.0,"max_hp_gain":0.0,"max_hp_loss":0.0,"gold_gain":0.0,"event_name":"Wheel of Change","player_choice":"Damaged","floor":3.0,"gold_loss":0.0,"damage_taken":11.0},{"damage_healed":0.0,"max_hp_gain":0.0,"max_hp_loss":0.0,"gold_gain":0.0,"event_name":"Mushrooms","player_choice":"Fought Mushrooms","floor":11.0,"gold_loss":0.0,"damage_taken":0.0},{"cards_removed":["Strike_R"],"damage_healed":0.0,"max_hp_gain":0.0,"max_hp_loss":0.0,"gold_gain":0.0,"event_name":"Golden Wing","player_choice":"Card Removal","floor":12.0,"gold_loss":0.0,"damage_taken":7.0},{"damage_healed":0.0,"max_hp_gain":0.0,"max_hp_loss":0.0,"gold_gain":0.0,"event_name":"WeMeetAgain","player_choice":"Gave Potion","floor":13.0,"gold_loss":0.0,"damage_taken":0.0,"relics_obtained":["Potion Belt"]},{"damage_healed":0.0,"max_hp_gain":0.0,"max_hp_loss":0.0,"gold_gain":0.0,"event_name":"Cursed Tome","player_choice":"Obtained Book","floor":21.0,"gold_loss":0.0,"damage_taken":21.0},{"cards_removed":["Immolate"],"damage_healed":0.0,"max_hp_gain":0.0,"max_hp_loss":0.0,"gold_gain":0.0,"event_name":"Falling","player_choice":"Removed Attack","floor":37.0,"gold_loss":0.0,"damage_taken":0.0},{"cards_removed":["Strike_R"],"damage_healed":0.0,"max_hp_gain":0.0,"max_hp_loss":0.0,"gold_gain":0.0,"event_name":"Bonfire Elementals","player_choice":"Offered Basic","floor":39.0,"gold_loss":0.0,"damage_taken":0.0},{"damage_healed":0.0,"max_hp_gain":0.0,"max_hp_loss":0.0,"gold_gain":0.0,"event_name":"MindBloom","player_choice":"Fight","floor":41.0,"gold_loss":0.0,"damage_taken":0.0},{"damage_healed":0.0,"max_hp_gain":0.0,"max_hp_loss":0.0,"gold_gain":0.0,"event_name":"SecretPortal","player_choice":"Ignored","floor":42.0,"gold_loss":0.0,"damage_taken":0.0}],"is_beta":false,"boss_relics":[{"not_picked":["Runic Dome","Cursed Key"],"picked":"SlaversCollar"},{"not_picked":["Mark of Pain","Velvet Choker"],"picked":"Fusion Hammer"}],"items_purged_floors":[8,20,46],"is_endless":false,"potions_floor_spawned":[4,11,14,18,31,38,41,44,48],"killed_by":"Awakened One","ascension_level":20}}