{"host":"3qkmyeoym75lj4wn","time":1611607291,"event":{"mods":["2.2 Compatiblity","BaseMod","Block Reminder","Colored Powertips","Highlight Path","Minty Spire (QoL Compilation)","Permanent Neow","Potion Indicator Mod","Rare Cards Sparkle","Relic Stats","StSLib","Unceasing Turn Reminder"],"gold_per_floor":[111,111,122,140,8,38,38,38,38],"floor_reached":8,"language":"ENG","playtime":276,"items_purged":["Strike_B"],"score":112,"play_id":"6e41e9a1-5649-4105-9969-90129bbad79a","local_time":"20210125204131","is_ascension_mode":true,"campfire_choices":[],"circlet_count":0,"master_deck":["AscendersBane","Strike_B","Strike_B","Strike_B","Defend_B","Defend_B","Defend_B","Defend_B","Zap","Dualcast","Go for the Eyes","Fusion","Gash"],"relics":["Cracked Core","Unceasing Top","Boot"],"acts_visited":["Exordium"],"potions_floor_usage":[8],"damage_taken":[{"damage":2,"enemies":"2 Louse","floor":1,"turns":3},{"damage":4,"enemies":"Jaw Worm","floor":3,"turns":3},{"damage":1,"enemies":"Cultist","floor":4,"turns":4},{"damage":25,"enemies":"Lagavulin","floor":6,"turns":7},{"damage":42,"enemies":"Gremlin Nob","floor":8,"turns":3}],"seed_played":"6409229863922081744","potions_obtained":[{"floor":3,"key":"Energy Potion"}],"is_trial":false,"path_per_floor":["M","?","M","M","$","E","$","E"],"character_chosen":"DEFECT","items_purchased":["Gash"],"campfire_rested":0,"item_purchase_floors":[5],"current_hp_per_floor":[62,62,58,57,57,32,32,0,0],"gold":38,"neow_bonus":"ONE_RARE_RELIC","is_daily":false,"chose_seed":false,"campfire_upgraded":0,"win_rate":0.0,"timestamp":1611607291,"path_taken":["M","?","M","M","$","E","$","E"],"items_purchased_type":["Card"],"build_version":"2020-12-22","purchased_purges":1,"victory":false,"max_hp_per_floor":[64,64,64,64,64,64,64,64,64],"relic_stats":{"counters":[5,20],"Boot":[4],"obtain_stats":[{"Cracked Core":0,"Boot":6,"Unceasing Top":0},{"Cracked Core":0,"Boot":4,"Unceasing Top":0},{"Cracked Core":0,"Boot":17,"Unceasing Top":0}],"Unceasing Top":[12]},"card_choices":[{"not_picked":["White Noise","Leap"],"picked":"Go for the Eyes","floor":1},{"not_picked":["Scrape","Barrage"],"picked":"Fusion","floor":3},{"not_picked":["Lockon","Rebound","Heatsinks"],"picked":"SKIP","floor":4},{"not_picked":["Genetic Algorithm","Lockon","Thunder Strike"],"picked":"SKIP","floor":6}],"player_experience":1700849,"relics_obtained":[{"floor":6,"key":"Boot"}],"event_choices":[{"damage_healed":0,"gold_gain":0,"player_choice":"Ignored","damage_taken":0,"max_hp_gain":0,"max_hp_loss":0,"event_name":"Liars Game","floor":2,"gold_loss":0}],"is_beta":false,"boss_relics":[],"items_purged_floors":[5],"is_endless":false,"potions_floor_spawned":[3],"killed_by":"Gremlin Nob","ascension_level":20}}