{"host":"edc6wmn2qug8wnvl","time":1611538276,"event":{"mods":["AchievementEnabler","BaseMod","Colored Map","Colored Powertips","Minty Spire (QoL Compilation)","StSLib"],"gold_per_floor":[114,114,42,42,53,53,53,53,53,78,78,90,90,107,107,203,203,220,239,293,303,303,314,330,330,330,59,59,158,172,190,190,190,190],"floor_reached":33,"language":"ENG","playtime":1588,"items_purged":[],"score":272,"play_id":"c77dc09f-8348-4222-9228-8ffc6a8b5632","local_time":"20210124173116","is_ascension_mode":false,"campfire_choices":[{"data":"Conserve Battery","floor":6,"key":"SMITH"},{"data":"Defend_B","floor":8,"key":"SMITH"},{"data":"Sweeping Beam","floor":11,"key":"SMITH"},{"data":"White Noise","floor":13,"key":"SMITH"},{"data":"Defend_B","floor":15,"key":"SMITH"},{"floor":25,"key":"REST"},{"floor":28,"key":"REST"},{"floor":32,"key":"REST"}],"circlet_count":0,"master_deck":["Strike_B","Strike_B","Strike_B","Defend_B+1","Defend_B+1","Defend_B","Defend_B","Zap","Dualcast","Conserve Battery+1","Doom and Gloom","Sweeping Beam+1","White Noise+1","Hologram","Seek","Conserve Battery","Rebound","Sweeping Beam+1","Reboot","Double Energy","Mind Blast","Hologram","Fusion"],"relics":["Cracked Core","NeowsBlessing","Lantern","InkBottle","Potion Belt","Velvet Choker","Anchor","Mercury Hourglass","Membership Card"],"acts_visited":["Exordium","TheCity"],"potions_floor_usage":[16,16,16,23,30,33,33],"damage_taken":[{"damage":0,"enemies":"Jaw Worm","floor":1,"turns":1},{"damage":0,"enemies":"Cultist","floor":5,"turns":1},{"damage":0,"enemies":"Lagavulin","floor":10,"turns":1},{"damage":0,"enemies":"Small Slimes","floor":12,"turns":3},{"damage":1,"enemies":"3 Louse","floor":14,"turns":3},{"damage":4,"enemies":"Slime Boss","floor":16,"turns":8},{"damage":12,"enemies":"Shell Parasite","floor":18,"turns":6},{"damage":0,"enemies":"Chosen","floor":19,"turns":4},{"damage":17,"enemies":"Snake Plant","floor":21,"turns":5},{"damage":3,"enemies":"Snecko","floor":23,"turns":5},{"damage":21,"enemies":"Cultist and Chosen","floor":24,"turns":5},{"damage":9,"enemies":"3 Cultists","floor":30,"turns":3},{"damage":18,"enemies":"Snake Plant","floor":31,"turns":5},{"damage":74,"enemies":"Collector","floor":33,"turns":9}],"seed_played":"9040463848718591777","potions_obtained":[{"floor":10,"key":"Block Potion"},{"floor":12,"key":"Dexterity Potion"},{"floor":19,"key":"ColorlessPotion"},{"floor":21,"key":"PotionOfCapacity"},{"floor":24,"key":"ColorlessPotion"},{"floor":30,"key":"LiquidBronze"}],"is_trial":false,"path_per_floor":["M","?","$","T","M","R","$","R","T","E","R","M","R","M","R","B",null,"M","M","T","M","?","M","M","R","T","$","R","?","M","M","R","B"],"character_chosen":"DEFECT","items_purchased":["DuplicationPotion","Membership Card","Mind Blast","Energy Potion","Hologram","Regen Potion"],"campfire_rested":3,"item_purchase_floors":[3,27,27,27,27,27],"current_hp_per_floor":[75,75,75,75,75,75,75,75,75,75,75,75,75,74,74,70,75,63,63,63,46,46,43,22,44,44,44,66,66,57,39,61,0,0],"gold":190,"neow_bonus":"THREE_ENEMY_KILL","is_daily":false,"chose_seed":false,"campfire_upgraded":5,"win_rate":0.0,"timestamp":1611538276,"path_taken":["M","?","$","?","M","R","?","R","T","E","R","M","R","M","R","BOSS","M","?","?","M","?","M","M","R","T","$","R","?","?","M","R","BOSS"],"items_purchased_type":["Potion","Relic","Card","Potion","Card","Potion"],"build_version":"2020-12-22","purchased_purges":0,"victory":false,"max_hp_per_floor":[75,75,75,75,75,75,75,75,75,75,75,75,75,75,75,75,75,75,75,75,75,75,75,75,75,75,75,75,75,75,75,75,75,75],"card_choices":[{"not_picked":["Ball Lightning","Barrage"],"picked":"Conserve Battery","floor":1},{"not_picked":["Redo","Conserve Battery"],"picked":"Doom and Gloom","floor":5},{"not_picked":["Lockon","Steam"],"picked":"Sweeping Beam","floor":10},{"not_picked":["Steam","Compile Driver"],"picked":"White Noise","floor":12},{"not_picked":["Gash","Hello World"],"picked":"Hologram","floor":14},{"not_picked":["Machine Learning","Multi-Cast"],"picked":"Seek","floor":16},{"not_picked":["Beam Cell","Steam"],"picked":"Conserve Battery","floor":18},{"not_picked":["Compile Driver+1","Heatsinks"],"picked":"Rebound","floor":19},{"not_picked":["Scrape","Rip and Tear"],"picked":"Sweeping Beam+1","floor":21},{"not_picked":["Redo","Ball Lightning"],"picked":"Reboot","floor":23},{"not_picked":["Coolheaded","Glacier"],"picked":"Double Energy","floor":24},{"not_picked":["Beam Cell","Steam"],"picked":"Fusion","floor":30},{"not_picked":["Gash","Beam Cell","Thunder Strike"],"picked":"SKIP","floor":31}],"player_experience":15308,"relics_obtained":[{"floor":4,"key":"Lantern"},{"floor":9,"key":"InkBottle"},{"floor":10,"key":"Potion Belt"},{"floor":20,"key":"Anchor"},{"floor":26,"key":"Mercury Hourglass"}],"event_choices":[{"cards_removed":["Strike_B"],"damage_healed":0,"gold_gain":0,"player_choice":"Purged","damage_taken":0,"max_hp_gain":0,"max_hp_loss":0,"event_name":"Purifier","floor":2,"gold_loss":0},{"damage_healed":0,"gold_gain":0,"player_choice":"Ignored","damage_taken":0,"max_hp_gain":0,"max_hp_loss":0,"event_name":"Ghosts","floor":22,"gold_loss":0},{"damage_healed":0,"gold_gain":99,"player_choice":"Stole From Cult","damage_taken":0,"max_hp_gain":0,"max_hp_loss":0,"event_name":"Nest","floor":29,"gold_loss":0}],"is_beta":false,"boss_relics":[{"not_picked":["Cursed Key","Empty Cage"],"picked":"Velvet Choker"}],"items_purged_floors":[],"is_endless":false,"potions_floor_spawned":[10,12,19,21,24,30],"killed_by":"Collector","ascension_level":0}}