{"host":"d8d3jqle49sogkjv","time":1611574317,"event":{"mods":["BaseMod","Colored Map","Colored Powertips","Minty Spire (QoL Compilation)","StSLib"],"gold_per_floor":[114,114,114,124,140,140,169,169,169,204,51,51,51,61,61,165,165,179,146,146,49,49,49],"floor_reached":22,"language":"ENG","playtime":848,"items_purged":["Strike_R"],"score":298,"play_id":"b6f5e4a7-0926-4e82-9e29-750d245322ae","local_time":"20210125123157","is_ascension_mode":true,"campfire_choices":[{"data":"Juggernaut","floor":6,"key":"SMITH"},{"data":"Ghostly Armor","floor":8,"key":"SMITH"},{"data":"Entrench","floor":12,"key":"SMITH"},{"data":"Ghostly Armor","floor":15,"key":"SMITH"}],"circlet_count":0,"master_deck":["AscendersBane","Strike_R","Strike_R","Strike_R","Strike_R","Defend_R","Defend_R","Defend_R","Defend_R","Bash","Juggernaut+1","Ghostly Armor+1","Ghostly Armor+1","Demon Form+1","Entrench+1","Barricade","Rage","Armaments","Finesse"],"relics":["Burning Blood","White Beast Statue","Regal Pillow","Bag of Marbles","Shuriken","Fusion Hammer"],"acts_visited":["Exordium","TheCity"],"potions_floor_usage":[7,10,10,22,22],"damage_taken":[{"damage":4,"enemies":"2 Louse","floor":1,"turns":3},{"damage":4,"enemies":"Small Slimes","floor":4,"turns":4},{"damage":0,"enemies":"Cultist","floor":5,"turns":4},{"damage":20,"enemies":"3 Sentries","floor":7,"turns":7},{"damage":24,"enemies":"Gremlin Nob","floor":10,"turns":5},{"damage":2,"enemies":"Large Slime","floor":14,"turns":6},{"damage":52,"enemies":"Hexaghost","floor":16,"turns":12},{"damage":18,"enemies":"Shell Parasite","floor":18,"turns":6},{"damage":34,"enemies":"2 Thieves","floor":19,"turns":5},{"damage":28,"enemies":"Sentry and Sphere","floor":22,"turns":5}],"seed_played":"-7253394718129447987","potions_obtained":[{"floor":1,"key":"Fire Potion"},{"floor":4,"key":"BloodPotion"},{"floor":7,"key":"Weak Potion"},{"floor":10,"key":"Swift Potion"},{"floor":14,"key":"SpeedPotion"},{"floor":18,"key":"PowerPotion"}],"is_trial":false,"path_per_floor":["M","?","?","M","M","R","E","R","T","E","$","R","?","M","R","B",null,"M","M","?","$","M"],"character_chosen":"IRONCLAD","items_purchased":["Entrench","Finesse"],"campfire_rested":0,"item_purchase_floors":[11,21],"current_hp_per_floor":[74,67,67,69,75,75,61,61,61,59,59,59,59,63,63,17,64,52,24,24,24,0,0],"gold":49,"neow_bonus":"ONE_RANDOM_RARE_CARD","is_daily":false,"chose_seed":false,"campfire_upgraded":4,"win_rate":0.0,"timestamp":1611574317,"path_taken":["M","?","?","?","M","R","E","R","T","E","$","R","?","M","R","BOSS","M","?","?","?","M"],"items_purchased_type":["Card","Card"],"build_version":"2020-12-22","purchased_purges":1,"victory":false,"max_hp_per_floor":[80,80,80,80,80,80,80,80,80,80,80,80,80,80,80,80,80,80,80,80,80,80,80],"card_choices":[{"not_picked":["Reckless Charge","Cleave"],"picked":"Ghostly Armor","floor":1},{"not_picked":["Iron Wave","Pommel Strike"],"picked":"Ghostly Armor","floor":4},{"not_picked":["Anger","Thunderclap","Ghostly Armor"],"picked":"SKIP","floor":5},{"not_picked":["Flex","Sentinel","Iron Wave"],"picked":"SKIP","floor":7},{"not_picked":["Evolve","Fiend Fire"],"picked":"Demon Form","floor":10},{"not_picked":["Havoc","Clothesline","Blood for Blood"],"picked":"SKIP","floor":14},{"not_picked":["Bludgeon","Reaper"],"picked":"Barricade","floor":16},{"not_picked":["Flex","Pommel Strike"],"picked":"Rage","floor":18},{"not_picked":["Evolve","Infernal Blade+1","Rupture"],"picked":"SKIP","floor":19}],"player_experience":435011,"relics_obtained":[{"floor":3,"key":"Regal Pillow"},{"floor":7,"key":"Bag of Marbles"},{"floor":10,"key":"Shuriken"}],"event_choices":[{"damage_healed":0,"gold_gain":0,"player_choice":"Success","damage_taken":7,"relics_obtained":["White Beast Statue"],"max_hp_gain":0,"max_hp_loss":0,"event_name":"Scrap Ooze","floor":2,"gold_loss":0},{"damage_healed":0,"gold_gain":0,"player_choice":"Relic","damage_taken":0,"max_hp_gain":0,"max_hp_loss":0,"event_name":"Wheel of Change","floor":3,"gold_loss":0},{"damage_healed":0,"gold_gain":0,"player_choice":"Forge","damage_taken":0,"max_hp_gain":0,"max_hp_loss":0,"event_name":"Accursed Blacksmith","floor":13,"gold_loss":0,"cards_upgraded":["Demon Form"]},{"damage_healed":0,"gold_gain":0,"player_choice":"Read","damage_taken":0,"max_hp_gain":0,"max_hp_loss":0,"event_name":"The Library","floor":20,"gold_loss":0,"cards_obtained":["Armaments"]}],"is_beta":false,"boss_relics":[{"not_picked":["SacredBark","Black Blood"],"picked":"Fusion Hammer"}],"items_purged_floors":[11],"is_endless":false,"potions_floor_spawned":[1,4,5,7,10,14,16,18,19],"killed_by":"Sentry and Sphere","ascension_level":11}}