{"host":"q9718omregw4er46","time":1611588214,"event":{"mods":["BaseMod","Bestiary","Colored Powertips","Custom Start","Highlight Path","Minty Spire (QoL Compilation)","Practice Mode","Quick Restart","Relic Stats"],"gold_per_floor":[114,130,51,70,86,86,114,114,114,114,142,28,28,44,44,116,116,132,150,150,160,174,199,199,210,210,245,255,285,285,313,313,385,385,402,413,63,63,75,108,108,122,201,230,230,85,110,137,137,137,137,137,137,4,34,34],"floor_reached":57,"language":"ENG","playtime":4118,"items_purged":["Strike_B","Gash+1"],"score":3060,"play_id":"460e5155-dfe1-4c31-bd58-c6bb4f1277aa","local_time":"20210125202334","is_ascension_mode":true,"campfire_choices":[{"data":"Electrodynamics","floor":6.0,"key":"SMITH"},{"floor":8.0,"key":"REST"},{"data":"Self Repair","floor":10.0,"key":"SMITH"},{"data":"Defragment","floor":13.0,"key":"SMITH"},{"data":"Biased Cognition","floor":15.0,"key":"SMITH"},{"data":"Capacitor","floor":30.0,"key":"SMITH"},{"data":"Capacitor","floor":32.0,"key":"SMITH"},{"floor":41.0,"key":"RECALL"},{"floor":45.0,"key":"REST"},{"floor":49,"key":"REST"},{"floor":53,"key":"REST"}],"circlet_count":0,"master_deck":["AscendersBane","Defend_B","Defend_B","Defend_B","Zap","Dualcast","Streamline+1","Self Repair+1","Electrodynamics+1","Glacier","Biased Cognition+1","Defragment+1","Storm","Electrodynamics","Force Field+1","White Noise+1","Reboot+1","Reinforced Body+1","Coolheaded+1","Storm","Glacier","Capacitor+1","Capacitor+1","Coolheaded+1","Seek+1","White Noise+1","Loop","Loop","Coolheaded+1","Force Field+1","Amplify+1","Amplify+1","Defragment","Hologram+1","Defragment+1","Skim+1"],"relics":["Snecko Eye","Gambling Chip","Bird Faced Urn","Du-Vu Doll","Astrolabe","The Courier","Singing Bowl","Bag of Preparation","Toxic Egg 2","PreservedInsect","Fusion Hammer","Gremlin Horn","Whetstone","Turnip","Unceasing Top","DollysMirror","Pear"],"acts_visited":["Exordium","TheCity","TheBeyond","TheEnding"],"potions_floor_usage":[50,50],"damage_taken":[{"damage":0.0,"enemies":"Cultist","floor":1.0,"turns":3.0},{"damage":2.0,"enemies":"Jaw Worm","floor":2.0,"turns":3.0},{"damage":7.0,"enemies":"2 Louse","floor":4.0,"turns":2.0},{"damage":13.0,"enemies":"Red Slaver","floor":5.0,"turns":3.0},{"damage":33.0,"enemies":"Gremlin Nob","floor":7.0,"turns":5.0},{"damage":5.0,"enemies":"3 Sentries","floor":11.0,"turns":4.0},{"damage":0.0,"enemies":"Looter","floor":14.0,"turns":3.0},{"damage":17.0,"enemies":"The Guardian","floor":16.0,"turns":9.0},{"damage":0.0,"enemies":"3 Byrds","floor":18.0,"turns":2.0},{"damage":0.0,"enemies":"Spheric Guardian","floor":19.0,"turns":2.0},{"damage":0.0,"enemies":"Centurion and Healer","floor":21.0,"turns":2.0},{"damage":0.0,"enemies":"Snecko","floor":22.0,"turns":3.0},{"damage":0.0,"enemies":"Book of Stabbing","floor":23.0,"turns":3.0},{"damage":0.0,"enemies":"3 Cultists","floor":25.0,"turns":2.0},{"damage":0.0,"enemies":"Gremlin Leader","floor":27.0,"turns":3.0},{"damage":0.0,"enemies":"Sentry and Sphere","floor":28.0,"turns":4.0},{"damage":0.0,"enemies":"Slavers","floor":29.0,"turns":1.0},{"damage":5.0,"enemies":"Gremlin Leader","floor":31.0,"turns":5.0},{"damage":1.0,"enemies":"Champ","floor":33.0,"turns":11.0},{"damage":0.0,"enemies":"Orb Walker","floor":35.0,"turns":3.0},{"damage":0.0,"enemies":"3 Shapes","floor":36.0,"turns":2.0},{"damage":2.0,"enemies":"Spire Growth","floor":39.0,"turns":3.0},{"damage":0.0,"enemies":"Giant Head","floor":40.0,"turns":5.0},{"damage":0.0,"enemies":"Transient","floor":42.0,"turns":6.0},{"damage":0.0,"enemies":"Nemesis","floor":44.0,"turns":4.0},{"damage":0.0,"enemies":"Mind Bloom Boss Battle","floor":47.0,"turns":5.0},{"damage":5,"enemies":"Reptomancer","floor":48,"turns":6},{"damage":78,"enemies":"Awakened One","floor":50,"turns":17},{"damage":76,"enemies":"Time Eater","floor":51,"turns":6},{"damage":17,"enemies":"Shield and Spear","floor":55,"turns":3},{"damage":51,"enemies":"The Heart","floor":56,"turns":9}],"seed_played":"-8887224506944327497","potions_obtained":[{"floor":1.0,"key":"EntropicBrew"},{"floor":7.0,"key":"ColorlessPotion"},{"floor":14.0,"key":"Weak Potion"},{"floor":21.0,"key":"BlessingOfTheForge"},{"floor":23.0,"key":"SneckoOil"},{"floor":33.0,"key":"FocusPotion"},{"floor":35.0,"key":"DuplicationPotion"},{"floor":55,"key":"DistilledChaos"}],"is_trial":false,"path_per_floor":["M","M","$","M","M","R","E","R","T","R","E","$","R","M","R","B",null,"M","M","?","M","M","E","?","M","T","E","M","E","R","E","R","B",null,"M","M","$","?","M","E","R","M","T","E","R","$","?","E","R","B","B",null,"R","$","E","B",null],"character_chosen":"DEFECT","items_purchased":["Self Repair","Storm","Loop","Loop","Coolheaded+1","Force Field+1","Amplify+1","Defragment","DollysMirror"],"campfire_rested":4,"item_purchase_floors":[3,12,37,37,37,37,37,46,54],"current_hp_per_floor":[64,62,62,62,49,49,23,44,44,44,55,55,55,71,71,66,70,71,71,51,61,76,76,76,76,76,76,78,78,78,78,78,78,78,80,80,80,76,76,78,78,80,80,82,82,82,82,84,84,52,20,68,84,84,91,94],"gold":34,"neow_bonus":"BOSS_RELIC","is_daily":false,"chose_seed":false,"campfire_upgraded":6,"win_rate":0.0,"timestamp":1611588214,"path_taken":["M","M","$","M","?","R","E","R","T","R","E","$","R","M","R","BOSS","M","M","?","M","M","E","?","M","T","E","M","E","R","E","R","BOSS","M","M","$","?","M","E","R","M","T","E","R","$","?","E","R","BOSS","BOSS","R","$","E","BOSS"],"items_purchased_type":["Card","Card","Card","Card","Card","Card","Card","Card","Relic"],"build_version":"2020-12-22","purchased_purges":2,"victory":true,"max_hp_per_floor":[71,71,71,71,71,71,71,71,71,71,71,71,71,71,71,71,71,71,71,76,76,76,76,76,76,76,76,78,78,78,78,78,78,78,80,80,80,76,76,78,78,80,80,82,82,82,82,84,84,84,84,84,84,84,94,94],"relic_stats":{"Singing Bowl":12,"Gremlin Horn":[8,8],"counters":[31,137],"Astrolabe":["Force Field","White Noise","Reboot"],"PreservedInsect":319,"Bag of Preparation":[32],"Whetstone":["Gash","Streamline"],"Gambling Chip":[145],"Bird Faced Urn":[162],"Snecko Eye":[310,287,319,316],"Turnip":[4],"obtain_stats":[{"Pear":55,"Singing Bowl":26,"Gremlin Horn":40,"Astrolabe":17,"The Courier":23,"PreservedInsect":31,"Bag of Preparation":27,"Whetstone":44,"Du-Vu Doll":11,"DollysMirror":54,"Gambling Chip":7,"Bird Faced Urn":9,"Snecko Eye":0,"Fusion Hammer":34,"Turnip":47,"Toxic Egg 2":29,"Cracked Core":0,"Unceasing Top":48},{"Pear":30,"Singing Bowl":14,"Gremlin Horn":23,"Astrolabe":8,"The Courier":13,"PreservedInsect":18,"Bag of Preparation":15,"Whetstone":25,"Du-Vu Doll":6,"DollysMirror":29,"Gambling Chip":5,"Bird Faced Urn":5,"Snecko Eye":0,"Fusion Hammer":19,"Turnip":26,"Toxic Egg 2":17,"Cracked Core":0,"Unceasing Top":27},{"Pear":128,"Singing Bowl":46,"Gremlin Horn":83,"Astrolabe":32,"The Courier":44,"PreservedInsect":59,"Bag of Preparation":49,"Whetstone":93,"Du-Vu Doll":20,"DollysMirror":125,"Gambling Chip":16,"Bird Faced Urn":16,"Snecko Eye":0,"Fusion Hammer":70,"Turnip":98,"Toxic Egg 2":54,"Cracked Core":0,"Unceasing Top":103}],"Unceasing Top":[0]},"card_choices":[{"not_picked":["FTL","Steam","Darkness"],"picked":"SKIP","floor":1.0},{"not_picked":["Hologram","Leap"],"picked":"Streamline","floor":2.0},{"not_picked":["Chill","Aggregate"],"picked":"Electrodynamics","floor":4.0},{"not_picked":["Tempest","Loop"],"picked":"Glacier","floor":5.0},{"not_picked":["Gash","Beam Cell"],"picked":"Biased Cognition","floor":7.0},{"not_picked":["Steam","Barrage"],"picked":"Defragment","floor":11.0},{"not_picked":["Darkness","Conserve Battery","Turbo"],"picked":"SKIP","floor":14.0},{"not_picked":["Hyperbeam","Reboot"],"picked":"Electrodynamics","floor":16.0},{"not_picked":["Sweeping Beam","Storm"],"picked":"Reinforced Body+1","floor":18.0},{"not_picked":["Doom and Gloom","Beam Cell"],"picked":"Coolheaded+1","floor":19.0},{"not_picked":["Beam Cell","Streamline","FTL"],"picked":"SKIP","floor":21.0},{"not_picked":["Fusion","Doom and Gloom"],"picked":"Storm","floor":22.0},{"not_picked":["Barrage","Redo","Go for the Eyes"],"picked":"SKIP","floor":23.0},{"not_picked":["Scrape+1","Sunder"],"picked":"Glacier","floor":25.0},{"not_picked":["Genetic Algorithm","Hyperbeam"],"picked":"Capacitor","floor":27.0},{"not_picked":["Ball Lightning","Beam Cell","Rebound"],"picked":"Singing Bowl","floor":28.0},{"not_picked":["Steam+1","Reinforced Body+1"],"picked":"Capacitor","floor":29.0},{"not_picked":["Thunder Strike","Skim+1"],"picked":"Coolheaded+1","floor":31.0},{"not_picked":["Electrodynamics","Thunder Strike"],"picked":"Seek+1","floor":33.0},{"not_picked":["Gash","Redo+1","Conserve Battery+1"],"picked":"Singing Bowl","floor":35.0},{"not_picked":["Sweeping Beam","Beam Cell"],"picked":"White Noise+1","floor":36.0},{"not_picked":["Sweeping Beam","Ball Lightning"],"picked":"Amplify+1","floor":39.0},{"not_picked":["Chaos+1","Steam+1","Stack+1"],"picked":"Singing Bowl","floor":40.0},{"not_picked":["Redo+1","Ball Lightning+1","Streamline+1"],"picked":"Singing Bowl","floor":42.0},{"not_picked":["Blizzard","Conserve Battery+1","Tempest+1"],"picked":"Singing Bowl","floor":44.0},{"not_picked":["Steam+1","Gash+1"],"picked":"Hologram+1","floor":47.0},{"not_picked":["Chaos+1","Conserve Battery+1","Leap+1"],"picked":"Singing Bowl","floor":48},{"not_picked":["Steam+1","Conserve Battery+1"],"picked":"Skim+1","floor":55}],"player_experience":1259284,"relics_obtained":[{"floor":7.0,"key":"Gambling Chip"},{"floor":9.0,"key":"Bird Faced Urn"},{"floor":11.0,"key":"Du-Vu Doll"},{"floor":23.0,"key":"The Courier"},{"floor":26.0,"key":"Singing Bowl"},{"floor":27.0,"key":"Bag of Preparation"},{"floor":29.0,"key":"Toxic Egg 2"},{"floor":31.0,"key":"PreservedInsect"},{"floor":40.0,"key":"Gremlin Horn"},{"floor":44.0,"key":"Whetstone"},{"floor":47.0,"key":"Turnip"},{"floor":48,"key":"Unceasing Top"},{"floor":55,"key":"Pear"}],"event_choices":[{"damage_healed":0.0,"max_hp_gain":5.0,"max_hp_loss":0.0,"gold_gain":0.0,"event_name":"Forgotten Altar","player_choice":"Shed Blood","floor":20.0,"gold_loss":0.0,"damage_taken":25.0},{"damage_healed":0.0,"max_hp_gain":0.0,"max_hp_loss":0.0,"gold_gain":0.0,"cards_transformed":["Strike_B"],"event_name":"Transmorgrifier","player_choice":"Transformed","floor":24.0,"gold_loss":0.0,"damage_taken":0.0,"cards_obtained":["Gash"]},{"damage_healed":0.0,"max_hp_gain":0.0,"max_hp_loss":4.0,"gold_gain":0.0,"event_name":"Winding Halls","player_choice":"Max HP","floor":38.0,"gold_loss":0.0,"damage_taken":0.0},{"damage_healed":0.0,"max_hp_gain":0.0,"max_hp_loss":0.0,"gold_gain":0.0,"event_name":"MindBloom","player_choice":"Fight","floor":47.0,"gold_loss":0.0,"damage_taken":0.0}],"is_beta":false,"boss_relics":[{"not_picked":["Velvet Choker","Empty Cage"],"picked":"Astrolabe"},{"not_picked":["Philosopher\u0027s Stone","Runic Pyramid"],"picked":"Fusion Hammer"}],"items_purged_floors":[12,46],"is_endless":false,"potions_floor_spawned":[1,7,11,14,21,23,27,33,35,36,44,55],"ascension_level":20}}