{"host":"vyiqbz5w606ur92t","time":1611598599,"event":{"mods":["BaseMod","Downfall","Minty Spire (QoL Compilation)","StSLib"],"gold_per_floor":[99,112,131,231,251,269,296,296,221,248,271,305,255,282,296,392,392,342,358,358,93,106,106,178,10,25,25,39,74,11,42,54,149,149,99,119,136,136,187,216,216,251,126,161,177,177,27,38,51,51],"floor_reached":51,"language":"ENG","playtime":5680,"items_purged":["Slimebound:Strike_Slimebound","Pride","downfall:Haunted"],"score":911,"play_id":"f849c013-1c6e-4311-9d25-7597978320e8","local_time":"20210125181639","is_ascension_mode":true,"campfire_choices":[{"data":"Slimebound:CheckThePlaybook","floor":1,"key":"SMITH"},{"data":"Slimebound:Gluttony","floor":8,"key":"SMITH"},{"data":"Slimebound:PrepareCrush","floor":13,"key":"SMITH"},{"data":"Slimebound:RollThrough","floor":18,"key":"SMITH"},{"floor":35,"key":"RECALL"},{"data":"expansioncontent:DashGenerateEvil","floor":47,"key":"SMITH"}],"circlet_count":0,"master_deck":["Slimebound:Tackle","Slimebound:Defend_Slimebound","Slimebound:Defend_Slimebound","Slimebound:Split","Slimebound:CorrosiveSpit","Slimebound:CheckThePlaybook+1","Slimebound:SamplingLick","Slimebound:ItLooksTasty","Slimebound:GoopSpray","Slimebound:Gluttony+1","Slimebound:PrepareCrush+1","Slimebound:LeechLife","Slimebound:RollThrough+1","Slimebound:MegaLick","Slimebound:DuplicatedForm+1","Slimebound:SplitLeeching","Slimebound:Prepare+1","Slimebound:ComboTackle","Slimebound:SplitMire","Slimebound:MassFeed","Slimebound:Schlurp+1","Slimebound:SpikyOuterGoop+1","Slimebound:HauntingLick","expansioncontent:DashGenerateEvil+1","Slimebound:ServeAndProtect","Slimebound:SelfFormingGoo+1","Slimebound:FlameTackle+1","Slimebound:AcidTongue+1","Slimebound:Prepare","Slimebound:RejuvenatingLick","Slimebound:FormOfPuddle+1","Slimebound:Grow+1","Slimebound:Grow+1"],"relics":["Slimebound:AbsorbEndCombat","Juzu Bracelet","Slimebound:GreedOozeRelic","Odd Mushroom","WingedGreaves","Frozen Egg 2","Coffee Dripper","downfall:RedIOU","Strange Spoon","Question Card","Vajra","Pantograph","Bronze Scales","Centennial Puzzle","SacredBark","Pocketwatch","Happy Flower","Slimebound:AggressiveSlimeRelic","TungstenRod","downfall:HeartBlessingRed"],"acts_visited":["Exordium","TheCity","TheBeyond"],"potions_floor_usage":[11,12,28,29,30,30,40,42,50,50,50],"damage_taken":[{"damage":2,"enemies":"Jaw Worm","floor":2,"turns":3},{"damage":3,"enemies":"Cultist","floor":3,"turns":2},{"damage":0,"enemies":"Small Slimes","floor":5,"turns":3},{"damage":10,"enemies":"Blue Slaver","floor":6,"turns":3},{"damage":15,"enemies":"Gremlin Nob","floor":10,"turns":3},{"damage":11,"enemies":"The Mushroom Lair","floor":11,"turns":3},{"damage":4,"enemies":"3 Sentries","floor":12,"turns":6},{"damage":10,"enemies":"Lagavulin","floor":14,"turns":7},{"damage":0,"enemies":"3 Louse","floor":15,"turns":2},{"damage":35,"enemies":"SI_SHIV_ARCHETYPE","floor":16,"turns":7},{"damage":17,"enemies":"Chosen","floor":19,"turns":4},{"damage":15,"enemies":"downfall:FleeingMerchant","floor":21,"turns":4},{"damage":15,"enemies":"Snecko","floor":22,"turns":4},{"damage":22,"enemies":"downfall:FleeingMerchant","floor":25,"turns":4},{"damage":15,"enemies":"3 Cultists","floor":26,"turns":4},{"damage":31,"enemies":"Shelled Parasite and Fungi","floor":28,"turns":3},{"damage":36,"enemies":"Slavers","floor":29,"turns":4},{"damage":29,"enemies":"downfall:FleeingMerchant","floor":30,"turns":3},{"damage":25,"enemies":"Gremlin Leader","floor":31,"turns":5},{"damage":0,"enemies":"Snecko","floor":32,"turns":3},{"damage":15,"enemies":"WA_ARCHETYPE_CALM","floor":33,"turns":7},{"damage":31,"enemies":"3 Shapes","floor":36,"turns":5},{"damage":10,"enemies":"3 Darklings","floor":37,"turns":5},{"damage":15,"enemies":"2 Orb Walkers","floor":39,"turns":4},{"damage":0,"enemies":"Nemesis","floor":40,"turns":7},{"damage":26,"enemies":"Reptomancer","floor":42,"turns":5},{"damage":58,"enemies":"Nemesis","floor":44,"turns":5},{"damage":31,"enemies":"4 Shapes","floor":45,"turns":4},{"damage":25,"enemies":"4 Shapes","floor":46,"turns":4},{"damage":35,"enemies":"Spire Growth","floor":48,"turns":5},{"damage":29,"enemies":"3 Darklings","floor":49,"turns":4},{"damage":14,"enemies":"IC_BLOCK_ARCHETYPE","floor":50,"turns":7}],"seed_played":"-735664452588091461","potions_obtained":[{"floor":3,"key":"Strength Potion"},{"floor":10,"key":"SteroidPotion"},{"floor":11,"key":"SneckoOil"},{"floor":22,"key":"EssenceOfSteel"},{"floor":26,"key":"champ:CounterPotion"},{"floor":28,"key":"Fruit Juice"},{"floor":29,"key":"LiquidBronze"},{"floor":31,"key":"SkillPotion"},{"floor":40,"key":"hexamod:SoulburnPotion"},{"floor":45,"key":"SkillPotion"}],"is_trial":false,"path_per_floor":["R","M","M","?","M","M","T","R","?","E","?","E","R","E","M","B",null,"R","M","?","$","M","?","T","$","M","?","M","E","$","E","M","B",null,"R","M","M","?","?","E","T","E","$","E","M","?","R","M","M","B",null],"character_chosen":"SLIMEBOUND","items_purchased":["Strange Spoon","Slimebound:ComboTackle","Vajra","expansioncontent:DashGenerateEvil","Block Potion","Slimebound:SlimedPotion"],"campfire_rested":0,"item_purchase_floors":[21,21,25,30,30,30],"current_hp_per_floor":[65,65,65,65,65,57,57,57,57,46,43,45,45,53,65,42,65,65,63,63,65,65,65,65,58,64,64,64,57,67,63,73,76,76,76,53,51,51,44,71,71,82,82,82,68,82,82,77,82,73],"gold":51,"neow_bonus":"ONE_RANDOM_RARE_CARD","is_daily":false,"chose_seed":false,"campfire_upgraded":5,"win_rate":0.0,"timestamp":1611598599,"path_taken":["R","M","M","?","M","M","T","R","?","E","?","E","R","E","M","BOSS","R","M","?","$","M","?","T","$","M","?","M","E","$","E","M","BOSS","R","M","M","?","?","E","T","E","$","E","M","?","R","M","M","BOSS"],"items_purchased_type":["Relic","Card","Relic","Card","Potion","Potion"],"build_version":"2020-12-22","purchased_purges":3,"victory":true,"max_hp_per_floor":[65,65,65,65,65,65,65,65,65,65,65,65,65,65,65,65,65,65,65,65,65,65,65,65,65,65,65,73,73,73,73,73,76,76,76,82,82,82,82,82,82,82,82,82,82,82,82,82,82,82],"card_choices":[{"not_picked":["Slimebound:SlimeBarrage","Slimebound:LeechingTouch"],"picked":"Slimebound:SamplingLick","floor":2},{"not_picked":["Slimebound:SlimeSpikes","Slimebound:SplitAcid"],"picked":"Slimebound:ItLooksTasty","floor":3},{"not_picked":["Slimebound:SplitAcid","Slimebound:ForwardTackle"],"picked":"Slimebound:GoopSpray","floor":5},{"not_picked":["Slimebound:LeechingTouch","Slimebound:Replication"],"picked":"Slimebound:Gluttony","floor":6},{"not_picked":["Slimebound:ServeAndProtect","Slimebound:SlimeTap"],"picked":"Slimebound:PrepareCrush","floor":10},{"not_picked":["Slimebound:SamplingLick","Slimebound:AcidTongue"],"picked":"Slimebound:LeechLife","floor":12},{"not_picked":["Slimebound:SplitMire","Slimebound:Schlurp"],"picked":"Slimebound:RollThrough","floor":14},{"not_picked":["Slimebound:Dissolve","Slimebound:Nibble"],"picked":"Slimebound:MegaLick","floor":15},{"not_picked":["Slimebound:SlimeSlap","Slimebound:MassFeed"],"picked":"Slimebound:DuplicatedForm+1","floor":16},{"not_picked":["Slimebound:SplitBruiser+1","Slimebound:SlimeBrawl+1"],"picked":"Slimebound:SplitLeeching","floor":19},{"not_picked":["Slimebound:GoopTackle+1","Slimebound:DisruptingSlam+1"],"picked":"Slimebound:Prepare+1","floor":21},{"not_picked":["Slimebound:ComboTackle+1","Slimebound:TongueLash","Slimebound:Prepare"],"picked":"SKIP","floor":22},{"not_picked":["Slimebound:SplitAcid","Slimebound:ComboTackle+1","Slimebound:GrowthPunch"],"picked":"Slimebound:SplitMire","floor":25},{"not_picked":["Slimebound:Repurpose+1","Slimebound:PressTheAttack+1","Slimebound:LeadByExample+1"],"picked":"Slimebound:MassFeed","floor":26},{"not_picked":["Slimebound:LeechingTouch","Slimebound:FinishingTackle","Slimebound:AcidTongue+1"],"picked":"Slimebound:Schlurp+1","floor":28},{"not_picked":["Slimebound:LevelUp+1","Slimebound:SplitMire","Slimebound:LivingWall"],"picked":"Slimebound:SpikyOuterGoop+1","floor":29},{"not_picked":["Slimebound:Dissolve","Slimebound:SamplingLick","Slimebound:GoopSpray"],"picked":"Slimebound:HauntingLick","floor":30},{"not_picked":["Slimebound:Schlurp","Slimebound:LeechEnergy","Slimebound:SpikyOuterGoop+1"],"picked":"Slimebound:ServeAndProtect","floor":31},{"not_picked":["Slimebound:PressTheAttack","Slimebound:DouseInSlime","Slimebound:SlimeBarrage","Slimebound:SplitLeeching"],"picked":"SKIP","floor":32},{"not_picked":["Slimebound:PrepareCrush","Slimebound:CheckThePlaybook","Slimebound:WasteNot"],"picked":"Slimebound:SelfFormingGoo+1","floor":33},{"not_picked":["Slimebound:HauntingLick+1","Slimebound:GoopTackle","Slimebound:LeechEnergy+1","Slimebound:Schlurp+1"],"picked":"SKIP","floor":36},{"not_picked":["Slimebound:SplitAcid+1","Slimebound:SplitMire","Slimebound:RollThrough+1"],"picked":"Slimebound:FlameTackle+1","floor":37},{"not_picked":["Slimebound:GoopTackle+1","Slimebound:FinishingTackle+1","Slimebound:LeechEnergy+1"],"picked":"Slimebound:AcidTongue+1","floor":39},{"not_picked":["Slimebound:MinionMaster+1","Slimebound:LivingWall","Slimebound:FinishingTackle","Slimebound:PressTheAttack+1"],"picked":"SKIP","floor":40},{"not_picked":["Slimebound:ForwardTackle","Slimebound:FirmFortitude","Slimebound:GoopTackle"],"picked":"Slimebound:Prepare","floor":42},{"not_picked":["Slimebound:Repurpose+1","Slimebound:LeechingTouch","Slimebound:GoopTackle+1"],"picked":"Slimebound:RejuvenatingLick","floor":44},{"not_picked":["Slimebound:HauntingLick+1","Slimebound:RollThrough","Slimebound:ComboTackle+1"],"picked":"Slimebound:FormOfPuddle+1","floor":45},{"not_picked":["Slimebound:CheckThePlaybook","Slimebound:LeechingTouch+1","Slimebound:AcidTongue+1"],"picked":"Slimebound:Grow+1","floor":48},{"not_picked":["Slimebound:GoopTackle","Slimebound:GrowthPunch","Slimebound:GoopSpray+1"],"picked":"Slimebound:Grow+1","floor":49}],"player_experience":1054625,"relics_obtained":[{"floor":7,"key":"Juzu Bracelet"},{"floor":10,"key":"Regal Pillow"},{"floor":11,"key":"Odd Mushroom"},{"floor":12,"key":"WingedGreaves"},{"floor":14,"key":"Frozen Egg 2"},{"floor":24,"key":"Question Card"},{"floor":29,"key":"Bronze Scales"},{"floor":31,"key":"Centennial Puzzle"},{"floor":39,"key":"Pocketwatch"},{"floor":40,"key":"Happy Flower"},{"floor":42,"key":"Slimebound:AggressiveSlimeRelic"},{"floor":44,"key":"TungstenRod"}],"event_choices":[{"damage_healed":0,"gold_gain":0,"player_choice":"Fought Mushrooms","damage_taken":0,"max_hp_gain":0,"max_hp_loss":0,"event_name":"Mushrooms","floor":11,"gold_loss":0},{"cards_removed":["Slimebound:Strike_Slimebound"],"damage_healed":0,"gold_gain":0,"player_choice":"Offered Basic","damage_taken":0,"max_hp_gain":0,"max_hp_loss":0,"event_name":"Bonfire Elementals","floor":23,"gold_loss":0},{"damage_healed":0,"gold_gain":0,"player_choice":"Stole Relic","damage_taken":0,"relics_obtained":["Pantograph"],"max_hp_gain":0,"max_hp_loss":0,"event_name":"Addict","floor":27,"gold_loss":0,"cards_obtained":["Pride"]},{"damage_healed":0,"gold_gain":0,"player_choice":"Fight","damage_taken":0,"max_hp_gain":0,"max_hp_loss":0,"event_name":"Mysterious Sphere","floor":39,"gold_loss":0}],"is_beta":false,"boss_relics":[{"not_picked":["bronze:MakeshiftBattery","Busted Crown"],"picked":"Coffee Dripper"},{"not_picked":["Snecko Eye","Runic Pyramid"],"picked":"SacredBark"}],"items_purged_floors":[21,30,43],"is_endless":false,"potions_floor_spawned":[3,10,11,22,26,28,29,31,33,36,40,45,48],"ascension_level":1}}