{"host":"lnt5dzsuhru0aonl","time":1611575917,"event":{"mods":["2.2 Compatiblity","BaseMod","Colored Map","Colored Powertips","DeckTracker","Keyboard Shortcuts","Minty Spire (QoL Compilation)","Permanent Neow","Rare Cards Sparkle","StSLib","SuperFastMode","everything is the same but u backflip on backflip"],"gold_per_floor":[17,17,36,36,36,36,36,36,36,48,22,56,74,101,101,177,177,192,207,217,197,207,207,221,17,43,72,272,44,78,95,95,172,172,185,75,85,103,115,145,19,46,46,46,0,0,27,42,42,42,42],"floor_reached":50,"language":"KOR","playtime":1764,"items_purged":[],"score":1260,"play_id":"fc0a50c6-5cc2-4c49-97ff-3330d0677f66","local_time":"20210125205837","is_ascension_mode":true,"campfire_choices":[{"data":"Zap","floor":6.0,"key":"SMITH"},{"data":"Genetic Algorithm","floor":8.0,"key":"SMITH"},{"floor":15.0,"key":"REST"},{"data":"Echo Form","floor":23.0,"key":"SMITH"},{"data":"Heatsinks","floor":32,"key":"SMITH"},{"data":"Turbo","floor":46,"key":"SMITH"},{"data":"Loop","floor":49,"key":"SMITH"}],"circlet_count":0,"master_deck":["AscendersBane","Defend_B+1","Zap+1","Dualcast","Streamline+1","Genetic Algorithm+1","Compile Driver","Biased Cognition","Echo Form+1","Melter+1","Double Energy+1","Buffer+1","Self Repair","Turbo+1","Coolheaded","Defragment","Defragment","Loop+1","Heatsinks+1","Skim+1","Electrodynamics+1","Storm+1","Lockon","Recycle+1","Echo Form","Conserve Battery+1"],"relics":["Cracked Core","War Paint","The Courier","Ancient Tea Set","Astrolabe","TheAbacus","Boot","Bag of Marbles","Lee\u0027s Waffle","HornCleat","Snecko Eye","White Beast Statue","Runic Capacitor","Symbiotic Virus","Du-Vu Doll","Red Mask","Pen Nib"],"acts_visited":["Exordium","TheCity","TheBeyond"],"potions_floor_usage":[33,40,42,48,48,50],"damage_taken":[{"damage":5.0,"enemies":"2 Louse","floor":1.0,"turns":3.0},{"damage":1.0,"enemies":"Cultist","floor":3.0,"turns":3.0},{"damage":0.0,"enemies":"Small Slimes","floor":10.0,"turns":2.0},{"damage":21.0,"enemies":"3 Sentries","floor":12.0,"turns":5.0},{"damage":3.0,"enemies":"Red Slaver","floor":13.0,"turns":3.0},{"damage":10.0,"enemies":"Gremlin Nob","floor":14.0,"turns":3.0},{"damage":12.0,"enemies":"Hexaghost","floor":16.0,"turns":6.0},{"damage":8.0,"enemies":"Shell Parasite","floor":18.0,"turns":4.0},{"damage":20.0,"enemies":"2 Thieves","floor":19.0,"turns":5.0},{"damage":8.0,"enemies":"3 Cultists","floor":20.0,"turns":5.0},{"damage":0.0,"enemies":"Sentry and Sphere","floor":22.0,"turns":2.0},{"damage":19.0,"enemies":"Centurion and Healer","floor":24.0,"turns":8.0},{"damage":22.0,"enemies":"Gremlin Leader","floor":27.0,"turns":9.0},{"damage":66,"enemies":"Slavers","floor":30,"turns":6},{"damage":0,"enemies":"Snake Plant","floor":31,"turns":4},{"damage":9,"enemies":"Collector","floor":33,"turns":9},{"damage":0,"enemies":"3 Shapes","floor":35,"turns":2},{"damage":26,"enemies":"3 Darklings","floor":37,"turns":2},{"damage":0,"enemies":"Jaw Worm Horde","floor":38,"turns":3},{"damage":0,"enemies":"Spire Growth","floor":39,"turns":3},{"damage":42,"enemies":"Giant Head","floor":40,"turns":9},{"damage":0,"enemies":"Nemesis","floor":42,"turns":3},{"damage":0,"enemies":"Giant Head","floor":47,"turns":4},{"damage":2,"enemies":"Maw","floor":48,"turns":4},{"damage":60,"enemies":"Awakened One","floor":50,"turns":2}],"seed_played":"4953613059674858665","potions_obtained":[{"floor":3.0,"key":"SteroidPotion"},{"floor":10.0,"key":"DistilledChaos"},{"floor":12.0,"key":"LiquidBronze"},{"floor":16.0,"key":"LiquidMemories"},{"floor":20.0,"key":"SteroidPotion"},{"floor":21.0,"key":"CultistPotion"},{"floor":27.0,"key":"SpeedPotion"},{"floor":30,"key":"Explosive Potion"},{"floor":33,"key":"EssenceOfSteel"},{"floor":35,"key":"Fruit Juice"},{"floor":40,"key":"PowerPotion"},{"floor":42,"key":"SkillPotion"},{"floor":47,"key":"Block Potion"},{"floor":48,"key":"Energy Potion"}],"is_trial":false,"path_per_floor":["M","?","M","$","?","R","?","R","T","M","$","E","M","E","R","B",null,"M","M","M","?","M","R","M","$","T","E","?","$","E","M","R","B",null,"M","?","M","M","M","E","$","E","T","?","?","R","E","M","R","B"],"character_chosen":"DEFECT","items_purchased":["Compile Driver","Defragment","TheAbacus","Lee\u0027s Waffle","Loop","Heatsinks","Runic Capacitor"],"campfire_rested":1,"item_purchase_floors":[11,25,25,29,29,29,41],"current_hp_per_floor":[59,59,58,58,51,51,51,51,51,51,51,30,27,17,38,26,60,52,46,45,45,45,45,33,33,33,18,18,78,19,26,26,24,65,65,65,46,46,60,30,30,37,37,37,37,37,51,56,56,0,0],"gold":42,"neow_bonus":"REMOVE_TWO","is_daily":false,"chose_seed":false,"campfire_upgraded":6,"win_rate":0.0,"timestamp":1611575917,"path_taken":["M","?","M","$","?","R","?","R","T","?","?","E","M","E","R","BOSS","M","M","M","?","?","R","M","$","T","E","?","$","E","M","R","BOSS","M","?","M","?","?","E","$","E","T","?","?","R","E","M","R","BOSS"],"items_purchased_type":["Card","Card","Relic","Relic","Card","Card","Relic"],"build_version":"2020-12-22","purchased_purges":0,"victory":false,"max_hp_per_floor":[71,71,71,71,71,71,71,71,71,71,71,71,71,71,71,71,71,71,71,71,71,71,71,71,71,71,71,71,78,78,78,78,78,78,78,78,78,78,78,83,83,83,83,79,79,79,79,79,79,79,79],"card_choices":[{"not_picked":["Undo","Scrape"],"picked":"Streamline","floor":1.0},{"not_picked":["Ball Lightning","Sweeping Beam"],"picked":"Genetic Algorithm","floor":3.0},{"not_picked":["Heatsinks","Rebound","Streamline"],"picked":"SKIP","floor":10.0},{"not_picked":["Rebound","Go for the Eyes"],"picked":"Biased Cognition","floor":12.0},{"not_picked":["Blizzard","Static Discharge","Redo"],"picked":"SKIP","floor":13.0},{"not_picked":["FTL","Genetic Algorithm"],"picked":"Echo Form","floor":14.0},{"not_picked":["Ball Lightning","Hello World"],"picked":"Self Repair","floor":18.0},{"not_picked":["Genetic Algorithm","Hologram+1"],"picked":"Turbo","floor":19.0},{"not_picked":["Barrage+1","Consume","Gash"],"picked":"SKIP","floor":20.0},{"not_picked":["Sunder","BootSequence"],"picked":"Coolheaded","floor":22.0},{"not_picked":["Ball Lightning","Reprogram"],"picked":"Defragment","floor":24.0},{"not_picked":["Echo Form","Streamline","BootSequence"],"picked":"SKIP","floor":27.0},{"not_picked":["Aggregate","Cold Snap","Redo"],"picked":"SKIP","floor":30},{"not_picked":["Rip and Tear","Recycle+1"],"picked":"Skim+1","floor":31},{"not_picked":["All For One","Hyperbeam"],"picked":"Electrodynamics","floor":33},{"not_picked":["Aggregate+1","Static Discharge+1"],"picked":"Storm+1","floor":35},{"not_picked":["Blizzard+1","Sunder+1"],"picked":"Lockon","floor":37},{"not_picked":["Compile Driver","Gash"],"picked":"Recycle+1","floor":38},{"not_picked":["Barrage","Fusion","Redo"],"picked":"SKIP","floor":39},{"not_picked":["Beam Cell","Chill"],"picked":"Echo Form","floor":40},{"not_picked":["Coolheaded","Streamline","Auto Shields+1"],"picked":"SKIP","floor":42},{"not_picked":["Rebound+1","Doom and Gloom","Double Energy+1"],"picked":"SKIP","floor":47},{"not_picked":["Redo","Go for the Eyes"],"picked":"Conserve Battery+1","floor":48}],"player_experience":761554,"relics_obtained":[{"floor":9.0,"key":"War Paint"},{"floor":12.0,"key":"The Courier"},{"floor":14.0,"key":"Ancient Tea Set"},{"floor":26.0,"key":"Boot"},{"floor":27.0,"key":"Bag of Marbles"},{"floor":30,"key":"HornCleat"},{"floor":40,"key":"White Beast Statue"},{"floor":42,"key":"Symbiotic Virus"},{"floor":43,"key":"Du-Vu Doll"},{"floor":47,"key":"Pen Nib"}],"event_choices":[{"damage_healed":0.0,"max_hp_gain":0.0,"max_hp_loss":0.0,"gold_gain":0.0,"event_name":"Living Wall","player_choice":"Grow","floor":2.0,"gold_loss":0.0,"damage_taken":0.0,"cards_upgraded":["Streamline"]},{"cards_removed":["Strike_B"],"damage_healed":0.0,"max_hp_gain":0.0,"max_hp_loss":0.0,"gold_gain":0.0,"event_name":"Golden Wing","player_choice":"Card Removal","floor":5.0,"gold_loss":0.0,"damage_taken":7.0},{"damage_healed":0.0,"max_hp_gain":0.0,"max_hp_loss":0.0,"gold_gain":0.0,"cards_transformed":["Strike_B"],"event_name":"Transmorgrifier","player_choice":"Transformed","floor":7.0,"gold_loss":0.0,"damage_taken":0.0,"cards_obtained":["Scrape"]},{"damage_healed":0.0,"max_hp_gain":0.0,"max_hp_loss":0.0,"gold_gain":0.0,"event_name":"The Woman in Blue","player_choice":"Bought 1 Potion","floor":21.0,"gold_loss":0.0,"damage_taken":0.0},{"damage_healed":0.0,"max_hp_gain":0.0,"max_hp_loss":0.0,"gold_gain":250.0,"event_name":"The Joust","player_choice":"Bet on Owner","floor":28.0,"gold_loss":50.0,"damage_taken":0.0},{"cards_removed":["Defend_B"],"damage_healed":0,"gold_gain":0,"player_choice":"Upgrade and Remove","damage_taken":0,"max_hp_gain":0,"max_hp_loss":0,"event_name":"Designer","floor":36,"gold_loss":110,"cards_upgraded":["Electrodynamics"]},{"damage_healed":0,"gold_gain":0,"player_choice":"Max HP","damage_taken":0,"max_hp_gain":0,"max_hp_loss":4,"event_name":"Winding Halls","floor":44,"gold_loss":0},{"damage_healed":0,"gold_gain":0,"player_choice":"Paid","damage_taken":0,"relics_obtained":["Red Mask"],"max_hp_gain":0,"max_hp_loss":0,"event_name":"Tomb of Lord Red Mask","floor":45,"gold_loss":46}],"is_beta":false,"boss_relics":[{"not_picked":["SlaversCollar","Philosopher\u0027s Stone"],"picked":"Astrolabe"},{"not_picked":["Tiny House","FrozenCore"],"picked":"Snecko Eye"}],"items_purged_floors":[],"is_endless":false,"potions_floor_spawned":[3,10,12,16,20,22,27,30,33,35,40,42,47,48],"killed_by":"Awakened One","ascension_level":20}}