{"host":"kvo7eymyd21g9abd","time":1611599469,"event":{"mods":["AchievementEnabler","BaseMod","Bestiary","Colored Map","Minty Spire (QoL Compilation)","StSLib"],"gold_per_floor":[115,135,310,322,397,428,447,466,493,493,525,525,525,539,539,639,639,659,659,674,674,430,430,430],"floor_reached":23,"language":"ENG","playtime":1163,"items_purged":[],"score":211,"play_id":"e2d864ee-a3e0-4387-a0ca-d9dc13188a90","local_time":"20210125133109","is_ascension_mode":true,"campfire_choices":[{"floor":10,"key":"REST"},{"floor":12,"key":"REST"},{"floor":15,"key":"RECALL"}],"circlet_count":0,"master_deck":["Strike_P","Strike_P","Strike_P","Defend_P","Defend_P","Defend_P","Defend_P","Eruption","Vigilance","ForeignInfluence+1","Prostrate","Evaluate","Doubt","Conclude","Crescendo","Swivel","BattleHymn","DeusExMachina","WindmillStrike","Ragnarok","SandsOfTime","ForeignInfluence+1","ClearTheMind+1","Chrysalis"],"relics":["PureWater","Eternal Feather","Tiny Chest","VioletLotus","Bottled Tornado"],"acts_visited":["Exordium","TheCity"],"potions_floor_usage":[8,14,16,23,23,23],"damage_taken":[{"damage":0,"enemies":"2 Louse","floor":1,"turns":3},{"damage":0,"enemies":"Small Slimes","floor":2,"turns":4},{"damage":0,"enemies":"Jaw Worm","floor":4,"turns":1},{"damage":43,"enemies":"Lagavulin","floor":6,"turns":6},{"damage":12,"enemies":"Red Slaver","floor":7,"turns":5},{"damage":0,"enemies":"Gremlin Gang","floor":8,"turns":3},{"damage":22,"enemies":"3 Sentries","floor":11,"turns":6},{"damage":0,"enemies":"2 Fungi Beasts","floor":14,"turns":3},{"damage":50,"enemies":"Hexaghost","floor":16,"turns":9},{"damage":17,"enemies":"Shell Parasite","floor":18,"turns":6},{"damage":29,"enemies":"3 Byrds","floor":20,"turns":5},{"damage":26,"enemies":"Gremlin Leader","floor":23,"turns":4}],"seed_played":"-2720981350788469953","potions_obtained":[{"floor":2,"key":"Swift Potion"},{"floor":6,"key":"Fire Potion"},{"floor":7,"key":"Energy Potion"},{"floor":8,"key":"EssenceOfSteel"},{"floor":20,"key":"Block Potion"}],"is_trial":false,"path_per_floor":["M","M","?","M","?","E","M","M","T","R","E","R","?","M","R","B",null,"M","?","M","T","$","E"],"character_chosen":"WATCHER","items_purchased":["Chrysalis","Block Potion"],"campfire_rested":2,"item_purchase_floors":[22,22],"current_hp_per_floor":[72,72,72,72,61,18,6,6,6,36,14,44,44,44,53,3,72,55,55,26,26,26,0,0],"gold":430,"neow_bonus":"TRANSFORM_CARD","is_daily":false,"chose_seed":false,"campfire_upgraded":0,"win_rate":0.0,"timestamp":1611599469,"path_taken":["M","M","?","M","?","E","M","M","T","R","E","R","?","M","R","BOSS","M","?","?","?","$","E"],"items_purchased_type":["Card","Potion"],"build_version":"2020-12-22","purchased_purges":0,"victory":false,"max_hp_per_floor":[72,72,72,72,72,72,72,72,72,72,72,72,72,72,72,72,72,72,72,72,72,72,72,72],"card_choices":[{"not_picked":["EmptyFist","ClearTheMind"],"picked":"Prostrate","floor":1},{"not_picked":["JustLucky","Halt"],"picked":"Evaluate","floor":2},{"not_picked":["CarveReality","CutThroughFate"],"picked":"Conclude","floor":4},{"not_picked":["FollowUp","FlyingSleeves"],"picked":"Crescendo","floor":6},{"not_picked":["Wireheading","Protect"],"picked":"Swivel","floor":7},{"not_picked":["ClearTheMind","Perseverance"],"picked":"BattleHymn","floor":8},{"not_picked":["FlurryOfBlows","Fasting2"],"picked":"DeusExMachina","floor":11},{"not_picked":["EmptyBody","Consecrate"],"picked":"WindmillStrike","floor":14},{"not_picked":["Blasphemy","Brilliance"],"picked":"Ragnarok","floor":16},{"not_picked":["SashWhip","Adaptation"],"picked":"SandsOfTime","floor":18},{"not_picked":["FollowUp","EmptyFist"],"picked":"ClearTheMind+1","floor":20}],"player_experience":422364,"relics_obtained":[{"floor":6,"key":"Eternal Feather"},{"floor":11,"key":"Tiny Chest"},{"floor":21,"key":"Bottled Tornado"}],"event_choices":[{"damage_healed":0,"gold_gain":175,"player_choice":"AGREE","damage_taken":0,"max_hp_gain":0,"max_hp_loss":0,"event_name":"Liars Game","floor":3,"gold_loss":0,"cards_obtained":["Doubt"]},{"damage_healed":0,"gold_gain":75,"player_choice":"Gather Gold","damage_taken":11,"max_hp_gain":0,"max_hp_loss":0,"event_name":"World of Goop","floor":5,"gold_loss":0},{"damage_healed":0,"gold_gain":0,"player_choice":"Upgraded","damage_taken":0,"max_hp_gain":0,"max_hp_loss":0,"event_name":"Upgrade Shrine","floor":13,"gold_loss":0,"cards_upgraded":["ForeignInfluence"]},{"damage_healed":0,"gold_gain":0,"player_choice":"Copied","damage_taken":0,"max_hp_gain":0,"max_hp_loss":0,"event_name":"Duplicator","floor":19,"gold_loss":0,"cards_obtained":["ForeignInfluence"]}],"is_beta":false,"boss_relics":[{"not_picked":["Pandora\u0027s Box","Philosopher\u0027s Stone"],"picked":"VioletLotus"}],"items_purged_floors":[],"is_endless":false,"potions_floor_spawned":[2,6,7,8,20],"killed_by":"Gremlin Leader","ascension_level":1}}