{"host":"gg","time":1611562671,"event":{"mods":["BaseMod","Colored Map","Googly Eyes","Minty Spire (QoL Compilation)","Permanent Neow","Relic Stats","The IronCluck"],"gold_per_floor":[111,111,261,280,47,82,82,92,92,104,124,159,84,111,111,187,187,203,231,231,146,96,131,131,159,159,159,193,210,210,222,222,296,296,334,334,79,92,13,79,103,147,171,226,270,270,327,377,386,386,411,411,411,87,112,112],"floor_reached":57,"language":"ENG","playtime":5173,"items_purged":["Doubt","Defend_P","Strike_P","Strike_P+1"],"score":3161,"play_id":"6cde1251-b452-4939-a69f-c93d43ab63f2","local_time":"20210125001751","is_ascension_mode":true,"campfire_choices":[{"data":"Eruption","floor":7.0,"key":"SMITH"},{"data":"Wallop","floor":15.0,"key":"SMITH"},{"floor":24,"key":"REST"},{"floor":27,"key":"RECALL"},{"floor":32,"key":"REST"},{"floor":49,"key":"REST"},{"floor":53,"key":"REST"}],"circlet_count":0,"master_deck":["AscendersBane","Strike_P+1","Strike_P+1","Defend_P+1","Defend_P+1","Eruption+1","Vigilance","FollowUp+1","Wallop+1","LessonLearned+1","Indignation+1","Blasphemy+1","FlyingSleeves+1","MentalFortress+1","SpiritShield+1","CutThroughFate+1","CutThroughFate+1","Vault+1","EmptyFist","RitualDagger","Wish","CurseOfTheBell","WheelKick+1","MentalFortress+1","Wireheading+1","Tantrum+1","SashWhip+1","FearNoEvil","LikeWater+1","EmptyBody","CrushJoints"],"relics":["Velvet Choker","HornCleat","TeardropLocket","Smiling Mask","Pantograph","Fusion Hammer","Red Mask","FossilizedHelix","PreservedInsect","MealTicket","Centennial Puzzle","Orichalcum","Calling Bell","Damaru","Mercury Hourglass","Calipers","Frozen Egg 2","Bag of Marbles","CeramicFish","Kunai","Pear","Dream Catcher","Membership Card","Bag of Preparation","Sundial"],"acts_visited":["Exordium","TheCity","TheBeyond","TheEnding"],"potions_floor_usage":[16,25,33,50,56,56],"damage_taken":[{"damage":4.0,"enemies":"Small Slimes","floor":1.0,"turns":4.0},{"damage":7.0,"enemies":"Jaw Worm","floor":4.0,"turns":2.0},{"damage":30.0,"enemies":"3 Sentries","floor":6.0,"turns":12.0},{"damage":0.0,"enemies":"2 Louse","floor":8.0,"turns":3.0},{"damage":0.0,"enemies":"Large Slime","floor":10.0,"turns":5.0},{"damage":0.0,"enemies":"Exordium Thugs","floor":11.0,"turns":3.0},{"damage":0.0,"enemies":"Gremlin Nob","floor":12.0,"turns":2.0},{"damage":2.0,"enemies":"3 Sentries","floor":14.0,"turns":7.0},{"damage":21,"enemies":"Hexaghost","floor":16,"turns":8},{"damage":0,"enemies":"Spheric Guardian","floor":18,"turns":1},{"damage":15,"enemies":"Masked Bandits","floor":19,"turns":3},{"damage":0,"enemies":"Slavers","floor":23,"turns":3},{"damage":0,"enemies":"Gremlin Leader","floor":25,"turns":4},{"damage":9,"enemies":"Slavers","floor":28,"turns":5},{"damage":0,"enemies":"3 Byrds","floor":29,"turns":5},{"damage":0,"enemies":"Cultist and Chosen","floor":31,"turns":4},{"damage":54,"enemies":"Automaton","floor":33,"turns":8},{"damage":0,"enemies":"3 Darklings","floor":35,"turns":6},{"damage":0,"enemies":"Orb Walker","floor":38,"turns":4},{"damage":7,"enemies":"Nemesis","floor":40,"turns":4},{"damage":0,"enemies":"Spire Growth","floor":41,"turns":2},{"damage":9,"enemies":"Jaw Worm Horde","floor":42,"turns":2},{"damage":0,"enemies":"Giant Head","floor":44,"turns":5},{"damage":0,"enemies":"Sphere and 2 Shapes","floor":45,"turns":3},{"damage":0,"enemies":"Nemesis","floor":47,"turns":7},{"damage":6,"enemies":"Writhing Mass","floor":48,"turns":2},{"damage":28,"enemies":"Time Eater","floor":50,"turns":5},{"damage":12,"enemies":"Donu and Deca","floor":51,"turns":10},{"damage":0,"enemies":"Shield and Spear","floor":55,"turns":4},{"damage":52,"enemies":"The Heart","floor":56,"turns":10}],"seed_played":"-3223229483869076791","potions_obtained":[{"floor":1.0,"key":"LiquidBronze"},{"floor":4.0,"key":"LiquidBronze"},{"floor":12.0,"key":"FearPotion"},{"floor":14.0,"key":"SpeedPotion"},{"floor":23,"key":"Swift Potion"},{"floor":25,"key":"Dexterity Potion"},{"floor":31,"key":"Fire Potion"},{"floor":33,"key":"DistilledChaos"},{"floor":40,"key":"Explosive Potion"},{"floor":44,"key":"AttackPotion"},{"floor":45,"key":"StancePotion"}],"is_trial":false,"path_per_floor":["M","?","?","M","$","E","R","M","T","M","M","E","?","E","R","B",null,"M","?","?","?","$","E","R","E","T","R","E","M","?","M","R","B",null,"M","?","$","M","$","E","M","M","T","E","M","T","E","M","R","B","B",null,"R","$","E","B",null],"character_chosen":"WATCHER","items_purchased":["LessonLearned","Bag of Marbles","MentalFortress+1","Tantrum","Membership Card","Bag of Preparation","ColorlessPotion"],"campfire_rested":4,"item_purchase_floors":[5,37,37,39,54,54,54],"current_hp_per_floor":[57,62,62,55,55,25,25,25,25,25,25,25,25,23,23,27,62,62,47,47,47,47,47,68,68,68,68,59,59,53,53,73,19,60,60,60,73,73,73,66,66,57,57,57,57,67,67,61,83,55,68,79,83,83,83,31],"gold":112,"neow_bonus":"BOSS_RELIC","is_daily":false,"chose_seed":false,"campfire_upgraded":2,"win_rate":0.0,"timestamp":1611562671,"path_taken":["M","?","?","M","$","E","R","M","T","M","?","E","?","E","R","BOSS","M","?","?","?","?","E","R","E","T","R","E","?","?","M","R","BOSS","M","?","$","M","?","E","M","M","T","E","?","?","E","M","R","BOSS","BOSS","R","$","E","BOSS"],"items_purchased_type":["Card","Relic","Card","Card","Relic","Relic","Potion"],"build_version":"2020-12-18","purchased_purges":4,"victory":true,"max_hp_per_floor":[68,73,73,73,73,73,73,73,73,73,73,73,73,73,73,73,73,73,73,73,73,73,73,73,73,73,73,73,73,73,73,73,73,73,73,73,73,73,73,73,73,73,73,73,73,83,83,83,83,83,83,83,83,83,83,83],"relic_stats":{"counters":[30,143],"CeramicFish":45,"PreservedInsect":410,"Bag of Preparation":[4],"Orichalcum":[60],"Smiling Mask":150,"Mercury Hourglass":[178],"Centennial Puzzle":[24],"Dream Catcher":2,"Sundial":[0],"Pantograph":50,"MealTicket":13,"Kunai":[17],"obtain_stats":[{"Calipers":34,"CeramicFish":40,"Bag of Preparation":54,"TeardropLocket":9,"Smiling Mask":12,"Centennial Puzzle":26,"Dream Catcher":47,"HornCleat":6,"Sundial":55,"Pantograph":14,"MealTicket":25,"Fusion Hammer":17,"Red Mask":19,"Kunai":44,"Pear":46,"Velvet Choker":0,"Damaru":34,"PreservedInsect":23,"Orichalcum":28,"Frozen Egg 2":36,"Mercury Hourglass":34,"Calling Bell":34,"Bag of Marbles":37,"Membership Card":54,"PureWater":0,"FossilizedHelix":21},{"Calipers":17,"CeramicFish":20,"Bag of Preparation":28,"TeardropLocket":4,"Smiling Mask":7,"Centennial Puzzle":13,"Dream Catcher":25,"HornCleat":3,"Sundial":29,"Pantograph":8,"MealTicket":13,"Fusion Hammer":9,"Red Mask":11,"Kunai":23,"Pear":24,"Velvet Choker":0,"Damaru":17,"PreservedInsect":12,"Orichalcum":14,"Frozen Egg 2":18,"Mercury Hourglass":17,"Calling Bell":17,"Bag of Marbles":18,"Membership Card":28,"PureWater":0,"FossilizedHelix":11},{"Calipers":79,"CeramicFish":93,"Bag of Preparation":129,"TeardropLocket":21,"Smiling Mask":31,"Centennial Puzzle":57,"Dream Catcher":112,"HornCleat":18,"Sundial":133,"Pantograph":38,"MealTicket":57,"Fusion Hammer":46,"Red Mask":50,"Kunai":102,"Pear":105,"Velvet Choker":0,"Damaru":79,"PreservedInsect":53,"Orichalcum":62,"Frozen Egg 2":85,"Mercury Hourglass":79,"Calling Bell":79,"Bag of Marbles":85,"Membership Card":129,"PureWater":0,"FossilizedHelix":50}]},"card_choices":[{"not_picked":["ForeignInfluence","SandsOfTime"],"picked":"FollowUp","floor":1.0},{"not_picked":["JustLucky","FearNoEvil"],"picked":"Wallop","floor":4.0},{"not_picked":["FollowUp","EmptyMind","Consecrate"],"picked":"SKIP","floor":6.0},{"not_picked":["FollowUp","EmptyMind","Consecrate"],"picked":"SKIP","floor":6.0},{"not_picked":["FlurryOfBlows","ClearTheMind","Weave"],"picked":"SKIP","floor":8.0},{"not_picked":["Pray","ThirdEye"],"picked":"Indignation","floor":10.0},{"not_picked":["Evaluate","ForeignInfluence"],"picked":"Blasphemy","floor":11.0},{"not_picked":["ClearTheMind","JustLucky"],"picked":"FlyingSleeves","floor":12.0},{"not_picked":["Weave","Indignation"],"picked":"MentalFortress","floor":14.0},{"not_picked":["Blasphemy","ConjureBlade"],"picked":"SpiritShield","floor":16},{"not_picked":["LikeWater","Halt"],"picked":"CutThroughFate","floor":18},{"not_picked":["EmptyBody","ThirdEye"],"picked":"CutThroughFate+1","floor":19},{"not_picked":["ClearTheMind","BowlingBash+1"],"picked":"Vault","floor":23},{"not_picked":["Nirvana","Evaluate"],"picked":"EmptyFist","floor":25},{"not_picked":["CarveReality","JustLucky","MentalFortress"],"picked":"SKIP","floor":28},{"not_picked":["ClearTheMind","EmptyFist","EmptyBody"],"picked":"SKIP","floor":29},{"not_picked":["FollowUp","Evaluate","BowlingBash"],"picked":"SKIP","floor":31},{"not_picked":["Omniscience","Establishment"],"picked":"Wish","floor":33},{"not_picked":["Evaluate+1","FlyingSleeves"],"picked":"WheelKick","floor":35},{"not_picked":["FlyingSleeves","ForeignInfluence+1"],"picked":"Wireheading+1","floor":38},{"not_picked":["EmptyBody","Fasting2+1"],"picked":"SashWhip+1","floor":40},{"not_picked":["SandsOfTime+1","Swivel"],"picked":"FearNoEvil","floor":41},{"not_picked":["ThirdEye","SignatureMove"],"picked":"LikeWater+1","floor":42},{"not_picked":["Vault","DevaForm+1","Evaluate"],"picked":"SKIP","floor":44},{"not_picked":["ClearTheMind","Crescendo","Weave"],"picked":"SKIP","floor":45},{"not_picked":["JustLucky","Fasting2+1","FollowUp+1"],"picked":"SKIP","floor":47},{"not_picked":["EmptyMind","FlyingSleeves+1"],"picked":"EmptyBody","floor":48},{"not_picked":["LessonLearned","ClearTheMind"],"picked":"CrushJoints","floor":49},{"not_picked":["Indignation","ClearTheMind+1","Consecrate"],"picked":"SKIP","floor":55}],"player_experience":1277120,"relics_obtained":[{"floor":6.0,"key":"HornCleat"},{"floor":9.0,"key":"TeardropLocket"},{"floor":12.0,"key":"Smiling Mask"},{"floor":14.0,"key":"Pantograph"},{"floor":19,"key":"Red Mask"},{"floor":23,"key":"PreservedInsect"},{"floor":25,"key":"MealTicket"},{"floor":26,"key":"Centennial Puzzle"},{"floor":28,"key":"Orichalcum"},{"floor":34,"key":"Damaru"},{"floor":34,"key":"Mercury Hourglass"},{"floor":34,"key":"Calipers"},{"floor":40,"key":"CeramicFish"},{"floor":44,"key":"Kunai"},{"floor":46,"key":"Pear"},{"floor":47,"key":"Dream Catcher"},{"floor":55,"key":"Sundial"}],"event_choices":[{"damage_healed":0.0,"max_hp_gain":5.0,"max_hp_loss":0.0,"gold_gain":0.0,"event_name":"Big Fish","player_choice":"Donut","floor":2.0,"gold_loss":0.0,"damage_taken":0.0},{"damage_healed":0.0,"max_hp_gain":0.0,"max_hp_loss":0.0,"gold_gain":150.0,"event_name":"Liars Game","player_choice":"AGREE","floor":3.0,"gold_loss":0.0,"damage_taken":0.0,"cards_obtained":["Doubt"]},{"cards_removed":["Defend_P"],"damage_healed":0.0,"max_hp_gain":0.0,"max_hp_loss":0.0,"gold_gain":0.0,"event_name":"The Cleric","player_choice":"Card Removal","floor":13.0,"gold_loss":75.0,"damage_taken":0.0},{"damage_healed":0,"gold_gain":0,"player_choice":"Fought Bandits","damage_taken":0,"max_hp_gain":0,"max_hp_loss":0,"event_name":"Masked Bandits","floor":19,"gold_loss":0},{"damage_healed":0,"gold_gain":0,"player_choice":"Ignored","damage_taken":0,"max_hp_gain":0,"max_hp_loss":0,"event_name":"Vampires","floor":20,"gold_loss":0},{"damage_healed":0,"gold_gain":0,"player_choice":"Obtained Relic","damage_taken":0,"relics_obtained":["FossilizedHelix"],"max_hp_gain":0,"max_hp_loss":0,"event_name":"Addict","floor":21,"gold_loss":85},{"damage_healed":0,"gold_gain":0,"player_choice":"Joined the Cult","damage_taken":6,"max_hp_gain":0,"max_hp_loss":0,"event_name":"Nest","floor":30,"gold_loss":0,"cards_obtained":["RitualDagger"]},{"damage_healed":0,"gold_gain":0,"player_choice":"Gave Potion","damage_taken":0,"relics_obtained":["Frozen Egg 2"],"max_hp_gain":0,"max_hp_loss":0,"event_name":"WeMeetAgain","floor":36,"gold_loss":0}],"is_beta":true,"boss_relics":[{"not_picked":["VioletLotus","SlaversCollar"],"picked":"Fusion Hammer"},{"not_picked":["Busted Crown","Empty Cage"],"picked":"Calling Bell"}],"items_purged_floors":[5,22,37,54],"is_endless":false,"potions_floor_spawned":[1,4,12,14,23,25,31,33,40,41,42,44,45],"ascension_level":20}}