{"host":"0bf1j2iyw2812bby","time":1611590983,"event":{"mods":["BaseMod","Colored Map","Downfall","Highlight Path","Minty Spire (QoL Compilation)","StSLib"],"gold_per_floor":[113,129,129,149,113,113,143,143,167,167,180,199,199,212,212,313,313,324,344,83,83,97,97,117,117,186,221,237,237,89,104,104,208,208,222,241,241,255,266,266,284,284,284,159,179,179,214,233,233,233,233],"floor_reached":50,"language":"ENG","playtime":1937,"items_purged":["Clash","Shame","Strike_R"],"score":712,"play_id":"f656e169-778e-4a19-9339-1df08c96508d","local_time":"20210125110943","is_ascension_mode":true,"campfire_choices":[{"data":"Heavy Blade","floor":6.0,"key":"SMITH"},{"data":"Flex","floor":8.0,"key":"SMITH"},{"floor":13.0,"key":"REST"},{"floor":15.0,"key":"REST"},{"data":"Heavy Blade","floor":25.0,"key":"SMITH"},{"data":"Battle Trance","floor":29.0,"key":"SMITH"},{"data":"Inflame","floor":32.0,"key":"SMITH"},{"floor":40,"key":"REST"},{"data":"Infernal Blade","floor":42,"key":"SMITH"},{"data":"Sword Boomerang","floor":46,"key":"SMITH"},{"data":"Flash of Steel","floor":49,"key":"SMITH"}],"circlet_count":0,"master_deck":["Strike_R+1","Strike_R","Defend_R","Defend_R","Defend_R","Defend_R","Bash","Inflame+1","Heavy Blade+1","Flex+1","Infernal Blade+1","Thunderclap","Twin Strike+1","Reaper","Flex+1","Shrug It Off","Flash of Steel+1","Heavy Blade+1","Rampage","Pommel Strike","Battle Trance+1","Sword Boomerang+1","Offering","Inflame+1"],"relics":["Burning Blood","Nunchaku","Centennial Puzzle","Orichalcum","MealTicket","Busted Crown","Matryoshka","Bronze Scales","Ornamental Fan","Pocketwatch","Sozu","Regal Pillow","Anchor","Whetstone"],"acts_visited":["Exordium","TheCity","TheBeyond"],"potions_floor_usage":[33],"damage_taken":[{"damage":24.0,"enemies":"Jaw Worm","floor":1.0,"turns":5.0},{"damage":5.0,"enemies":"Small Slimes","floor":2.0,"turns":3.0},{"damage":1.0,"enemies":"Cultist","floor":4.0,"turns":3.0},{"damage":31.0,"enemies":"Gremlin Nob","floor":7.0,"turns":4.0},{"damage":12.0,"enemies":"Lots of Slimes","floor":11.0,"turns":4.0},{"damage":4.0,"enemies":"Gremlin Gang","floor":12.0,"turns":3.0},{"damage":14.0,"enemies":"Blue Slaver","floor":14.0,"turns":4.0},{"damage":41.0,"enemies":"Slime Boss","floor":16.0,"turns":6.0},{"damage":6.0,"enemies":"Chosen","floor":18.0,"turns":3.0},{"damage":19.0,"enemies":"Spheric Guardian","floor":19.0,"turns":4.0},{"damage":18.0,"enemies":"Centurion and Healer","floor":22.0,"turns":3.0},{"damage":31.0,"enemies":"Snake Plant","floor":24.0,"turns":3.0},{"damage":0.0,"enemies":"Gremlin Leader","floor":27.0,"turns":3.0},{"damage":11.0,"enemies":"Cultist and Chosen","floor":28.0,"turns":4.0},{"damage":10.0,"enemies":"Centurion and Healer","floor":31.0,"turns":2.0},{"damage":51,"enemies":"Collector","floor":33,"turns":4},{"damage":17,"enemies":"3 Shapes","floor":35,"turns":3},{"damage":6,"enemies":"Orb Walker","floor":36,"turns":2},{"damage":30,"enemies":"Maw","floor":38,"turns":4},{"damage":52,"enemies":"4 Shapes","floor":39,"turns":4},{"damage":6,"enemies":"Jaw Worm Horde","floor":41,"turns":3},{"damage":6,"enemies":"Maw","floor":45,"turns":4},{"damage":38,"enemies":"Nemesis","floor":47,"turns":4},{"damage":18,"enemies":"4 Shapes","floor":48,"turns":2},{"damage":89,"enemies":"Awakened One","floor":50,"turns":6}],"seed_played":"7580647506911089480","potions_obtained":[{"floor":7.0,"key":"BlessingOfTheForge"},{"floor":11.0,"key":"Ancient Potion"},{"floor":12.0,"key":"ColorlessPotion"},{"floor":16.0,"key":"Guardian:BlockOnCardUsePotion"},{"floor":22.0,"key":"hexamod:SoulburnPotion"}],"is_trial":false,"path_per_floor":["M","M","?","M","?","R","E","R","T","?","M","M","R","M","R","B",null,"M","M","$","?","M","?","M","R","T","E","M","R","$","M","R","B",null,"M","M","?","M","M","R","M","R","T","$","M","R","E","M","R","B"],"character_chosen":"IRONCLAD","items_purchased":["Shrug It Off","Flash of Steel","Heavy Blade","Sword Boomerang"],"campfire_rested":3,"item_purchase_floors":[20,20,20,30],"current_hp_per_floor":[54,55,43,48,48,48,23,23,23,23,17,19,43,35,59,24,66,71,58,73,73,68,68,49,49,49,55,56,56,71,67,67,69,77,70,70,70,51,17,41,44,44,44,59,66,66,34,40,40,0,0],"gold":233,"neow_bonus":"RANDOM_COMMON_RELIC","is_daily":false,"chose_seed":false,"campfire_upgraded":8,"win_rate":0.0,"timestamp":1611590983,"path_taken":["M","M","?","M","?","R","E","R","T","?","M","M","R","M","R","BOSS","M","M","$","?","M","?","M","R","T","E","M","R","$","M","R","BOSS","M","M","?","M","M","R","M","R","T","$","M","R","E","M","R","BOSS"],"items_purchased_type":["Card","Card","Card","Card"],"build_version":"2020-12-13","purchased_purges":3,"victory":false,"max_hp_per_floor":[80,80,80,80,80,80,80,80,80,80,80,80,80,80,80,80,80,80,80,80,80,80,80,80,80,80,80,80,80,80,80,80,80,80,80,80,80,80,80,80,80,80,80,80,80,80,80,80,80,80,80],"card_choices":[{"not_picked":["Body Slam","Rage"],"picked":"Clash","floor":1.0},{"not_picked":["Armaments","Feel No Pain"],"picked":"Inflame","floor":2.0},{"not_picked":["Corruption","Headbutt"],"picked":"Heavy Blade","floor":4.0},{"not_picked":["Headbutt","Wild Strike"],"picked":"Flex","floor":7.0},{"not_picked":["True Grit","Clothesline"],"picked":"Infernal Blade","floor":11.0},{"not_picked":["True Grit","Clothesline"],"picked":"Thunderclap","floor":12.0},{"not_picked":["Corruption","Pommel Strike"],"picked":"Twin Strike","floor":14.0},{"not_picked":["Juggernaut","Impervious"],"picked":"Reaper","floor":16.0},{"not_picked":[],"picked":"Flex+1","floor":18.0},{"not_picked":["Perfected Strike"],"picked":"SKIP","floor":19.0},{"not_picked":["Sentinel"],"picked":"SKIP","floor":22.0},{"not_picked":["Anger"],"picked":"SKIP","floor":24.0},{"not_picked":[],"picked":"Battle Trance","floor":27.0},{"not_picked":["Fire Breathing"],"picked":"SKIP","floor":28.0},{"not_picked":["Warcry"],"picked":"SKIP","floor":31.0},{"not_picked":[],"picked":"Offering","floor":33},{"not_picked":["True Grit"],"picked":"SKIP","floor":35},{"not_picked":["Evolve"],"picked":"SKIP","floor":36},{"not_picked":["Warcry"],"picked":"SKIP","floor":38},{"not_picked":["Intimidate+1"],"picked":"SKIP","floor":39},{"not_picked":["Reckless Charge"],"picked":"SKIP","floor":41},{"not_picked":["Combust"],"picked":"SKIP","floor":45},{"not_picked":[],"picked":"Inflame+1","floor":47},{"not_picked":["Sword Boomerang+1"],"picked":"SKIP","floor":48}],"player_experience":388037,"relics_obtained":[{"floor":7.0,"key":"Orichalcum"},{"floor":9.0,"key":"MealTicket"},{"floor":26.0,"key":"Bronze Scales"},{"floor":26.0,"key":"Ornamental Fan"},{"floor":27.0,"key":"Pocketwatch"},{"floor":43,"key":"Regal Pillow"},{"floor":43,"key":"Anchor"},{"floor":47,"key":"Whetstone"}],"event_choices":[{"damage_healed":0.0,"max_hp_gain":0.0,"max_hp_loss":0.0,"gold_gain":0.0,"event_name":"Scrap Ooze","player_choice":"Success","floor":3.0,"gold_loss":0.0,"damage_taken":12.0,"relics_obtained":["Centennial Puzzle"]},{"damage_healed":0.0,"max_hp_gain":0.0,"max_hp_loss":0.0,"gold_gain":0.0,"event_name":"World of Goop","player_choice":"Left Gold","floor":5.0,"gold_loss":36.0,"damage_taken":0.0},{"damage_healed":0.0,"max_hp_gain":0.0,"max_hp_loss":0.0,"gold_gain":0.0,"event_name":"Dead Adventurer","player_choice":"Searched \u00271\u0027 times","floor":10.0,"gold_loss":0.0,"damage_taken":0.0},{"damage_healed":0.0,"max_hp_gain":0.0,"max_hp_loss":0.0,"gold_gain":0.0,"event_name":"Addict","player_choice":"Stole Relic","floor":21.0,"gold_loss":0.0,"damage_taken":0.0,"relics_obtained":["Matryoshka"],"cards_obtained":["Shame"]},{"damage_healed":0.0,"max_hp_gain":0.0,"max_hp_loss":0.0,"gold_gain":0.0,"cards_transformed":["Strike_R","Strike_R"],"event_name":"Drug Dealer","player_choice":"Became Test Subject","floor":23.0,"gold_loss":0.0,"damage_taken":0.0,"cards_obtained":["Rampage","Pommel Strike"]},{"damage_healed":0,"gold_gain":0,"player_choice":"Bought 0 Potions","damage_taken":0,"max_hp_gain":0,"max_hp_loss":0,"event_name":"The Woman in Blue","floor":37,"gold_loss":0}],"is_beta":false,"boss_relics":[{"not_picked":["Astrolabe","Runic Cube"],"picked":"Busted Crown"},{"not_picked":["Fusion Hammer","Runic Dome"],"picked":"Sozu"}],"items_purged_floors":[20,30,44],"is_endless":false,"potions_floor_spawned":[7,11,12,16,19,22,35,36,38,45,48],"killed_by":"Awakened One","ascension_level":6}}