{"host":"8zzc9mdnfkdiyxma","time":1611547536,"event":{"mods":["2.2 Compatiblity","BaseMod","Better Altar","Better Match","Better Note","Better Sensory Stone","Better Skull","Better Third Choice","Better Vampires","Colored Map","Colored Powertips","Emptier Cage","Minty Spire (QoL Compilation)","Permanent Neow","Rare Cards Sparkle","Relic Filter","Reliquary","SacredBarkPlus","StSLib","Waifu the Spire"],"gold_per_floor":[116,57,71,117,134,162,162,162,162],"floor_reached":8,"language":"ENG","playtime":304,"items_purged":[],"score":112,"play_id":"2e6561fe-2fa0-4ada-991d-784fcb147944","local_time":"20210124230536","is_ascension_mode":true,"campfire_choices":[{"floor":7,"key":"REST"}],"circlet_count":0,"master_deck":["AscendersBane","Strike_B","Strike_B","Strike_B","Strike_B","Defend_B","Defend_B","Defend_B","Defend_B","Zap","Dualcast","Streamline","Cold Snap","Defragment","Electrodynamics","White Noise"],"relics":["Cracked Core","Smiling Mask","betterThird:SlimedRelic","Omamori","Dream Catcher"],"acts_visited":["Exordium"],"potions_floor_usage":[6],"damage_taken":[{"damage":14,"enemies":"Jaw Worm","floor":1,"turns":5},{"damage":1,"enemies":"2 Louse","floor":3,"turns":2},{"damage":4,"enemies":"Cultist","floor":5,"turns":3},{"damage":25,"enemies":"Lagavulin","floor":6,"turns":5},{"damage":44,"enemies":"Gremlin Nob","floor":8,"turns":4}],"seed_played":"-8762880539692622411","potions_obtained":[{"floor":3,"key":"Fire Potion"}],"is_trial":false,"path_per_floor":["M","?","M","T","M","E","R","E"],"character_chosen":"DEFECT","items_purchased":[],"campfire_rested":1,"item_purchase_floors":[],"current_hp_per_floor":[50,39,38,38,34,9,30,0,0],"gold":162,"neow_bonus":"RANDOM_COMMON_RELIC","is_daily":false,"chose_seed":false,"campfire_upgraded":0,"win_rate":0.0,"timestamp":1611547536,"path_taken":["M","?","M","?","M","E","R","E"],"items_purchased_type":[],"build_version":"2020-12-22","purchased_purges":0,"victory":false,"max_hp_per_floor":[71,71,71,71,71,71,71,71,71],"card_choices":[{"not_picked":["Stack","Double Energy"],"picked":"Streamline","floor":1},{"not_picked":["Skim","Auto Shields"],"picked":"Cold Snap","floor":3},{"not_picked":["Chaos","Recycle"],"picked":"Defragment","floor":5},{"not_picked":["Skim","Aggregate"],"picked":"Electrodynamics","floor":6},{"not_picked":["Beam Cell","Redo"],"picked":"White Noise","floor":7}],"player_experience":1000658,"relics_obtained":[{"floor":4,"key":"Omamori"},{"floor":6,"key":"Dream Catcher"}],"event_choices":[{"damage_healed":0,"gold_gain":0,"player_choice":"Slimed","damage_taken":11,"max_hp_gain":0,"max_hp_loss":0,"event_name":"betterThird:BetterGoop","floor":2,"gold_loss":59}],"is_beta":false,"boss_relics":[],"items_purged_floors":[],"is_endless":false,"potions_floor_spawned":[3],"killed_by":"Gremlin Nob","ascension_level":20}}