{"host":"0mk07bycsqo1qk03","time":1611562536,"event":{"mods":["BaseMod","Downfall","Hermit","Hubris","Minty Spire (QoL Compilation)","StSLib","The Cursed"],"gold_per_floor":[349,365,375,375,390,408,435,112,128,128,113,113,22,38,52,155,155,155,155,155,172,188,213,213,213,224,254,254,283,295,322,347,463,475,487,518,530,74,87,117,144,44,64,76,76,90,90,90,90],"floor_reached":47,"language":"ENG","playtime":3288,"items_purged":["Bite"],"score":637,"play_id":"30b74ea4-a2ff-4e31-b99f-21fe27a34114","local_time":"20210125091536","is_ascension_mode":true,"campfire_choices":[{"data":"bronze:Replicate","floor":1.0,"key":"SMITH"},{"data":"bronze:Format","floor":10.0,"key":"SMITH"},{"data":"bronze:Shell","floor":18.0,"key":"SMITH"},{"data":"bronze:BronzeOrb","floor":25.0,"key":"SMITH"},{"data":"bronze:Terminator","floor":30.0,"key":"SMITH"},{"data":"bronze:Branch","floor":35,"key":"SMITH"},{"data":"expansioncontent:QuickStudy","floor":42,"key":"SMITH"}],"circlet_count":0,"master_deck":["bronze:Defend","bronze:Defend","bronze:Defend","bronze:Defend","bronze:Replicate+1","bronze:Goto","bronze:Frontload","bronze:Constructor","bronze:GetLatest","bronze:Separator","bronze:Frontload","bronze:DelayedGuard","bronze:ForceShield","bronze:Format+1","bronze:BronzeOrb+1","bronze:Shell+1","bronze:DelayedSlice","bronze:Spike","bronze:DazingPulse","bronze:Deprecate","bronze:Branch+1","bronze:Terminator+1","bronze:DelayedGuard","bronze:InfiniteLoop+1","Necronomicurse","Bite","Bite","Bite","Bite","bronze:Branch+1","bronze:Overheat+1","bronze:AlphaBuild","bronze:Boost","bronze:ThunderWave","bronze:Repair+1","expansioncontent:QuickStudy+1"],"relics":["bronze:BronzeCore","Boot","hubris:TerracottaHorce","Necronomicon","Potion Belt","Anchor","Dream Catcher","MawBank","Busted Crown","bronze:ProtectiveGoggles","Eternal Feather","downfall:HeartBlessingBlue"],"acts_visited":["Exordium","TheCity","TheBeyond"],"potions_floor_usage":[46,47],"damage_taken":[{"damage":1.0,"enemies":"Cultist","floor":2.0,"turns":4.0},{"damage":2.0,"enemies":"Small Slimes","floor":3.0,"turns":4.0},{"damage":0.0,"enemies":"Jaw Worm","floor":5.0,"turns":2.0},{"damage":20.0,"enemies":"Exordium Wildlife","floor":6.0,"turns":6.0},{"damage":0.0,"enemies":"downfall:FleeingMerchant","floor":8.0,"turns":4.0},{"damage":0.0,"enemies":"Large Slime","floor":9.0,"turns":6.0},{"damage":0.0,"enemies":"downfall:FleeingMerchant","floor":11.0,"turns":4.0},{"damage":5.0,"enemies":"downfall:FleeingMerchant","floor":12.0,"turns":5.0},{"damage":4.0,"enemies":"downfall:FleeingMerchant","floor":13.0,"turns":4.0},{"damage":0.0,"enemies":"2 Fungi Beasts","floor":14.0,"turns":2.0},{"damage":1.0,"enemies":"Gremlin Gang","floor":15.0,"turns":6.0},{"damage":25.0,"enemies":"DF_ARCHETYPE_STREAMLINE","floor":16.0,"turns":11.0},{"damage":1.0,"enemies":"Chosen","floor":21.0,"turns":5.0},{"damage":2.0,"enemies":"Shelled Parasite and Fungi","floor":22.0,"turns":3.0},{"damage":27.0,"enemies":"Book of Stabbing","floor":23.0,"turns":8.0},{"damage":8.0,"enemies":"Snecko","floor":26.0,"turns":6.0},{"damage":0.0,"enemies":"Slavers","floor":27.0,"turns":7.0},{"damage":0.0,"enemies":"Gremlin Leader","floor":29.0,"turns":11.0},{"damage":0.0,"enemies":"Snake Plant","floor":31.0,"turns":4.0},{"damage":12.0,"enemies":"Centurion and Healer","floor":32.0,"turns":7.0},{"damage":39.0,"enemies":"IC_MUSHROOM_ARCHETYPE","floor":33.0,"turns":11.0},{"damage":0,"enemies":"Orb Walker","floor":36,"turns":2},{"damage":0,"enemies":"downfall:FleeingMerchant","floor":38,"turns":4},{"damage":2,"enemies":"3 Shapes","floor":39,"turns":4},{"damage":8,"enemies":"Nemesis","floor":40,"turns":5},{"damage":24,"enemies":"Maw","floor":43,"turns":8},{"damage":22,"enemies":"Sphere and 2 Shapes","floor":44,"turns":8},{"damage":0,"enemies":"Jaw Worm Horde","floor":46,"turns":3},{"damage":56,"enemies":"Giant Head","floor":47,"turns":6}],"seed_played":"3877249050616822144","potions_obtained":[{"floor":2.0,"key":"Ancient Potion"},{"floor":3.0,"key":"Block Potion"},{"floor":5.0,"key":"Fruit Juice"},{"floor":14.0,"key":"SpeedPotion"},{"floor":15.0,"key":"Fruit Juice"},{"floor":16.0,"key":"Explosive Potion"},{"floor":21.0,"key":"Guardian:BlockOnCardUsePotion"},{"floor":31.0,"key":"bronze:CleanCodePotion"},{"floor":32.0,"key":"LiquidBronze"},{"floor":33.0,"key":"PowerPotion"},{"floor":37,"key":"ColorlessPotion"},{"floor":37,"key":"Swift Potion"},{"floor":40,"key":"Dexterity Potion"}],"is_trial":false,"path_per_floor":["R","M","M","?","M","M","T","$","M","R","$","?","$","M","M","B",null,"R","?","?","M","M","E","T","R","M","E","?","E","R","M","M","B",null,"R","M","?","$","M","E","T","R","M","M","?","M","E"],"character_chosen":"THE_AUTOMATON","items_purchased":["bronze:ForceShield","bronze:Format","bronze:BronzeOrb","Dexterity Potion","bronze:Terminator","bronze:ProtectiveGoggles","expansioncontent:QuickStudy","Dexterity Potion"],"campfire_rested":0,"item_purchase_floors":[8,8,8,8,13,38,38,38],"current_hp_per_floor":[49,48,46,46,51,31,31,31,31,31,31,26,22,22,26,1,60,60,44,44,49,49,30,30,30,28,30,30,46,46,48,38,5,43,43,43,43,55,56,50,50,66,43,39,39,39,0,0,0],"gold":90,"neow_bonus":"TWO_FIFTY_GOLD","is_daily":false,"chose_seed":false,"campfire_upgraded":7,"win_rate":0.0,"timestamp":1611562536,"path_taken":["R","M","?","?","M","M","T","$","M","R","$","?","?","M","M","BOSS","R","?","?","M","M","E","T","R","M","E","?","E","R","M","M","BOSS","R","M","?","$","M","E","T","R","?","?","?","M","E"],"items_purchased_type":["Card","Card","Card","Potion","Card","Relic","Card","Potion"],"build_version":"2020-12-22","purchased_purges":1,"victory":false,"max_hp_per_floor":[70,70,70,70,75,75,75,75,75,75,75,75,75,75,80,80,80,80,80,56,56,56,56,56,56,56,56,56,56,56,56,56,56,56,56,56,56,56,56,56,56,66,66,66,66,66,66,66,66],"card_choices":[{"not_picked":["bronze:Repulsor","bronze:CloningBeam"],"picked":"bronze:Frontload","floor":2.0},{"not_picked":["bronze:ChildClass","bronze:ForLoop"],"picked":"bronze:Constructor","floor":3.0},{"not_picked":["bronze:Return","bronze:BitShift"],"picked":"bronze:Separator","floor":5.0},{"not_picked":["bronze:Repulsor","bronze:BuggyMess"],"picked":"bronze:Frontload","floor":6.0},{"not_picked":["bronze:Invalidate","bronze:GetLatest"],"picked":"bronze:DelayedGuard","floor":8.0},{"not_picked":["bronze:Overload","bronze:CutThrough"],"picked":"bronze:Shell","floor":9.0},{"not_picked":["bronze:DelayedGuard","bronze:Turbo"],"picked":"bronze:DelayedSlice","floor":11.0},{"not_picked":[],"picked":"bronze:Spike","floor":12.0},{"not_picked":[],"picked":"bronze:DazingPulse","floor":12.0},{"not_picked":["bronze:BugBarrage","bronze:WildBeam"],"picked":"bronze:Deprecate","floor":12.0},{"not_picked":["bronze:OilSpill","bronze:Separator"],"picked":"bronze:Branch","floor":13.0},{"not_picked":["bronze:Refactor","bronze:Iterate"],"picked":"bronze:DelayedGuard","floor":14.0},{"not_picked":["bronze:BugBarrage","bronze:Deprecate","bronze:Philosophize"],"picked":"SKIP","floor":15.0},{"not_picked":["bronze:ThunderWave","bronze:ShipIt"],"picked":"bronze:InfiniteLoop","floor":16.0},{"not_picked":["bronze:ForceShield","bronze:Separator+1"],"picked":"bronze:Branch+1","floor":21.0},{"not_picked":["bronze:Terminator","bronze:Shield"],"picked":"bronze:Overheat+1","floor":22.0},{"not_picked":["bronze:ForLoop","bronze:Philosophize+1"],"picked":"bronze:AlphaBuild","floor":23.0},{"not_picked":["bronze:Overload","bronze:Turbo","bronze:Deprecate"],"picked":"SKIP","floor":26.0},{"not_picked":["bronze:Turbo","bronze:BitShift+1","bronze:BugBarrage+1"],"picked":"SKIP","floor":27.0},{"not_picked":["bronze:Invalidate","bronze:WildBeam","bronze:Return"],"picked":"SKIP","floor":29.0},{"not_picked":["bronze:Frontload","bronze:Repulsor"],"picked":"bronze:Boost","floor":31.0},{"not_picked":["bronze:WildBeam","bronze:Break","bronze:Philosophize"],"picked":"SKIP","floor":32.0},{"not_picked":["bronze:SpaghettiCode","bronze:Virus"],"picked":"bronze:ThunderWave","floor":33.0},{"not_picked":[],"picked":"bronze:Repair+1","floor":36},{"not_picked":["bronze:FollowUp+1"],"picked":"SKIP","floor":38},{"not_picked":["bronze:WildBeam+1"],"picked":"SKIP","floor":39},{"not_picked":["bronze:FollowUp+1"],"picked":"SKIP","floor":40},{"not_picked":["bronze:WhirlingStrike"],"picked":"SKIP","floor":43},{"not_picked":["bronze:BugBarrage+1"],"picked":"SKIP","floor":44},{"not_picked":["bronze:Turbo+1"],"picked":"SKIP","floor":46}],"player_experience":960197,"relics_obtained":[{"floor":7.0,"key":"Boot"},{"floor":19.0,"key":"Necronomicon"},{"floor":23.0,"key":"Potion Belt"},{"floor":24.0,"key":"Anchor"},{"floor":27.0,"key":"Dream Catcher"},{"floor":29.0,"key":"MawBank"},{"floor":40,"key":"Eternal Feather"}],"event_choices":[{"damage_healed":0.0,"max_hp_gain":0.0,"max_hp_loss":24.0,"gold_gain":0.0,"event_name":"Vampires","player_choice":"Became a vampire","floor":20.0,"gold_loss":0.0,"damage_taken":0.0,"cards_obtained":["Bite","Bite","Bite","Bite","Bite"]},{"damage_healed":0,"gold_gain":0,"player_choice":"Got Potions","damage_taken":0,"max_hp_gain":0,"max_hp_loss":0,"event_name":"Lab","floor":37,"gold_loss":0}],"is_beta":false,"boss_relics":[{"not_picked":["Astrolabe","Pandora\u0027s Box"],"picked":"hubris:TerracottaHorce"},{"not_picked":["Empty Cage","SlaversCollar"],"picked":"Busted Crown"}],"items_purged_floors":[38],"is_endless":false,"potions_floor_spawned":[2,3,5,14,15,16,21,31,32,33,40],"killed_by":"Giant Head","ascension_level":1}}