{"host":"qekv59dthhdg54sz","time":1611546218,"event":{"mods":["AchievementEnabler","BaseMod","Colored Map","DeckTracker","KOR Keyword Fix","Minty Spire (QoL Compilation)","Rare Cards Sparkle","StSLib","SuperFastMode"],"gold_per_floor":[119,129,146,29,47,76,76,76,76,100,100,100,110,146,146,231,231,251,262,262,242,270,270,288,324,348,348,362,262,262,272,272,349,349,359,379,399,409,51,51,91,91,164,182,214,214,248,248,248,248,248],"floor_reached":52,"language":"KOR","playtime":2053,"items_purged":["Strike_G","Strike_G","Strike_G"],"score":1898,"play_id":"79c0dd0f-3c46-4387-aaac-b05684a0eb5e","local_time":"20210125124338","is_ascension_mode":true,"campfire_choices":[{"floor":7.0,"key":"REST"},{"data":"Malaise","floor":11.0,"key":"SMITH"},{"floor":15.0,"key":"REST"},{"data":"The Bomb","floor":23.0,"key":"SMITH"},{"data":"Bouncing Flask","floor":27.0,"key":"SMITH"},{"data":"Backflip","floor":30.0,"key":"SMITH"},{"data":"Riddle With Holes","floor":32.0,"key":"SMITH"},{"floor":40,"key":"REST"},{"floor":46,"key":"REST"},{"floor":49,"key":"REST"}],"circlet_count":0,"master_deck":["AscendersBane","Strike_G","Defend_G","Defend_G","Defend_G","Defend_G","Defend_G","Survivor","Neutralize","The Bomb+1","Dagger Throw","Bouncing Flask+1","Well Laid Plans","Malaise+1","Bullet Time","Adrenaline","Backflip+1","Riddle With Holes+1","The Bomb+1","Leg Sweep","Bullet Time"],"relics":["Ring of the Snake","CeramicFish","Orichalcum","Meat on the Bone","Snecko Eye","Gambling Chip","PreservedInsect","SlaversCollar","DollysMirror","Ninja Scroll","Mummified Hand","Kunai","TungstenRod"],"acts_visited":["Exordium","TheCity","TheBeyond"],"potions_floor_usage":[51],"damage_taken":[{"damage":3.0,"enemies":"Jaw Worm","floor":1.0,"turns":4.0},{"damage":1.0,"enemies":"Small Slimes","floor":2.0,"turns":3.0},{"damage":0.0,"enemies":"Cultist","floor":3.0,"turns":4.0},{"damage":12.0,"enemies":"Large Slime","floor":5.0,"turns":4.0},{"damage":32.0,"enemies":"3 Sentries","floor":6.0,"turns":5.0},{"damage":1.0,"enemies":"2 Fungi Beasts","floor":10.0,"turns":3.0},{"damage":6.0,"enemies":"Looter","floor":13.0,"turns":3.0},{"damage":8.0,"enemies":"Lagavulin","floor":14.0,"turns":6.0},{"damage":2.0,"enemies":"Hexaghost","floor":16.0,"turns":9.0},{"damage":13.0,"enemies":"2 Thieves","floor":18.0,"turns":4.0},{"damage":0.0,"enemies":"Chosen","floor":19.0,"turns":4.0},{"damage":24.0,"enemies":"Snecko","floor":22.0,"turns":6.0},{"damage":0.0,"enemies":"Centurion and Healer","floor":24.0,"turns":3.0},{"damage":14.0,"enemies":"Slavers","floor":25.0,"turns":3.0},{"damage":10.0,"enemies":"3 Cultists","floor":28.0,"turns":3.0},{"damage":2.0,"enemies":"Snake Plant","floor":31.0,"turns":3.0},{"damage":11.0,"enemies":"Automaton","floor":33.0,"turns":8.0},{"damage":10,"enemies":"Orb Walker","floor":35,"turns":4},{"damage":11,"enemies":"3 Shapes","floor":36,"turns":4},{"damage":13,"enemies":"Sphere and 2 Shapes","floor":37,"turns":4},{"damage":12,"enemies":"Writhing Mass","floor":38,"turns":6},{"damage":3,"enemies":"Nemesis","floor":41,"turns":5},{"damage":0,"enemies":"3 Darklings","floor":44,"turns":3},{"damage":32,"enemies":"Reptomancer","floor":45,"turns":6},{"damage":22,"enemies":"Giant Head","floor":47,"turns":6},{"damage":53,"enemies":"Time Eater","floor":50,"turns":12},{"damage":26,"enemies":"Awakened One","floor":51,"turns":13}],"seed_played":"-5373568743410773183","potions_obtained":[{"floor":2.0,"key":"FairyPotion"},{"floor":5.0,"key":"Fire Potion"},{"floor":16.0,"key":"GamblersBrew"},{"floor":21.0,"key":"EntropicBrew"}],"is_trial":false,"path_per_floor":["M","M","M","$","M","E","R","$","T","M","R","?","M","E","R","B",null,"M","M","?","?","M","R","M","E","T","R","M","$","R","M","R","B",null,"M","M","M","M","$","R","E","$","T","M","E","R","E","?","R","B","B",null],"character_chosen":"THE_SILENT","items_purchased":["Well Laid Plans","DollysMirror","Leg Sweep"],"campfire_rested":5,"item_purchase_floors":[4,39,39],"current_hp_per_floor":[56,55,55,55,43,11,29,29,29,28,28,28,22,14,32,42,56,43,43,43,43,31,31,31,29,29,29,31,31,31,41,41,42,56,46,35,34,34,34,52,49,49,49,49,29,47,37,37,54,13,17],"gold":248,"neow_bonus":"RANDOM_COLORLESS_2","is_daily":false,"chose_seed":false,"campfire_upgraded":5,"win_rate":0.0,"timestamp":1611546218,"path_taken":["M","M","M","$","M","E","R","$","T","M","R","?","M","E","R","BOSS","M","M","?","?","M","R","M","E","T","R","M","$","R","M","R","BOSS","M","?","M","M","$","R","E","$","T","M","E","R","E","?","R","BOSS","BOSS"],"items_purchased_type":["Card","Relic","Card"],"build_version":"2020-12-22","purchased_purges":3,"victory":true,"max_hp_per_floor":[60,60,60,60,60,60,60,60,60,60,60,60,60,60,60,60,60,60,60,60,60,60,60,60,60,60,60,60,60,60,60,60,60,60,60,60,60,60,60,60,60,60,60,60,60,60,60,57,57,57,57],"card_choices":[{"not_picked":["Panache","Magnetism"],"picked":"The Bomb","floor":0.0},{"not_picked":["Cloak And Dagger","Slice"],"picked":"Dagger Throw","floor":1.0},{"not_picked":["Deflect","Flechettes"],"picked":"Bouncing Flask","floor":2.0},{"not_picked":["Dagger Throw","Distraction","Outmaneuver"],"picked":"SKIP","floor":3.0},{"not_picked":["Flying Knee","Dodge and Roll","Finisher"],"picked":"SKIP","floor":5.0},{"not_picked":["Caltrops","Quick Slash","Dagger Spray"],"picked":"SKIP","floor":6.0},{"not_picked":["Dagger Spray","Dagger Throw"],"picked":"Malaise","floor":10.0},{"not_picked":["Skewer","Blur","Backstab"],"picked":"SKIP","floor":13.0},{"not_picked":["Blade Dance","Noxious Fumes"],"picked":"Bullet Time","floor":14.0},{"not_picked":["Storm of Steel","Phantasmal Killer"],"picked":"Adrenaline","floor":16.0},{"not_picked":["Deadly Poison","Calculated Gamble","Cloak And Dagger"],"picked":"SKIP","floor":18.0},{"not_picked":["Dodge and Roll","Masterful Stab","Accuracy"],"picked":"SKIP","floor":19.0},{"not_picked":["Caltrops","Noxious Fumes+1"],"picked":"Backflip","floor":22.0},{"not_picked":["Bane","Outmaneuver","Finisher"],"picked":"SKIP","floor":24.0},{"not_picked":["Prepared","Expertise"],"picked":"Riddle With Holes","floor":25.0},{"not_picked":["Noxious Fumes","Doppelganger","Backstab"],"picked":"SKIP","floor":28.0},{"not_picked":["Escape Plan","Quick Slash","Dagger Throw"],"picked":"SKIP","floor":31.0},{"not_picked":["Slice","Bane","Cloak And Dagger"],"picked":"SKIP","floor":35},{"not_picked":["Cloak And Dagger","Dodge and Roll","Flying Knee"],"picked":"SKIP","floor":36},{"not_picked":["Dagger Throw","PiercingWail","Poisoned Stab"],"picked":"SKIP","floor":37},{"not_picked":["Flying Knee+1","Sucker Punch","Dodge and Roll"],"picked":"SKIP","floor":38},{"not_picked":["Distraction","Poisoned Stab+1"],"picked":"Bullet Time","floor":41},{"not_picked":["Deflect","Underhanded Strike","Poisoned Stab"],"picked":"SKIP","floor":44},{"not_picked":["Quick Slash","Escape Plan","Deflect+1"],"picked":"SKIP","floor":45},{"not_picked":["Poisoned Stab","Envenom","Sucker Punch"],"picked":"SKIP","floor":47}],"player_experience":823737,"relics_obtained":[{"floor":6.0,"key":"CeramicFish"},{"floor":9.0,"key":"Orichalcum"},{"floor":14.0,"key":"Meat on the Bone"},{"floor":25.0,"key":"Gambling Chip"},{"floor":26.0,"key":"PreservedInsect"},{"floor":41,"key":"Ninja Scroll"},{"floor":43,"key":"Mummified Hand"},{"floor":45,"key":"Kunai"},{"floor":47,"key":"TungstenRod"}],"event_choices":[{"cards_removed":["Strike_G"],"damage_healed":0.0,"max_hp_gain":0.0,"max_hp_loss":0.0,"gold_gain":0.0,"event_name":"Living Wall","player_choice":"Forget","floor":12.0,"gold_loss":0.0,"damage_taken":0.0},{"damage_healed":0.0,"max_hp_gain":0.0,"max_hp_loss":0.0,"gold_gain":0.0,"event_name":"Ghosts","player_choice":"Ignored","floor":20.0,"gold_loss":0.0,"damage_taken":0.0},{"damage_healed":0.0,"max_hp_gain":0.0,"max_hp_loss":0.0,"gold_gain":0.0,"event_name":"The Woman in Blue","player_choice":"Bought 1 Potion","floor":21.0,"gold_loss":0.0,"damage_taken":0.0},{"damage_healed":0,"gold_gain":0,"player_choice":"Max HP","damage_taken":0,"max_hp_gain":0,"max_hp_loss":3,"event_name":"Winding Halls","floor":48,"gold_loss":0}],"is_beta":false,"boss_relics":[{"not_picked":["Cursed Key","WristBlade"],"picked":"Snecko Eye"},{"not_picked":["Coffee Dripper","Astrolabe"],"picked":"SlaversCollar"}],"items_purged_floors":[4,29,39],"is_endless":false,"potions_floor_spawned":[2,5,6,14,16,18,25,31,38,41,47],"ascension_level":20}}