{"host":"og6lam4kt3nibbw0","time":1611597790,"event":{"mods":["AchievementEnabler","BaseMod","Colored Map","DeckTracker","Highlight Path","Keyboard Shortcuts","Minty Spire (QoL Compilation)","Permanent Neow","Quick Restart","StSLib","SuperFastMode"],"gold_per_floor":[117,128,144,144,160,160,188,206,206,221,221,237,265,101,101,173,173,185,185,204,204,204,204],"floor_reached":22,"language":"KOR","playtime":1392,"items_purged":["Defend_G"],"score":376,"play_id":"28363d49-e4e3-4704-8cee-ff09da5b2172","local_time":"20210126030310","is_ascension_mode":true,"campfire_choices":[{"data":"Apotheosis","floor":6.0,"key":"SMITH"},{"floor":11.0,"key":"REST"},{"floor":15.0,"key":"REST"}],"circlet_count":0,"master_deck":["AscendersBane","Strike_G","Strike_G","Strike_G","Strike_G","Strike_G","Defend_G","Defend_G","Defend_G","Defend_G","Survivor","Neutralize","Apotheosis+1","Quick Slash","Deadly Poison","Backflip","Heel Hook","Calculated Gamble","Bouncing Flask","Footwork","Purity","A Thousand Cuts","Prepared"],"relics":["Ring of the Snake","Odd Mushroom","Ninja Scroll","Bag of Preparation","WristBlade"],"acts_visited":["Exordium","TheCity"],"potions_floor_usage":[22,22,22,22],"damage_taken":[{"damage":1.0,"enemies":"2 Louse","floor":1.0,"turns":3.0},{"damage":0.0,"enemies":"Cultist","floor":2.0,"turns":3.0},{"damage":4.0,"enemies":"Jaw Worm","floor":3.0,"turns":5.0},{"damage":1.0,"enemies":"Looter","floor":5.0,"turns":4.0},{"damage":15.0,"enemies":"The Mushroom Lair","floor":7.0,"turns":6.0},{"damage":17.0,"enemies":"Gremlin Gang","floor":8.0,"turns":7.0},{"damage":17.0,"enemies":"Exordium Thugs","floor":10.0,"turns":6.0},{"damage":0.0,"enemies":"Looter","floor":12.0,"turns":3.0},{"damage":13.0,"enemies":"3 Sentries","floor":13.0,"turns":8.0},{"damage":17.0,"enemies":"The Guardian","floor":16.0,"turns":9.0},{"damage":16.0,"enemies":"3 Byrds","floor":18.0,"turns":4.0},{"damage":0.0,"enemies":"Spheric Guardian","floor":20.0,"turns":1.0},{"damage":10,"enemies":"Centurion and Healer","floor":22,"turns":2}],"seed_played":"-7020612892744176089","potions_obtained":[{"floor":3.0,"key":"GhostInAJar"},{"floor":7.0,"key":"GamblersBrew"},{"floor":12.0,"key":"CunningPotion"},{"floor":13.0,"key":"Explosive Potion"},{"floor":16.0,"key":"Explosive Potion"},{"floor":18.0,"key":"SteroidPotion"}],"is_trial":false,"path_per_floor":["M","M","M","?","M","R","?","M","T","M","R","M","E","$","R","B",null,"M","?","M","?","M"],"character_chosen":"THE_SILENT","items_purchased":["Purity"],"campfire_rested":2,"item_purchase_floors":[14],"current_hp_per_floor":[58,58,54,54,53,53,38,21,21,4,22,22,9,9,27,10,48,32,16,16,4,0,0],"gold":204,"neow_bonus":"RANDOM_COLORLESS_2","is_daily":false,"chose_seed":false,"campfire_upgraded":1,"win_rate":0.0,"timestamp":1611597790,"path_taken":["M","M","M","?","?","R","?","M","T","M","R","M","E","$","R","BOSS","M","?","M","?","?"],"items_purchased_type":["Card"],"build_version":"2020-12-22","purchased_purges":1,"victory":false,"max_hp_per_floor":[60,60,60,60,60,60,60,60,60,60,60,60,60,60,60,60,60,60,65,65,65,65,65],"card_choices":[{"not_picked":["Transmutation","Thinking Ahead"],"picked":"Apotheosis","floor":0.0},{"not_picked":["Endless Agony","Flying Knee"],"picked":"Quick Slash","floor":1.0},{"not_picked":["Slice","Quick Slash","Catalyst"],"picked":"SKIP","floor":2.0},{"not_picked":["Slice","Dagger Throw"],"picked":"Deadly Poison","floor":3.0},{"not_picked":["Outmaneuver","Flying Knee","Heel Hook"],"picked":"SKIP","floor":5.0},{"not_picked":["Outmaneuver","Flying Knee"],"picked":"Heel Hook","floor":5.0},{"not_picked":["Slice","Skewer"],"picked":"Calculated Gamble","floor":7.0},{"not_picked":["Choke","Quick Slash","Accuracy"],"picked":"SKIP","floor":8.0},{"not_picked":["Dagger Spray","Deflect"],"picked":"Bouncing Flask","floor":10.0},{"not_picked":["Quick Slash","Bane"],"picked":"Footwork","floor":12.0},{"not_picked":["PiercingWail","Choke","Calculated Gamble"],"picked":"SKIP","floor":13.0},{"not_picked":["Grand Finale","After Image"],"picked":"A Thousand Cuts","floor":16.0},{"not_picked":["Quick Slash","PiercingWail","Dodge and Roll"],"picked":"SKIP","floor":18.0},{"not_picked":["All Out Attack","PiercingWail+1"],"picked":"Prepared","floor":20.0}],"player_experience":952444,"relics_obtained":[{"floor":7.0,"key":"Odd Mushroom"},{"floor":9.0,"key":"Ninja Scroll"},{"floor":13.0,"key":"Bag of Preparation"}],"event_choices":[{"damage_healed":0.0,"max_hp_gain":0.0,"max_hp_loss":0.0,"gold_gain":0.0,"event_name":"Match and Keep!","player_choice":"1 cards matched","floor":4.0,"gold_loss":0.0,"damage_taken":0.0,"cards_obtained":["Backflip"]},{"damage_healed":0.0,"max_hp_gain":0.0,"max_hp_loss":0.0,"gold_gain":0.0,"event_name":"Mushrooms","player_choice":"Fought Mushrooms","floor":7.0,"gold_loss":0.0,"damage_taken":0.0},{"damage_healed":0.0,"max_hp_gain":5.0,"max_hp_loss":0.0,"gold_gain":0.0,"event_name":"Forgotten Altar","player_choice":"Shed Blood","floor":19.0,"gold_loss":0.0,"damage_taken":21.0},{"damage_healed":0.0,"max_hp_gain":0.0,"max_hp_loss":0.0,"gold_gain":0.0,"event_name":"Knowing Skull","player_choice":"POTION ","floor":21.0,"potions_obtained":["EntropicBrew"],"gold_loss":0.0,"damage_taken":12.0,"cards_obtained":[]}],"is_beta":false,"boss_relics":[{"not_picked":["Fusion Hammer","Velvet Choker"],"picked":"WristBlade"}],"items_purged_floors":[14],"is_endless":false,"potions_floor_spawned":[3,7,12,13,16,18],"killed_by":"Centurion and Healer","ascension_level":20}}