{"host":"vrsxkkch9ccrec7k","time":1611534587,"event":{"mods":["Act Like it!","BaseMod","Bestiary","Better Altar","Better Match","Better Note","Better Sensory Stone","Better Skull","Better Third Choice","Better Vampires","Downfall","Minty Spire (QoL Compilation)","Permanent Neow","Relic Stats","Spicy Shops","StSLib"],"gold_per_floor":[99,110,121,137,14,47,47,47,66,66,166,2,2,36,46,142,142,142,161,173,4,4,23,50,82,82,82,82,97,97,107,127,229,229,229,239,251,85,85,114,114,131,181,181,81,107,107,139,153,153,153,153],"floor_reached":50,"language":"ENG","playtime":5137,"items_purged":["Pain"],"score":865,"play_id":"b701d674-8b12-4354-8333-61ab4a25be32","local_time":"20210124192947","is_ascension_mode":true,"campfire_choices":[{"data":"hexamod:Float","floor":1,"key":"SMITH"},{"data":"hexamod:EmpoweredFlame","floor":8,"key":"SMITH"},{"floor":13,"key":"REST"},{"data":"hexamod:ForkedFlame","floor":18,"key":"SMITH"},{"data":"hexamod:HexaLevel","floor":28,"key":"SMITH"},{"data":"Master of Strategy","floor":30,"key":"SMITH"},{"floor":35,"key":"RECALL"},{"floor":45,"key":"REST"}],"circlet_count":0,"master_deck":["hexamod:Strike+1","hexamod:Defend+1","hexamod:Defend+1","hexamod:Defend+1","hexamod:Defend+1","hexamod:Sear+1","hexamod:Float+1","hexamod:GhostOfSpirePast+1","hexamod:SpectersWail+1","hexamod:SpectralSpark+1","hexamod:EmpoweredFlame+1","hexamod:EmpoweredFlame+1","hexamod:ThirdSeal","hexamod:ApocalypseNow+1","hexamod:SixthSeal","hexamod:ForkedFlame+1","hexamod:AdvancingGuard+1","hexamod:HexaLevel+1","hexamod:FirstSeal","hexamod:AdvancingGuard+1","hexamod:ShieldOfDarkness+1","hexamod:RetreatToShadows+1","hexamod:HeatShield+1","hexamod:GhostflameBarrier+1","hexamod:PhantomCloak+1","Master of Strategy+1","hexamod:Rewind+1","hexamod:ApocalypseNow+1","hexamod:SwordOfDarkness+1","hexamod:FourthSeal","hexamod:RainOfEmbers+1","hexamod:UnleashSpirits+1","hexamod:FastForward+1","hexamod:Rewind+1","hexamod:FlamesFromBeyond+1","hexamod:GhostOfSpireFuture+1","hexamod:SkipABeat+1","hexamod:FlamesFromBeyond+1"],"relics":["hexamod:SpiritBrand","sneckomod:BlankCard","hexamod:SoulConsumer","Kunai","Whetstone","hexamod:RecyclingMachine","Du-Vu Doll","Velvet Choker","PreservedInsect","Vajra","Pear","Busted Crown","Art of War","TheAbacus","Blue Candle","Toy Ornithopter","StoneCalendar","Gremlin Horn","downfall:HeartBlessingGreen","Pen Nib","Potion Belt"],"acts_visited":["Exordium","TheCity","TheBeyond"],"potions_floor_usage":[11,11,16,25,37,38,43,50,50],"damage_taken":[{"damage":1,"enemies":"Cultist","floor":2,"turns":3},{"damage":1,"enemies":"Jaw Worm","floor":3,"turns":4},{"damage":2,"enemies":"Small Slimes","floor":4,"turns":3},{"damage":0,"enemies":"downfall:FleeingMerchant","floor":5,"turns":4},{"damage":3,"enemies":"Gremlin Nob","floor":6,"turns":3},{"damage":3,"enemies":"Blue Slaver","floor":9,"turns":3},{"damage":17,"enemies":"downfall:Heads","floor":11,"turns":4},{"damage":10,"enemies":"downfall:FleeingMerchant","floor":12,"turns":4},{"damage":2,"enemies":"3 Sentries","floor":14,"turns":4},{"damage":0,"enemies":"Exordium Wildlife","floor":15,"turns":2},{"damage":25,"enemies":"DF_ARCHETYPE_STREAMLINE","floor":16,"turns":9},{"damage":18,"enemies":"Shell Parasite","floor":19,"turns":4},{"damage":24,"enemies":"3 Byrds","floor":20,"turns":4},{"damage":2,"enemies":"downfall:FleeingMerchant","floor":21,"turns":4},{"damage":0,"enemies":"Snake Plant","floor":23,"turns":4},{"damage":8,"enemies":"Book of Stabbing","floor":25,"turns":7},{"damage":2,"enemies":"3 Cultists","floor":29,"turns":6},{"damage":0,"enemies":"Cultist and Chosen","floor":31,"turns":7},{"damage":1,"enemies":"Centurion and Healer","floor":32,"turns":7},{"damage":12,"enemies":"WA_ARCHETYPE_CALM","floor":33,"turns":11},{"damage":5,"enemies":"3 Darklings","floor":36,"turns":5},{"damage":51,"enemies":"3 Shapes","floor":37,"turns":4},{"damage":1,"enemies":"downfall:FleeingMerchant","floor":38,"turns":4},{"damage":0,"enemies":"Nemesis","floor":40,"turns":5},{"damage":3,"enemies":"Jaw Worm Horde","floor":42,"turns":4},{"damage":11,"enemies":"Jaw Worm Horde","floor":43,"turns":5},{"damage":8,"enemies":"Giant Head","floor":46,"turns":7},{"damage":26,"enemies":"Nemesis","floor":48,"turns":5},{"damage":28,"enemies":"4 Shapes","floor":49,"turns":4},{"damage":125,"enemies":"IC_BLOCK_ARCHETYPE","floor":50,"turns":4}],"seed_played":"-5986659018008767193","potions_obtained":[{"floor":2,"key":"sneckomod:MuddlingPotion"},{"floor":6,"key":"LiquidBronze"},{"floor":9,"key":"hexamod:EctoCoolerPotion"},{"floor":11,"key":"BlessingOfTheForge"},{"floor":15,"key":"PowerPotion"},{"floor":20,"key":"DuplicationPotion"},{"floor":29,"key":"EssenceOfSteel"},{"floor":37,"key":"DistilledChaos"},{"floor":42,"key":"GamblersBrew"},{"floor":43,"key":"Fruit Juice"},{"floor":43,"key":"Strength Potion"},{"floor":46,"key":"bronze:BurnAndBuffPotion"},{"floor":48,"key":"Fruit Juice"}],"is_trial":false,"path_per_floor":["R","M","M","M","$","E","T","R","M","?","?","$","R","E","M","B",null,"R","M","M","$","?","M","T","E","?","?","R","M","R","M","M","B",null,"R","M","M","$","?","E","T","M","?","?","R","E","?","E","M","B"],"character_chosen":"THE_SPIRIT","items_purchased":["hexamod:SoulConsumer","hexamod:EmpoweredFlame","hexamod:RecyclingMachine","PreservedInsect","hexamod:FourthSeal","Art of War","TheAbacus","hexamod:RainOfEmbers","DuplicationPotion"],"campfire_rested":2,"item_purchase_floors":[5,5,12,21,38,38,38,38,38],"current_hp_per_floor":[63,62,61,59,59,60,60,60,57,57,44,38,59,57,57,36,62,62,44,24,33,25,36,36,49,49,49,49,65,65,76,80,79,80,80,79,39,49,44,55,55,63,73,73,85,85,85,70,46,0,0,0],"gold":153,"neow_bonus":"RANDOM_COMMON_RELIC","is_daily":false,"chose_seed":false,"campfire_upgraded":5,"win_rate":0.0,"timestamp":1611534587,"path_taken":["R","M","M","M","?","E","T","R","?","?","?","?","R","E","M","BOSS","R","M","M","$","?","?","T","E","?","?","R","M","R","M","M","BOSS","R","M","M","$","?","E","T","M","?","?","R","E","?","E","M","BOSS"],"items_purchased_type":["Relic","Card","Relic","Relic","Card","Relic","Relic","Card","Potion"],"build_version":"2020-12-22","purchased_purges":1,"victory":false,"max_hp_per_floor":[70,70,70,70,70,70,70,70,70,70,70,70,70,70,70,70,70,70,70,70,70,70,70,70,80,80,80,80,80,80,80,80,80,80,80,80,80,80,80,80,80,80,85,85,85,85,85,85,85,90,90,90],"relic_stats":{"Gremlin Horn":[3,3],"counters":[30,144],"Blue Candle":[0],"StoneCalendar":[0],"PreservedInsect":260,"Pen Nib":[0],"Whetstone":["hexamod:Strike","hexamod:Strike"],"Busted Crown":34,"TheAbacus":[6],"Art of War":[10],"Kunai":[4],"obtain_stats":[{"Potion Belt":48,"Pear":25,"Gremlin Horn":44,"sneckomod:BlankCard":0,"Blue Candle":39,"Velvet Choker":17,"Vajra":24,"StoneCalendar":43,"downfall:HeartBlessingGreen":45,"PreservedInsect":21,"Pen Nib":46,"Whetstone":7,"Du-Vu Doll":14,"Busted Crown":34,"TheAbacus":38,"Art of War":38,"hexamod:SoulConsumer":5,"Kunai":6,"hexamod:RecyclingMachine":12,"hexamod:SpiritBrand":0,"Toy Ornithopter":40},{"Potion Belt":28,"Pear":16,"Gremlin Horn":26,"sneckomod:BlankCard":0,"Blue Candle":23,"Velvet Choker":11,"Vajra":15,"StoneCalendar":26,"downfall:HeartBlessingGreen":26,"PreservedInsect":14,"Pen Nib":27,"Whetstone":5,"Du-Vu Doll":9,"Busted Crown":20,"TheAbacus":23,"Art of War":23,"hexamod:SoulConsumer":4,"Kunai":5,"hexamod:RecyclingMachine":8,"hexamod:SpiritBrand":0,"Toy Ornithopter":24},{"Potion Belt":136,"Pear":66,"Gremlin Horn":124,"sneckomod:BlankCard":0,"Blue Candle":110,"Velvet Choker":43,"Vajra":59,"StoneCalendar":124,"downfall:HeartBlessingGreen":124,"PreservedInsect":55,"Pen Nib":131,"Whetstone":17,"Du-Vu Doll":32,"Busted Crown":97,"TheAbacus":110,"Art of War":110,"hexamod:SoulConsumer":14,"Kunai":17,"hexamod:RecyclingMachine":28,"hexamod:SpiritBrand":0,"Toy Ornithopter":115}],"Toy Ornithopter":15},"card_choices":[{"not_picked":["hexamod:SecondSeal","hexamod:SpectralAdrenaline"],"picked":"hexamod:SuperheatedStrike","floor":2},{"not_picked":["hexamod:DynamicBlow","hexamod:Hexaguard"],"picked":"hexamod:GhostOfSpirePast","floor":3},{"not_picked":["hexamod:GhostLash","hexamod:NightmareStrike"],"picked":"hexamod:SpectersWail","floor":4},{"not_picked":["hexamod:GhostShield","hexamod:GhostOfSpireFuture"],"picked":"hexamod:SpectralSpark","floor":5},{"not_picked":["hexamod:ThermalTransfer","hexamod:SuperheatedStrike"],"picked":"hexamod:EmpoweredFlame","floor":6},{"not_picked":["hexamod:NightmareStrike","hexamod:NecessarySacrifice","hexamod:HeatMetal"],"picked":"SKIP","floor":9},{"not_picked":["hexamod:GhostShield","hexamod:ShieldOfDarkness"],"picked":"hexamod:ApocalypseNow","floor":11},{"not_picked":["hexamod:GhostflameBarrier","hexamod:RadiantFlame"],"picked":"hexamod:ForkedFlame","floor":12},{"not_picked":["hexamod:FastForward","hexamod:GhostShield","hexamod:SuperheatedStrike"],"picked":"SKIP","floor":12},{"not_picked":["hexamod:VolcanoVisage","hexamod:ExtraCrispy","hexamod:FastForward"],"picked":"SKIP","floor":14},{"not_picked":["hexamod:ThirdSeal","hexamod:InspiringFlames"],"picked":"hexamod:AdvancingGuard","floor":15},{"not_picked":["hexamod:SpectralSpark","hexamod:FlamesFromBeyond","hexamod:ThermalTransfer"],"picked":"SKIP","floor":15},{"not_picked":["hexamod:Toasty","hexamod:SearingWound"],"picked":"hexamod:HexaLevel","floor":16},{"not_picked":["hexamod:NightmareGuise","hexamod:SuperheatedStrike","hexamod:HeatMetal+1"],"picked":"SKIP","floor":19},{"not_picked":["hexamod:ThirdSeal","hexamod:ThermalTransfer","hexamod:NightmareStrike+1"],"picked":"SKIP","floor":19},{"not_picked":["hexamod:SuperheatedStrike","hexamod:FastForward"],"picked":"hexamod:FirstSeal","floor":20},{"not_picked":["hexamod:HeatCrush","hexamod:EmpoweredFlame"],"picked":"hexamod:AdvancingGuard+1","floor":20},{"not_picked":["hexamod:AdvancingGuard","hexamod:GhostShield+1"],"picked":"hexamod:ShieldOfDarkness+1","floor":21},{"not_picked":["hexamod:AdvancingGuard","hexamod:GhostOfSpirePresent","hexamod:FlamesFromBeyond"],"picked":"SKIP","floor":21},{"not_picked":["hexamod:ShieldOfDarkness","hexamod:HauntingEcho"],"picked":"hexamod:RetreatToShadows","floor":23},{"not_picked":["hexamod:SkipABeat","hexamod:SuperheatedStrike"],"picked":"hexamod:HeatShield","floor":23},{"not_picked":["hexamod:RetreatToShadows","hexamod:HeatMetal"],"picked":"hexamod:GhostflameBarrier+1","floor":25},{"not_picked":["hexamod:BacktrackSmack","hexamod:GhostOfSpirePast"],"picked":"hexamod:PhantomCloak+1","floor":25},{"not_picked":["Chrysalis","Bandage Up"],"picked":"Master of Strategy","floor":27},{"not_picked":["hexamod:Hexaguard+1","hexamod:InspiringFlames+1","hexamod:Firestarter+1"],"picked":"SKIP","floor":29},{"not_picked":["hexamod:PhantomFireball","hexamod:BacktrackSmack"],"picked":"hexamod:Rewind+1","floor":31},{"not_picked":["hexamod:SpectralSpark+1","hexamod:PowerFromBeyond","hexamod:HeatCrush+1"],"picked":"SKIP","floor":31},{"not_picked":["hexamod:GhostLash","hexamod:GhostShield+1","hexamod:SoulSteal"],"picked":"SKIP","floor":32},{"not_picked":["hexamod:ThirdSeal","hexamod:HauntingEcho+1","hexamod:HeatMetal"],"picked":"SKIP","floor":32},{"not_picked":["hexamod:NightmareStrike","hexamod:RetreatToShadows+1","hexamod:Haunt"],"picked":"SKIP","floor":32},{"not_picked":["hexamod:VolcanoVisage","hexamod:FlameSwitch"],"picked":"hexamod:ApocalypseNow","floor":33},{"not_picked":["hexamod:SpectralAdrenaline+1"],"picked":"SKIP","floor":36},{"not_picked":["hexamod:SuperheatedStrike"],"picked":"SKIP","floor":36},{"not_picked":["hexamod:SwordOfDarkness"],"picked":"SKIP","floor":37},{"not_picked":["hexamod:HeatCrush"],"picked":"SKIP","floor":37},{"not_picked":[],"picked":"hexamod:SwordOfDarkness+1","floor":38},{"not_picked":["hexamod:Hexaguard+1"],"picked":"SKIP","floor":38},{"not_picked":[],"picked":"hexamod:UnleashSpirits","floor":40},{"not_picked":["hexamod:PhantomFireball"],"picked":"SKIP","floor":40},{"not_picked":[],"picked":"hexamod:FastForward+1","floor":42},{"not_picked":[],"picked":"hexamod:Rewind+1","floor":42},{"not_picked":[],"picked":"hexamod:FlamesFromBeyond+1","floor":43},{"not_picked":[],"picked":"hexamod:GhostOfSpireFuture+1","floor":46},{"not_picked":[],"picked":"hexamod:SkipABeat+1","floor":48},{"not_picked":[],"picked":"hexamod:FlamesFromBeyond+1","floor":48},{"not_picked":["hexamod:FourthSeal"],"picked":"SKIP","floor":49},{"not_picked":["hexamod:Firestarter+1"],"picked":"SKIP","floor":49}],"player_experience":1717607,"relics_obtained":[{"floor":6,"key":"Kunai"},{"floor":7,"key":"Whetstone"},{"floor":14,"key":"Du-Vu Doll"},{"floor":24,"key":"Vajra"},{"floor":25,"key":"Pear"},{"floor":40,"key":"Toy Ornithopter"},{"floor":43,"key":"StoneCalendar"},{"floor":44,"key":"Gremlin Horn"},{"floor":46,"key":"Pen Nib"},{"floor":48,"key":"Potion Belt"}],"event_choices":[{"damage_healed":0,"gold_gain":2,"player_choice":"1","damage_taken":0,"max_hp_gain":0,"max_hp_loss":0,"event_name":"betterStone:BetterStone","floor":27,"gold_loss":0}],"is_beta":false,"boss_relics":[{"not_picked":["SacredBark","bronze:MakeshiftBattery"],"picked":"Velvet Choker"},{"not_picked":["hexamod:UnbrokenSoul","Snecko Eye"],"picked":"Busted Crown"}],"items_purged_floors":[38],"is_endless":false,"potions_floor_spawned":[2,6,9,11,15,20,23,29,31,37,40,42,43,46],"killed_by":"IC_BLOCK_ARCHETYPE","ascension_level":7}}