{"host":"2q82lssse0ckn8xu","time":1611569800,"event":{"mods":["AchievementEnabler","BaseMod","Colored Map","Colored Powertips","Minty Spire (QoL Compilation)","Permanent Neow","Quick Restart","StSLib","The Saiyan","Unceasing Turn Reminder"],"gold_per_floor":[116,116,132,148,165,165,200,200,225,235,251,282,292,304,304,381,381,395,410,335,335,218,218,231,247,271,305,319,319,330,330,330,408,408,421,421,421,446,257,257,257,257,257],"floor_reached":42,"language":"ENG","playtime":2578,"items_purged":["Strike_G","Writhe"],"score":940,"play_id":"e4e17742-ff5f-4e0a-b232-e17e708d11bf","local_time":"20210125154640","is_ascension_mode":true,"campfire_choices":[{"floor":6.0,"key":"REST"},{"floor":8.0,"key":"REST"},{"floor":15.0,"key":"REST"},{"data":"Apotheosis","floor":23.0,"key":"SMITH"},{"floor":29.0,"key":"REST"},{"floor":32.0,"key":"REST"},{"floor":40,"key":"REST"}],"circlet_count":0,"master_deck":["AscendersBane","Defend_G","Defend_G","Defend_G","Defend_G","Defend_G","Survivor","Neutralize","Apotheosis+1","Blade Dance","Deadly Poison","Heel Hook","Bullet Time","Dagger Spray","Footwork","Backflip","Choke","Blade Dance","Choke","Bouncing Flask","Poisoned Stab","Poisoned Stab","Corpse Explosion","Dash","Blade Dance","Noxious Fumes","Choke+1","Cloak And Dagger","Slice","Cloak And Dagger","Blade Dance","Bite","Bite","Bite","Bite","Bite","Envenom","Crippling Poison+1","Flash of Steel","Catalyst","Infinite Blades"],"relics":["Ring of the Snake","Lantern","Potion Belt","Runic Pyramid","Juzu Bracelet","Toy Ornithopter","Sozu","Incense Burner"],"acts_visited":["Exordium","TheCity","TheBeyond"],"potions_floor_usage":[33],"damage_taken":[{"damage":3.0,"enemies":"Jaw Worm","floor":1.0,"turns":4.0},{"damage":3.0,"enemies":"Cultist","floor":3.0,"turns":3.0},{"damage":9.0,"enemies":"2 Louse","floor":4.0,"turns":3.0},{"damage":16.0,"enemies":"Lots of Slimes","floor":5.0,"turns":4.0},{"damage":35.0,"enemies":"3 Sentries","floor":7.0,"turns":10.0},{"damage":0.0,"enemies":"2 Fungi Beasts","floor":10.0,"turns":2.0},{"damage":5.0,"enemies":"Blue Slaver","floor":11.0,"turns":4.0},{"damage":2.0,"enemies":"Gremlin Nob","floor":12.0,"turns":3.0},{"damage":8.0,"enemies":"Looter","floor":13.0,"turns":2.0},{"damage":6.0,"enemies":"Large Slime","floor":14.0,"turns":4.0},{"damage":18.0,"enemies":"Slime Boss","floor":16.0,"turns":6.0},{"damage":8.0,"enemies":"Spheric Guardian","floor":18.0,"turns":3.0},{"damage":0.0,"enemies":"Chosen","floor":19.0,"turns":3.0},{"damage":12.0,"enemies":"Centurion and Healer","floor":24.0,"turns":4.0},{"damage":10.0,"enemies":"Snake Plant","floor":25.0,"turns":4.0},{"damage":28.0,"enemies":"Book of Stabbing","floor":27.0,"turns":4.0},{"damage":0.0,"enemies":"Snecko","floor":28.0,"turns":3.0},{"damage":3.0,"enemies":"Centurion and Healer","floor":30.0,"turns":4.0},{"damage":66,"enemies":"Automaton","floor":33,"turns":10},{"damage":25,"enemies":"3 Darklings","floor":35,"turns":4},{"damage":5,"enemies":"Mind Bloom Boss Battle","floor":38,"turns":5},{"damage":72,"enemies":"Reptomancer","floor":42,"turns":2}],"seed_played":"-702351611675498957","potions_obtained":[{"floor":5.0,"key":"GamblersBrew"},{"floor":7.0,"key":"Energy Potion"},{"floor":10.0,"key":"Explosive Potion"},{"floor":16.0,"key":"Strength Potion"},{"floor":18.0,"key":"CunningPotion"},{"floor":24.0,"key":"Ancient Potion"},{"floor":30.0,"key":"Block Potion"}],"is_trial":false,"path_per_floor":["M","?","M","M","M","R","E","R","T","M","M","E","M","M","R","B",null,"M","M","?","?","$","R","M","M","T","E","M","R","M","?","R","B",null,"M","?","?","?","$","R","?","E"],"character_chosen":"THE_SILENT","items_purchased":["Noxious Fumes","Infinite Blades"],"campfire_rested":6,"item_purchase_floors":[22,39],"current_hp_per_floor":[56,56,53,44,28,47,12,31,31,33,30,30,24,20,39,23,55,49,51,51,51,51,51,41,33,33,7,14,33,32,32,51,9,52,39,52,52,51,51,66,66,0,0],"gold":257,"neow_bonus":"RANDOM_COLORLESS_2","is_daily":false,"chose_seed":false,"campfire_upgraded":1,"win_rate":0.0,"timestamp":1611569800,"path_taken":["M","?","M","M","M","R","E","R","T","M","?","E","M","M","R","BOSS","M","?","?","?","$","R","M","?","T","E","M","R","M","?","R","BOSS","M","?","?","?","$","R","?","E"],"items_purchased_type":["Card","Card"],"build_version":"2020-12-22","purchased_purges":2,"victory":false,"max_hp_per_floor":[66,66,66,66,66,66,66,66,66,66,66,66,66,66,66,66,66,66,66,66,66,66,66,66,66,66,66,66,66,66,66,66,66,66,66,66,66,66,66,66,66,66,66],"card_choices":[{"not_picked":["Sadistic Nature","HandOfGreed"],"picked":"Apotheosis","floor":0.0},{"not_picked":["Slice","Concentrate"],"picked":"Blade Dance","floor":1.0},{"not_picked":["Heel Hook","PiercingWail"],"picked":"Dagger Spray","floor":3.0},{"not_picked":["Bane","Eviscerate"],"picked":"Footwork","floor":4.0},{"not_picked":["Prepared","Flechettes"],"picked":"Backflip","floor":5.0},{"not_picked":["Eviscerate","Dagger Spray"],"picked":"Choke","floor":7.0},{"not_picked":["Concentrate","Underhanded Strike"],"picked":"Blade Dance","floor":10.0},{"not_picked":["Dagger Spray","Sucker Punch"],"picked":"Choke","floor":11.0},{"not_picked":["Setup","Deflect"],"picked":"Bouncing Flask","floor":12.0},{"not_picked":["Acrobatics","Flying Knee"],"picked":"Poisoned Stab","floor":13.0},{"not_picked":["Slice","PiercingWail"],"picked":"Poisoned Stab","floor":14.0},{"not_picked":["After Image","Die Die Die"],"picked":"Corpse Explosion","floor":16.0},{"not_picked":["Deflect","Dodge and Roll"],"picked":"Dash","floor":18.0},{"not_picked":["Predator","Prepared"],"picked":"Blade Dance","floor":19.0},{"not_picked":["Backflip","Predator"],"picked":"Choke+1","floor":24.0},{"not_picked":["Dagger Throw","Outmaneuver"],"picked":"Cloak And Dagger","floor":25.0},{"not_picked":["Skewer","Eviscerate"],"picked":"Slice","floor":27.0},{"not_picked":["Dodge and Roll","Sucker Punch"],"picked":"Cloak And Dagger","floor":28.0},{"not_picked":["Reflex","Concentrate"],"picked":"Blade Dance","floor":30.0},{"not_picked":["Adrenaline","Night Terror"],"picked":"Envenom","floor":33},{"not_picked":["Poisoned Stab","Quick Slash"],"picked":"Crippling Poison+1","floor":35},{"not_picked":["Blind","PanicButton"],"picked":"Flash of Steel","floor":37},{"not_picked":["Poisoned Stab+1","Backflip"],"picked":"Catalyst","floor":38}],"player_experience":629402,"relics_obtained":[{"floor":7.0,"key":"Lantern"},{"floor":9.0,"key":"Blood Vial"},{"floor":12.0,"key":"Potion Belt"},{"floor":26.0,"key":"Juzu Bracelet"},{"floor":27.0,"key":"Toy Ornithopter"},{"floor":38,"key":"Incense Burner"}],"event_choices":[{"damage_healed":0.0,"max_hp_gain":0.0,"max_hp_loss":0.0,"gold_gain":0.0,"event_name":"Match and Keep!","player_choice":"3 cards matched","floor":2.0,"gold_loss":0.0,"damage_taken":0.0,"cards_obtained":["Deadly Poison","Heel Hook","Bullet Time"]},{"cards_removed":["Decay"],"damage_healed":0.0,"max_hp_gain":0.0,"max_hp_loss":0.0,"gold_gain":0.0,"event_name":"Beggar","player_choice":"Gave Gold","floor":20.0,"gold_loss":75.0,"damage_taken":0.0},{"damage_healed":0.0,"max_hp_gain":0.0,"max_hp_loss":0.0,"gold_gain":0.0,"event_name":"N\u0027loth","player_choice":"Ignored","floor":21.0,"gold_loss":0.0,"damage_taken":0.0},{"damage_healed":0.0,"max_hp_gain":0.0,"max_hp_loss":0.0,"gold_gain":0.0,"event_name":"Vampires","player_choice":"Became a vampire (Vial)","floor":31.0,"relics_lost":["Blood Vial"],"gold_loss":0.0,"damage_taken":0.0,"cards_obtained":["Bite","Bite","Bite","Bite","Bite"]},{"damage_healed":13,"gold_gain":0,"player_choice":"Writhe","damage_taken":0,"max_hp_gain":0,"max_hp_loss":0,"event_name":"Winding Halls","floor":36,"gold_loss":0,"cards_obtained":["Writhe"]},{"damage_healed":0,"gold_gain":0,"player_choice":"Memory 1","damage_taken":0,"max_hp_gain":0,"max_hp_loss":0,"event_name":"SensoryStone","floor":37,"gold_loss":0},{"damage_healed":0,"gold_gain":0,"player_choice":"Fight","damage_taken":0,"max_hp_gain":0,"max_hp_loss":0,"event_name":"MindBloom","floor":38,"gold_loss":0},{"damage_healed":0,"gold_gain":0,"player_choice":"Ignored","damage_taken":0,"max_hp_gain":0,"max_hp_loss":0,"event_name":"Tomb of Lord Red Mask","floor":41,"gold_loss":0}],"is_beta":false,"boss_relics":[{"not_picked":["Empty Cage","Velvet Choker"],"picked":"Runic Pyramid"},{"not_picked":["Snecko Eye","Tiny House"],"picked":"Sozu"}],"items_purged_floors":[22,39],"is_endless":false,"potions_floor_spawned":[5,7,10,11,16,18,24,30,35],"killed_by":"Reptomancer","ascension_level":18}}