{"host":"l5zfpd2l2htson6l","time":1611583404,"event":{"mods":["AchievementEnabler","BaseMod","Colored Map","Colored Powertips","Minty Spire (QoL Compilation)","Permanent Neow","Quick Restart","Rare Cards Sparkle","Relic Stats","SuperFastMode"],"gold_per_floor":[112,132,149,159,84,84,100,126,149,149,162,162,174,208,208,287,287,303,27,42,72,72,105,105,124,149,149,40,67,79,104,104,181,181,192,209,209,225,250,250,279,279,279,85,102,130,144,154,154,154,154,154,154,36,68,68],"floor_reached":57,"language":"ENG","playtime":8789,"items_purged":["Strike_P","Decay","Strike_P","Strike_P+1"],"score":3143,"play_id":"20f63544-3392-4a94-a575-08c01d6ed204","local_time":"20210125060324","is_ascension_mode":true,"campfire_choices":[{"data":"Wireheading","floor":6.0,"key":"SMITH"},{"data":"Vigilance","floor":10.0,"key":"SMITH"},{"data":"ThirdEye","floor":15.0,"key":"SMITH"},{"data":"Scrawl","floor":24.0,"key":"SMITH"},{"floor":32.0,"key":"REST"},{"floor":40.0,"key":"REST"},{"floor":42.0,"key":"RECALL"},{"floor":49,"key":"REST"},{"floor":53,"key":"REST"}],"circlet_count":0,"master_deck":["AscendersBane","Defend_P+1","Defend_P+1","Defend_P+1","Eruption+1","Vigilance+1","FollowUp","Wireheading+1","BowlingBash+1","CutThroughFate+1","Sanctity","FlurryOfBlows+1","ThirdEye+1","CutThroughFate+1","FlurryOfBlows+1","SpiritShield+1","Indignation","MentalFortress","EmptyFist+1","ClearTheMind+1","Scrawl+1","InnerPeace","Adaptation+1","EmptyMind","Crescendo+1","MentalFortress+1","LessonLearned+1","MentalFortress","Worship+1","CutThroughFate+1","Adaptation","MentalFortress+1","Meditate+1"],"relics":["HolyWater","Pen Nib","Akabeko","PreservedInsect","Membership Card","Red Mask","Whetstone","War Paint","Du-Vu Doll","Pocketwatch","Fusion Hammer","Thread and Needle","StoneCalendar","OrangePellets","Ancient Tea Set","InkBottle"],"acts_visited":["Exordium","TheCity","TheBeyond","TheEnding"],"potions_floor_usage":[50,56,56],"damage_taken":[{"damage":0.0,"enemies":"2 Louse","floor":1.0,"turns":2.0},{"damage":7.0,"enemies":"Cultist","floor":2.0,"turns":5.0},{"damage":0.0,"enemies":"Jaw Worm","floor":3.0,"turns":2.0},{"damage":15.0,"enemies":"Looter","floor":4.0,"turns":5.0},{"damage":0.0,"enemies":"Large Slime","floor":7.0,"turns":3.0},{"damage":19.0,"enemies":"Lagavulin","floor":8.0,"turns":8.0},{"damage":0.0,"enemies":"Exordium Wildlife","floor":11.0,"turns":2.0},{"damage":4.0,"enemies":"Red Slaver","floor":13.0,"turns":2.0},{"damage":4.0,"enemies":"Gremlin Nob","floor":14.0,"turns":3.0},{"damage":0.0,"enemies":"Slime Boss","floor":16.0,"turns":6.0},{"damage":12.0,"enemies":"2 Thieves","floor":18.0,"turns":3.0},{"damage":9.0,"enemies":"Shell Parasite","floor":20.0,"turns":6.0},{"damage":0.0,"enemies":"Masked Bandits","floor":21.0,"turns":2.0},{"damage":10.0,"enemies":"Slavers","floor":23.0,"turns":2.0},{"damage":0.0,"enemies":"Cultist and Chosen","floor":25.0,"turns":1.0},{"damage":0.0,"enemies":"Gremlin Leader","floor":29.0,"turns":3.0},{"damage":4.0,"enemies":"Snecko","floor":30.0,"turns":5.0},{"damage":0.0,"enemies":"Book of Stabbing","floor":31.0,"turns":3.0},{"damage":27.0,"enemies":"Collector","floor":33.0,"turns":8.0},{"damage":1.0,"enemies":"3 Shapes","floor":35.0,"turns":4.0},{"damage":2.0,"enemies":"3 Darklings","floor":36.0,"turns":4.0},{"damage":9.0,"enemies":"Sphere and 2 Shapes","floor":38.0,"turns":4.0},{"damage":0.0,"enemies":"Mind Bloom Boss Battle","floor":39.0,"turns":4.0},{"damage":0.0,"enemies":"Giant Head","floor":41.0,"turns":4.0},{"damage":3,"enemies":"Writhing Mass","floor":45,"turns":7},{"damage":0,"enemies":"Nemesis","floor":46,"turns":5},{"damage":5,"enemies":"3 Darklings","floor":47,"turns":5},{"damage":0,"enemies":"Transient","floor":48,"turns":6},{"damage":0,"enemies":"Awakened One","floor":50,"turns":10},{"damage":60,"enemies":"Donu and Deca","floor":51,"turns":13},{"damage":30,"enemies":"Shield and Spear","floor":55,"turns":5},{"damage":29,"enemies":"The Heart","floor":56,"turns":9}],"seed_played":"-76102741057202131","potions_obtained":[{"floor":4.0,"key":"AttackPotion"},{"floor":7.0,"key":"SkillPotion"},{"floor":8.0,"key":"Regen Potion"},{"floor":11.0,"key":"FearPotion"},{"floor":14.0,"key":"DistilledChaos"},{"floor":20.0,"key":"Fire Potion"},{"floor":41.0,"key":"Regen Potion"},{"floor":46,"key":"Weak Potion"}],"is_trial":false,"path_per_floor":["M","M","M","M","?","R","M","E","T","R","M","?","M","E","R","B",null,"M","$","M","?","?","E","R","M","T","?","$","E","M","E","R","B",null,"M","M","?","M","?","R","E","R","T","$","M","E","M","M","R","B","B",null,"R","$","E","B",null],"character_chosen":"WATCHER","items_purchased":["Membership Card","MentalFortress","Explosive Potion","Adaptation","EmptyMind","OrangePellets","Adaptation","DuplicationPotion"],"campfire_rested":4,"item_purchase_floors":[19,19,19,28,28,44,44,54],"current_hp_per_floor":[61,54,54,39,39,39,39,20,20,20,20,20,16,12,12,12,54,51,51,42,42,42,32,32,32,32,32,32,32,28,28,48,21,56,55,53,53,44,44,64,64,64,64,64,61,61,56,56,68,68,8,53,68,68,38,24],"gold":68,"neow_bonus":"UPGRADE_CARD","is_daily":false,"chose_seed":false,"campfire_upgraded":4,"win_rate":0.0,"timestamp":1611583404,"path_taken":["M","M","M","M","?","R","M","E","T","R","M","?","M","E","R","BOSS","M","$","M","?","?","E","R","M","T","?","$","E","M","E","R","BOSS","M","M","?","M","?","R","E","R","T","$","?","E","M","M","R","BOSS","BOSS","R","$","E","BOSS"],"items_purchased_type":["Relic","Card","Potion","Card","Card","Relic","Card","Potion"],"build_version":"2020-12-22","purchased_purges":4,"victory":true,"max_hp_per_floor":[68,68,68,68,68,68,68,68,68,68,68,68,68,68,68,68,68,68,68,68,68,68,68,68,68,68,68,68,68,68,68,68,68,68,68,68,68,68,68,68,68,68,68,68,68,68,68,68,68,68,68,68,68,68,68,68],"relic_stats":{"OrangePellets":[7],"counters":[32,151],"StoneCalendar":[156],"Pen Nib":[45],"PreservedInsect":391,"Whetstone":["FlurryOfBlows","CutThroughFate"],"War Paint":["SpiritShield","Defend_P"],"obtain_stats":[{"Thread and Needle":39,"StoneCalendar":41,"Pen Nib":8,"PreservedInsect":14,"Whetstone":23,"War Paint":26,"Ancient Tea Set":46,"Akabeko":9,"Du-Vu Doll":29,"OrangePellets":44,"HolyWater":17,"Fusion Hammer":34,"Red Mask":21,"Membership Card":19,"PureWater":0,"InkBottle":55,"Pocketwatch":31},{"Thread and Needle":23,"StoneCalendar":24,"Pen Nib":6,"PreservedInsect":9,"Whetstone":14,"War Paint":15,"Ancient Tea Set":26,"Akabeko":6,"Du-Vu Doll":16,"OrangePellets":24,"HolyWater":10,"Fusion Hammer":19,"Red Mask":13,"Membership Card":11,"PureWater":0,"InkBottle":31,"Pocketwatch":18},{"Thread and Needle":87,"StoneCalendar":91,"Pen Nib":25,"PreservedInsect":32,"Whetstone":51,"War Paint":52,"Ancient Tea Set":103,"Akabeko":25,"Du-Vu Doll":55,"OrangePellets":91,"HolyWater":38,"Fusion Hammer":71,"Red Mask":49,"Membership Card":41,"PureWater":0,"InkBottle":142,"Pocketwatch":63}],"InkBottle":[7],"Pocketwatch":[33]},"card_choices":[{"not_picked":["Crescendo","CrushJoints"],"picked":"FollowUp","floor":1.0},{"not_picked":["EmptyBody","Evaluate"],"picked":"Wireheading","floor":2.0},{"not_picked":["Pray","PathToVictory"],"picked":"BowlingBash","floor":3.0},{"not_picked":["Prostrate","Halt"],"picked":"CutThroughFate","floor":4.0},{"not_picked":["Alpha","JustLucky"],"picked":"Sanctity","floor":7.0},{"not_picked":["Vengeance","CrushJoints"],"picked":"FlurryOfBlows","floor":8.0},{"not_picked":["FlyingSleeves","SignatureMove"],"picked":"ThirdEye","floor":11.0},{"not_picked":["Prostrate","DeceiveReality"],"picked":"CutThroughFate","floor":13.0},{"not_picked":["Ragnarok","WindmillStrike"],"picked":"FlurryOfBlows","floor":14.0},{"not_picked":["Ragnarok","Blasphemy"],"picked":"SpiritShield","floor":16.0},{"not_picked":["Pray","SignatureMove+1"],"picked":"Indignation","floor":18.0},{"not_picked":["LikeWater","Evaluate"],"picked":"EmptyFist+1","floor":20.0},{"not_picked":["CarveReality+1","Wireheading"],"picked":"ClearTheMind","floor":21.0},{"not_picked":["SashWhip+1","FollowUp"],"picked":"Scrawl","floor":23.0},{"not_picked":["DeceiveReality","Prostrate"],"picked":"InnerPeace","floor":25.0},{"not_picked":["ClearTheMind","SashWhip","EmptyBody"],"picked":"SKIP","floor":29.0},{"not_picked":["EmptyBody","EmptyMind"],"picked":"Crescendo","floor":30.0},{"not_picked":["Sanctity","Blasphemy"],"picked":"MentalFortress","floor":31.0},{"not_picked":["Vault","SpiritShield"],"picked":"LessonLearned","floor":33.0},{"not_picked":["SignatureMove","Prostrate+1"],"picked":"MentalFortress","floor":35.0},{"not_picked":["JustLucky","CrushJoints"],"picked":"Worship+1","floor":36.0},{"not_picked":["ThirdEye+1","EmptyBody"],"picked":"CutThroughFate+1","floor":38.0},{"not_picked":["Crescendo","Halt","Consecrate+1"],"picked":"SKIP","floor":41.0},{"not_picked":["Worship+1","ThirdEye","Fasting2"],"picked":"SKIP","floor":45},{"not_picked":["CutThroughFate","ReachHeaven+1","Consecrate"],"picked":"SKIP","floor":46},{"not_picked":["Prostrate","Protect","EmptyMind"],"picked":"SKIP","floor":47},{"not_picked":["Vengeance+1","Protect"],"picked":"MentalFortress+1","floor":48},{"not_picked":["CarveReality","EmptyBody"],"picked":"Meditate+1","floor":55}],"player_experience":661592,"relics_obtained":[{"floor":8.0,"key":"Pen Nib"},{"floor":9.0,"key":"Akabeko"},{"floor":14.0,"key":"PreservedInsect"},{"floor":21.0,"key":"Red Mask"},{"floor":23.0,"key":"Whetstone"},{"floor":26.0,"key":"War Paint"},{"floor":29.0,"key":"Du-Vu Doll"},{"floor":31.0,"key":"Pocketwatch"},{"floor":39.0,"key":"Thread and Needle"},{"floor":41.0,"key":"StoneCalendar"},{"floor":46,"key":"Ancient Tea Set"},{"floor":55,"key":"InkBottle"}],"event_choices":[{"cards_removed":["Strike_P"],"damage_healed":0.0,"max_hp_gain":0.0,"max_hp_loss":0.0,"gold_gain":0.0,"event_name":"The Cleric","player_choice":"Card Removal","floor":5.0,"gold_loss":75.0,"damage_taken":0.0},{"damage_healed":0.0,"max_hp_gain":0.0,"max_hp_loss":0.0,"gold_gain":0.0,"event_name":"Accursed Blacksmith","player_choice":"Forge","floor":12.0,"gold_loss":0.0,"damage_taken":0.0,"cards_upgraded":["FlurryOfBlows"]},{"damage_healed":0.0,"max_hp_gain":0.0,"max_hp_loss":0.0,"gold_gain":0.0,"event_name":"Masked Bandits","player_choice":"Fought Bandits","floor":21.0,"gold_loss":0.0,"damage_taken":0.0},{"damage_healed":0.0,"max_hp_gain":0.0,"max_hp_loss":0.0,"gold_gain":0.0,"event_name":"Ghosts","player_choice":"Ignored","floor":22.0,"gold_loss":0.0,"damage_taken":0.0},{"damage_healed":0.0,"max_hp_gain":0.0,"max_hp_loss":0.0,"gold_gain":0.0,"event_name":"Forgotten Altar","player_choice":"Smashed Altar","floor":27.0,"gold_loss":0.0,"damage_taken":0.0,"cards_obtained":["Decay"]},{"cards_removed":["Defend_P"],"damage_healed":0.0,"max_hp_gain":0.0,"max_hp_loss":0.0,"gold_gain":0.0,"event_name":"Falling","player_choice":"Removed Skill","floor":37.0,"gold_loss":0.0,"damage_taken":0.0},{"damage_healed":0.0,"max_hp_gain":0.0,"max_hp_loss":0.0,"gold_gain":0.0,"event_name":"MindBloom","player_choice":"Fight","floor":39.0,"gold_loss":0.0,"damage_taken":0.0}],"is_beta":false,"boss_relics":[{"not_picked":["Runic Dome","Astrolabe"],"picked":"HolyWater"},{"not_picked":["Runic Pyramid","Coffee Dripper"],"picked":"Fusion Hammer"}],"items_purged_floors":[19,28,44,54],"is_endless":false,"potions_floor_spawned":[4,7,8,11,14,20,25,31,35,41,45,46],"ascension_level":20}}