{"host":"nz11ypxva4e39b7q","time":1611577189,"event":{"mods":["BaseMod","Better Note","Better Third Choice","Better Vampires","Colored Map","Minty Spire (QoL Compilation)","Quick Restart","StSLib"],"gold_per_floor":[119,44,59,59,9,9,9,344,368,387,416,428,428,320,320,399,399,409,420,434,434,158,158,176,176,176,207,219,231,231],"floor_reached":29,"language":"ENG","playtime":1392,"items_purged":["Defend_G","Strike_G","Expertise"],"score":482,"play_id":"7eebfcfb-0675-4057-9285-05a42d1d4702","local_time":"20210125131948","is_ascension_mode":true,"campfire_choices":[{"data":"Dagger Spray","floor":6.0,"key":"SMITH"},{"floor":15.0,"key":"REST"},{"floor":23.0,"key":"REST"},{"data":"Noxious Fumes","floor":25.0,"key":"SMITH"}],"circlet_count":0,"master_deck":["AscendersBane","Survivor","Neutralize","Deadly Poison","Dagger Spray+1","Disarm+1","Grand Finale","Quick Slash","Calculated Gamble","Deflect","Doppelganger","Predator","Slice","Predator","Endless Agony","Dagger Throw","Dodge and Roll","Cloak And Dagger+1","Leg Sweep+1","Noxious Fumes+1"],"relics":["Ring of the Snake","Smiling Mask","Old Coin","Bag of Marbles","Odd Mushroom","Pandora\u0027s Box","Oddly Smooth Stone","Letter Opener","MawBank"],"acts_visited":["Exordium","TheCity"],"potions_floor_usage":[29],"damage_taken":[{"damage":0.0,"enemies":"Cultist","floor":1.0,"turns":3.0},{"damage":2.0,"enemies":"Jaw Worm","floor":3.0,"turns":6.0},{"damage":24.0,"enemies":"Gremlin Nob","floor":8.0,"turns":4.0},{"damage":0.0,"enemies":"Small Slimes","floor":10.0,"turns":1.0},{"damage":1.0,"enemies":"The Mushroom Lair","floor":11.0,"turns":3.0},{"damage":11.0,"enemies":"Exordium Thugs","floor":12.0,"turns":4.0},{"damage":15.0,"enemies":"The Guardian","floor":16.0,"turns":12.0},{"damage":11.0,"enemies":"2 Thieves","floor":18.0,"turns":3.0},{"damage":0.0,"enemies":"Chosen","floor":19.0,"turns":3.0},{"damage":24.0,"enemies":"Snecko","floor":20.0,"turns":6.0},{"damage":1.0,"enemies":"3 Cultists","floor":24.0,"turns":6.0},{"damage":19,"enemies":"Gremlin Leader","floor":27,"turns":7},{"damage":12,"enemies":"Slavers","floor":29,"turns":1}],"seed_played":"6165773257076782246","potions_obtained":[{"floor":3.0,"key":"ColorlessPotion"},{"floor":12.0,"key":"Dexterity Potion"},{"floor":16.0,"key":"SpeedPotion"},{"floor":18.0,"key":"CunningPotion"},{"floor":24.0,"key":"Ancient Potion"}],"is_trial":false,"path_per_floor":["M","?","M","?","$","R","$","E","T","M","?","M","?","$","R","B",null,"M","M","M","?","$","R","M","R","T","E","?","E"],"character_chosen":"THE_SILENT","items_purchased":["Deflect","Oddly Smooth Stone","Fire Potion"],"campfire_rested":2,"item_purchase_floors":[14,22,22],"current_hp_per_floor":[59,59,57,45,45,45,45,21,21,21,20,9,9,9,28,13,53,42,42,18,12,12,31,30,30,30,11,11,0,0],"gold":231,"neow_bonus":"RANDOM_COMMON_RELIC","is_daily":false,"chose_seed":false,"campfire_upgraded":2,"win_rate":0.0,"timestamp":1611577188,"path_taken":["M","?","M","?","$","R","$","E","T","M","?","?","?","?","R","BOSS","M","?","M","?","$","R","M","R","T","E","?","E"],"items_purchased_type":["Card","Relic","Potion"],"build_version":"2020-12-22","purchased_purges":3,"victory":false,"max_hp_per_floor":[66,66,66,66,66,66,66,66,66,66,66,66,66,66,66,66,66,66,66,66,66,66,66,66,66,66,66,66,66,66],"card_choices":[{"not_picked":["Backflip","Prepared"],"picked":"Deadly Poison","floor":1.0},{"not_picked":["Acrobatics","Choke"],"picked":"Dagger Spray","floor":3.0},{"not_picked":["Eviscerate","Choke"],"picked":"Grand Finale","floor":8.0},{"not_picked":["Deflect","Bane","Leg Sweep"],"picked":"SKIP","floor":10.0},{"not_picked":["Backstab","Setup"],"picked":"Quick Slash","floor":12.0},{"not_picked":["Night Terror","Phantasmal Killer"],"picked":"Doppelganger","floor":16.0},{"not_picked":["Dagger Throw","Riddle With Holes"],"picked":"Dodge and Roll","floor":18.0},{"not_picked":["Underhanded Strike","Sucker Punch"],"picked":"Cloak And Dagger+1","floor":19.0},{"not_picked":["Skewer","Crippling Poison"],"picked":"Leg Sweep+1","floor":20.0},{"not_picked":["Catalyst","Underhanded Strike"],"picked":"Noxious Fumes","floor":24.0},{"not_picked":["Calculated Gamble","Concentrate","Underhanded Strike"],"picked":"SKIP","floor":27}],"player_experience":988427,"relics_obtained":[{"floor":8.0,"key":"Old Coin"},{"floor":9.0,"key":"Bag of Marbles"},{"floor":11.0,"key":"Odd Mushroom"},{"floor":26.0,"key":"Letter Opener"},{"floor":27,"key":"MawBank"}],"event_choices":[{"cards_removed":["Strike_G"],"damage_healed":0.0,"max_hp_gain":0.0,"max_hp_loss":0.0,"gold_gain":0.0,"event_name":"The Cleric","player_choice":"Card Removal","floor":2.0,"gold_loss":75.0,"damage_taken":0.0},{"damage_healed":0.0,"max_hp_gain":0.0,"max_hp_loss":0.0,"gold_gain":0.0,"event_name":"betterThird:BetterScrap","player_choice":"Card ","floor":4.0,"gold_loss":0.0,"damage_taken":12.0,"cards_obtained":["Disarm"]},{"damage_healed":0.0,"max_hp_gain":0.0,"max_hp_loss":0.0,"gold_gain":0.0,"event_name":"Mushrooms","player_choice":"Fought Mushrooms","floor":11.0,"gold_loss":0.0,"damage_taken":0.0},{"damage_healed":0.0,"max_hp_gain":0.0,"max_hp_loss":0.0,"gold_gain":0.0,"cards_transformed":["Strike_G"],"event_name":"Living Wall","player_choice":"Change","floor":13.0,"gold_loss":0.0,"damage_taken":0.0,"cards_obtained":["Calculated Gamble"]},{"damage_healed":0.0,"max_hp_gain":0.0,"max_hp_loss":0.0,"gold_gain":0.0,"event_name":"Knowing Skull","player_choice":"","floor":21.0,"potions_obtained":[],"gold_loss":0.0,"damage_taken":6.0,"cards_obtained":[]},{"cards_removed":["Predator"],"damage_healed":0,"gold_gain":0,"player_choice":"Give","damage_taken":0,"max_hp_gain":0,"max_hp_loss":0,"event_name":"betterNote:BetterNote","floor":28,"gold_loss":0,"cards_obtained":["Strike_G"]}],"is_beta":false,"boss_relics":[{"not_picked":["Snecko Eye","HoveringKite"],"picked":"Pandora\u0027s Box"}],"items_purged_floors":[5,14,22],"is_endless":false,"potions_floor_spawned":[3,12,16,18,24],"killed_by":"Slavers","ascension_level":20}}