{"host":"rwmcmr2m88k7tuzm","time":1611602727,"event":{"mods":["BaseMod","BetterRewards","Conspire","Downfall","Infinite Spire","Minty Spire (QoL Compilation)","Replay The Spire","Shop Mod","StSLib","SuperFastMode"],"gold_per_floor":[114,131,147,167,167,167,177,177,177,177,205,217,228,248,248,346,346,365,365,378,378,134,134,154,181,181,214,214,231,231,242,242,344,344,359,359,53,53,68,68,83,83,83,83,98,111,26,26,26,129,129,136,136,153,165,172,172,174,174,201,201,222,225,237,248,248,321,321,321,321],"floor_reached":69,"language":"ENG","playtime":1900,"items_purged":[],"score":1080,"play_id":"a9d05033-096d-48e6-9738-6cc730b658c7","local_time":"20210125192527","is_ascension_mode":false,"campfire_choices":[{"data":"Cleave","floor":6,"key":"SMITH"},{"data":"Cleave","floor":8,"key":"SMITH"},{"data":"ReplayTheSpireMod:Corrosion Curse","floor":10,"key":"SMITH"},{"data":"Pommel Strike","floor":15,"key":"SMITH"},{"data":"Feed","floor":23,"key":"SMITH"},{"data":"ReplayTheSpireMod:Black Plague","floor":32,"key":"SMITH"},{"data":"ReplayTheSpireMod:Chaos Vortex","floor":40,"key":"SMITH"},{"data":"Replay:Bootleg Shield Generator","floor":42,"key":"SMITH"},{"data":"Mayhem","floor":49,"key":"SMITH"},{"data":"Battle Trance","floor":57,"key":"SMITH"},{"data":"infinitespire:Starlight","floor":59,"key":"SMITH"},{"data":"Strike_R+1","floor":66,"key":"SMITH"}],"circlet_count":0,"master_deck":["Strike_R+2","Strike_R+1","Strike_R+2","Strike_R+2","Strike_R+1","Defend_R+1","Defend_R+1","Defend_R+1","Defend_R+1","Bash","Cleave+1","ReplayTheSpireMod:Corrosion Curse+1","Pommel Strike+1","Cleave+1","Battle Trance+1","Feed+1","Reaper","Replay:Bootleg Shield Generator+1","Cleave","Flex","ReplayTheSpireMod:Black Plague+1","ReplayTheSpireMod:Chaos Vortex+1","ReplayTheSpireMod:Black Plague+1","Uppercut+1","Mayhem+1","infinitespire:Starlight+1"],"relics":["Black Blood","Anchor","Blood Vial","Boot","Unceasing Top","Divine Protection","Replay:Kaleidoscope","Gremlin Horn","Sozu","Vajra","Replay:Accelerometer","Bronze Scales","Eternal Feather","TheAbacus","Black Star","ClockworkSouvenir","MerchantsRug","Replay:Bottled Steam","Potion Belt","Oddly Smooth Stone","Simple Rune","ReplayFunnel","Garlic","Iron Hammer"],"acts_visited":["Exordium","TheCity","TheBeyond","Exordium","TheCity"],"potions_floor_usage":[16,27],"damage_taken":[{"damage":5,"enemies":"Cultist","floor":1,"turns":4},{"damage":0,"enemies":"Jaw Worm","floor":2,"turns":3},{"damage":0,"enemies":"Small Slimes","floor":3,"turns":3},{"damage":10,"enemies":"Exordium Wildlife","floor":4,"turns":6},{"damage":0,"enemies":"2 Fungi Beasts","floor":7,"turns":2},{"damage":5,"enemies":"3 Sentries","floor":11,"turns":4},{"damage":0,"enemies":"Large Slime","floor":12,"turns":3},{"damage":7,"enemies":"Exordium Thugs","floor":13,"turns":4},{"damage":0,"enemies":"2 Fungi Beasts","floor":14,"turns":2},{"damage":24,"enemies":"Slime Boss","floor":16,"turns":8},{"damage":9,"enemies":"Spheric Guardian","floor":18,"turns":4},{"damage":4,"enemies":"2 Thieves","floor":20,"turns":3},{"damage":6,"enemies":"Shelled Parasite and Fungi","floor":24,"turns":3},{"damage":6,"enemies":"Gremlin Leader","floor":25,"turns":5},{"damage":2,"enemies":"Nightmare","floor":27,"turns":6},{"damage":25,"enemies":"Centurion and Healer","floor":29,"turns":5},{"damage":0,"enemies":"3 Cultists","floor":31,"turns":3},{"damage":15,"enemies":"Automaton","floor":33,"turns":7},{"damage":0,"enemies":"3 Darklings","floor":35,"turns":3},{"damage":0,"enemies":"Orb Walker","floor":39,"turns":2},{"damage":2,"enemies":"4 Shapes","floor":41,"turns":2},{"damage":23,"enemies":"Writhing Mass","floor":45,"turns":5},{"damage":0,"enemies":"Transient","floor":46,"turns":5},{"damage":84,"enemies":"conspire:OrnateMirror","floor":50,"turns":8},{"damage":0,"enemies":"Jaw Worm","floor":52,"turns":2},{"damage":0,"enemies":"conspire:MimicChest","floor":54,"turns":4},{"damage":0,"enemies":"2 Louse","floor":55,"turns":2},{"damage":0,"enemies":"Small Slimes","floor":56,"turns":2},{"damage":0,"enemies":"Blue Slaver","floor":58,"turns":3},{"damage":1,"enemies":"3 Sentries","floor":62,"turns":3},{"damage":2,"enemies":"Exordium Thugs","floor":63,"turns":3},{"damage":0,"enemies":"Exordium Wildlife","floor":64,"turns":2},{"damage":0,"enemies":"2 Fungi Beasts","floor":65,"turns":2},{"damage":0,"enemies":"The Guardian","floor":67,"turns":5},{"damage":0,"enemies":"2 Thieves","floor":69,"turns":1}],"seed_played":"4630636561319256494","potions_obtained":[{"floor":1,"key":"Fire Potion"},{"floor":11,"key":"Reflective Coating"},{"floor":12,"key":"ColorlessPotion"}],"is_trial":false,"path_per_floor":["M","M","M","M","T","R","M","R","T","R","E","M","M","M","R","B",null,"M","?","M","?","$","R","M","E","T","NM","?","M","AVR","M","R","B",null,"M","?","$","?","M","R","M","R","T","?","M","M","$","?","R","B",null,"M","?","?","M","M","R","M","R","T","T","E","M","M","M","R","B",null,"M"],"character_chosen":"IRONCLAD","items_purchased":["Anchor","Blood Vial","Boot","Venom Potion","Vajra","Replay:Bootleg Shield Generator","ClockworkSouvenir","MerchantsRug","Potion Belt"],"campfire_rested":0,"item_purchase_floors":[0,0,0,0,22,22,37,37,47],"current_hp_per_floor":[47,55,63,61,61,61,69,69,69,69,72,80,79,80,80,62,80,77,77,83,83,83,83,87,87,87,91,73,66,66,89,96,87,96,96,96,96,91,96,96,96,96,96,96,79,87,87,87,96,46,96,96,72,90,96,96,96,96,96,96,96,98,98,98,98,98,98,98,98,98],"gold":321,"neow_bonus":"","is_daily":false,"chose_seed":false,"campfire_upgraded":12,"win_rate":0.0,"timestamp":1611602727,"path_taken":["M","?","?","?","?","R","M","R","T","R","E","M","M","M","R","BOSS","M","?","M","?","?","R","M","E","T","NM","?","M","AVR","M","R","BOSS","M","?","?","?","M","R","M","R","T","?","M","M","$","?","R","BOSS","M","?","?","?","M","R","M","R","T","?","E","M","M","M","R","BOSS","M"],"items_purchased_type":["Relic","Relic","Relic","Potion","Relic","Card","Relic","Relic","Relic"],"build_version":"2020-12-22","purchased_purges":0,"victory":false,"max_hp_per_floor":[80,80,80,80,80,80,80,80,80,80,80,80,80,80,80,80,80,80,80,83,83,83,83,87,87,87,91,96,96,96,96,96,96,96,96,96,96,96,96,96,96,96,96,96,96,96,96,96,96,96,96,96,96,96,96,96,96,96,96,96,96,98,98,98,98,98,98,98,98,98],"card_choices":[{"not_picked":["Havoc","Perfected Strike"],"picked":"Cleave","floor":1},{"not_picked":["Abandon","Entrench"],"picked":"ReplayTheSpireMod:Corrosion Curse","floor":2},{"not_picked":["Body Slam","Perfected Strike","Clothesline"],"picked":"SKIP","floor":3},{"not_picked":["Carnage","Sever Soul"],"picked":"Pommel Strike","floor":4},{"not_picked":["Headbutt","Shockwave"],"picked":"Cleave","floor":7},{"not_picked":["Feed","Clothesline"],"picked":"Battle Trance","floor":11},{"not_picked":["Shockwave","Heavy Blade","Perfected Strike"],"picked":"SKIP","floor":12},{"not_picked":["Havoc","Warcry","Intimidate"],"picked":"SKIP","floor":13},{"not_picked":["Feel No Pain","Twin Strike","True Grit"],"picked":"SKIP","floor":14},{"not_picked":["Exhume","Bludgeon"],"picked":"Feed","floor":16},{"not_picked":["Havoc+1","ReplayTheSpireMod:Strike From Hell","Warcry"],"picked":"SKIP","floor":18},{"not_picked":["Reckless Charge","Battle Trance","Run Through"],"picked":"SKIP","floor":20},{"not_picked":["Power Through","Second Wind","Armaments"],"picked":"SKIP","floor":24},{"not_picked":["Abandon","Armaments"],"picked":"Cleave","floor":25},{"not_picked":["Burning Pact+1","Havoc"],"picked":"Flex","floor":27},{"not_picked":["Clothesline","Armaments","Anger"],"picked":"SKIP","floor":29},{"not_picked":["Immolate","Blood for Blood","Dropkick"],"picked":"SKIP","floor":31},{"not_picked":["Twin Strike+1","Run Through+1","Entrench"],"picked":"SKIP","floor":35},{"not_picked":["Anger","Thunderclap+1"],"picked":"Uppercut+1","floor":39},{"not_picked":["ReplayTheSpireMod:Corrosion Curse","ReplayReversal+1","Body Slam"],"picked":"SKIP","floor":41},{"not_picked":["ReplayTheSpireMod:Strike From Hell","Dark Embrace+1","Pommel Strike+1"],"picked":"SKIP","floor":45},{"not_picked":["Body Slam+1","Sever Soul","Infernal Blade+1"],"picked":"SKIP","floor":46},{"not_picked":["ReplayTheSpireMod:Uncanny Aura","Purity"],"picked":"Mayhem","floor":48},{"not_picked":["Run Through","Anger","Headbutt"],"picked":"SKIP","floor":52},{"not_picked":["infinitespire:TheBestDefense","Replay:Fractal Strike"],"picked":"infinitespire:Starlight","floor":53},{"not_picked":["Anger","Feel No Pain","Fiend Fire"],"picked":"SKIP","floor":55},{"not_picked":["Dark Embrace","Headbutt","Perfected Strike"],"picked":"SKIP","floor":56},{"not_picked":["Warcry","Clothesline","Barricade"],"picked":"SKIP","floor":58},{"not_picked":["Clash","True Grit","Shockwave"],"picked":"SKIP","floor":62},{"not_picked":["Rage","Evolve","Headbutt"],"picked":"SKIP","floor":63},{"not_picked":["Replay:Undeath\u0027s Touch","Shockwave","conspire:Charge"],"picked":"SKIP","floor":64},{"not_picked":["Replay:Undeath\u0027s Touch","conspire:ExplosiveBarrier","conspire:Charge"],"picked":"SKIP","floor":65}],"player_experience":160698,"relics_obtained":[{"floor":5,"key":"Divine Protection"},{"floor":9,"key":"Replay:Kaleidoscope"},{"floor":11,"key":"Gremlin Horn"},{"floor":25,"key":"Replay:Accelerometer"},{"floor":26,"key":"Bronze Scales"},{"floor":27,"key":"Eternal Feather"},{"floor":43,"key":"Replay:Bottled Steam"},{"floor":54,"key":"Oddly Smooth Stone"},{"floor":60,"key":"Simple Rune"},{"floor":61,"key":"ReplayFunnel"},{"floor":62,"key":"Garlic"},{"floor":62,"key":"Iron Hammer"}],"event_choices":[{"damage_healed":0,"gold_gain":0,"player_choice":"Simplicity","damage_taken":0,"max_hp_gain":0,"max_hp_loss":0,"event_name":"Back to Basics","floor":19,"gold_loss":0,"cards_upgraded":["Strike_R","Strike_R","Strike_R","Strike_R","Strike_R","Defend_R","Defend_R","Defend_R","Defend_R"]},{"damage_healed":0,"gold_gain":0,"player_choice":"Read","damage_taken":0,"max_hp_gain":0,"max_hp_loss":0,"event_name":"The Library","floor":21,"gold_loss":0,"cards_obtained":["Reaper"]},{"damage_healed":0,"gold_gain":0,"player_choice":"Shed Blood","damage_taken":23,"max_hp_gain":5,"max_hp_loss":0,"event_name":"Forgotten Altar","floor":28,"gold_loss":0},{"damage_healed":0,"gold_gain":0,"player_choice":"Copied","damage_taken":0,"max_hp_gain":0,"max_hp_loss":0,"event_name":"Duplicator","floor":36,"gold_loss":0,"cards_obtained":["ReplayTheSpireMod:Black Plague"]},{"damage_healed":0,"gold_gain":0,"player_choice":"Leave","damage_taken":0,"max_hp_gain":0,"max_hp_loss":0,"event_name":"conspire:Investor","floor":44,"gold_loss":0},{"damage_healed":0,"gold_gain":0,"player_choice":"Memory 1","damage_taken":0,"max_hp_gain":0,"max_hp_loss":0,"event_name":"SensoryStone","floor":48,"gold_loss":0}],"is_beta":false,"boss_relics":[{"not_picked":["Snecko Eye","Replay:Bronze Core"],"picked":"Sozu"},{"not_picked":["Ooze Armor","Abe\u0027s Treasure","Runic Pyramid"]},{"not_picked":["Philosopher\u0027s Stone","infinitespire:Cupcake","ReplayTheSpireMod:DimensionalGlitch"]},{"not_picked":["conspire:RunicOctahedron","bronze:MakeshiftBattery"],"picked":"Black Blood"}],"items_purged_floors":[],"is_endless":true,"potions_floor_spawned":[1,11,12,13,18,20,24,31,35,50,52,54,58,65],"killed_by":"2 Thieves","ascension_level":0}}