{"host":"61r95uy0hn86b9iu","time":1611552914,"event":{"mods":["AchievementEnabler","BaseMod","Better Vampires","BetterRewards","Colored Powertips","Hubris","Minty Spire (QoL Compilation)","Shop Mod","StSLib"],"gold_per_floor":[112,37,37,49,49,49,78,78,78,78,93,93,126,45,45,122,122,133,151,151,151,151,151,151],"floor_reached":23,"language":"ENG","playtime":455,"items_purged":[],"score":407,"play_id":"ecef6a38-c1af-40d0-9766-99e75160baa7","local_time":"20210124233514","is_ascension_mode":true,"campfire_choices":[{"data":"Dualcast","floor":6,"key":"SMITH"},{"data":"Zap","floor":8,"key":"SMITH"},{"data":"Zap","floor":10,"key":"SMITH"},{"data":"Conserve Battery","floor":12,"key":"SMITH"},{"floor":15,"key":"REST"}],"circlet_count":0,"master_deck":["AscendersBane","Strike_B","Strike_B","Strike_B","Defend_B","Defend_B","Defend_B","Defend_B","Zap+1","Dualcast+1","Static Discharge+1","Conserve Battery+1","Glacier","Zap+1","Doom and Gloom","Echo Form","Coolheaded+1"],"relics":["Cracked Core","NeowsBlessing","Darkstone Periapt","hubris:OldNail","Velvet Choker","hubris:Towel"],"acts_visited":["Exordium","TheCity"],"potions_floor_usage":[11,16],"damage_taken":[{"damage":0.0,"enemies":"Jaw Worm","floor":1.0,"turns":1.0},{"damage":0,"enemies":"Cultist","floor":4,"turns":1},{"damage":0,"enemies":"Lagavulin","floor":7,"turns":2},{"damage":3,"enemies":"Small Slimes","floor":11,"turns":3},{"damage":32,"enemies":"Gremlin Nob","floor":13,"turns":4},{"damage":25,"enemies":"The Guardian","floor":16,"turns":10},{"damage":18,"enemies":"Chosen","floor":18,"turns":6},{"damage":8,"enemies":"Spheric Guardian","floor":19,"turns":4},{"damage":42,"enemies":"Slavers","floor":23,"turns":4}],"seed_played":"-1810941454391740541","potions_obtained":[{"floor":1.0,"key":"GamblersBrew"},{"floor":13,"key":"Weak Potion"},{"floor":19,"key":"EssenceOfSteel"}],"is_trial":false,"path_per_floor":["M","?","?","M","?","R","E","R","T","R","M","R","E","$","R","B",null,"M","M","?","?","$","E"],"character_chosen":"DEFECT","items_purchased":["Doom and Gloom"],"campfire_rested":1,"item_purchase_floors":[14],"current_hp_per_floor":[64,64,64,64,64,64,64,64,64,64,61,61,29,29,50,25,60,42,34,34,34,34,0,0],"gold":151,"neow_bonus":"THREE_ENEMY_KILL","is_daily":false,"chose_seed":false,"campfire_upgraded":4,"win_rate":0.0,"timestamp":1611552914,"path_taken":["M","?","?","?","?","R","E","R","T","R","M","R","E","$","R","BOSS","M","M","?","?","$","E"],"items_purchased_type":["Card"],"build_version":"2020-12-22","purchased_purges":0,"victory":false,"max_hp_per_floor":[71,71,71,71,71,71,71,71,71,71,71,71,71,71,71,71,71,71,71,71,71,71,71,71],"card_choices":[{"not_picked":["Scrape","Steam"],"picked":"Static Discharge","floor":1.0},{"not_picked":["Chaos","hubris:PowerSurge","Turbo"],"picked":"SKIP","floor":4},{"not_picked":["Rip and Tear","hubris:DoWhile","Scrape"],"picked":"SKIP","floor":7},{"not_picked":["Streamline","Compile Driver","Redo"],"picked":"SKIP","floor":11},{"not_picked":["Go for the Eyes","Compile Driver","Genetic Algorithm"],"picked":"SKIP","floor":13},{"not_picked":["hubris:SpecializedCircuitry","Seek"],"picked":"Echo Form","floor":16},{"not_picked":["Auto Shields","Hologram"],"picked":"Coolheaded+1","floor":18},{"not_picked":["Genetic Algorithm","Hologram+1","Steam Power"],"picked":"SKIP","floor":19}],"player_experience":3302968,"relics_obtained":[{"floor":7,"key":"Darkstone Periapt"},{"floor":13,"key":"hubris:OldNail"}],"event_choices":[{"cards_removed":["Strike_B"],"damage_healed":0.0,"max_hp_gain":0.0,"max_hp_loss":0.0,"gold_gain":0.0,"event_name":"The Cleric","player_choice":"Card Removal","floor":2.0,"gold_loss":75.0,"damage_taken":0.0},{"damage_healed":0,"gold_gain":0,"player_choice":"3 cards matched","damage_taken":0,"max_hp_gain":0,"max_hp_loss":0,"event_name":"Match and Keep!","floor":3,"gold_loss":0,"cards_obtained":["Conserve Battery","Glacier","Zap"]},{"damage_healed":0,"gold_gain":0,"player_choice":"Grow","damage_taken":0,"max_hp_gain":0,"max_hp_loss":0,"event_name":"Living Wall","floor":5,"gold_loss":0,"cards_upgraded":["Static Discharge"]},{"damage_healed":0,"gold_gain":0,"player_choice":"Ignored","damage_taken":0,"max_hp_gain":0,"max_hp_loss":0,"event_name":"Beggar","floor":21,"gold_loss":0}],"is_beta":false,"boss_relics":[{"not_picked":["hubris:BlackHole","Snecko Eye"],"picked":"Velvet Choker"}],"items_purged_floors":[],"is_endless":false,"potions_floor_spawned":[1,13,19],"killed_by":"Slavers","ascension_level":17}}