{"host":"tq99ucv8ezzqzioe","time":1611609568,"event":{"mods":["BaseMod","Colored Map","Downfall","Highlight Path","Minty Spire (QoL Compilation)","StSLib"],"gold_per_floor":[113,126,144,156,121,147,147,147,172,172,193,221,221,221],"floor_reached":13,"language":"ENG","playtime":595,"items_purged":[],"score":117,"play_id":"2054b0c8-f915-4cb3-b7e0-e50d3429575d","local_time":"20210125161928","is_ascension_mode":true,"campfire_choices":[{"data":"Dualcast","floor":10,"key":"SMITH"}],"circlet_count":0,"master_deck":["Strike_B","Strike_B","Strike_B","Strike_B","Defend_B","Defend_B","Defend_B","Defend_B","Zap+1","Dualcast+1","Reinforced Body","Cold Snap","Loop","Loop","Conserve Battery","White Noise","Fission"],"relics":["Cracked Core","Strawberry","Art of War","CeramicFish"],"acts_visited":["Exordium"],"potions_floor_usage":[6,13],"damage_taken":[{"damage":1,"enemies":"Cultist","floor":1,"turns":4},{"damage":2,"enemies":"2 Louse","floor":2,"turns":3},{"damage":6,"enemies":"Jaw Worm","floor":3,"turns":4},{"damage":24,"enemies":"Exordium Wildlife","floor":4,"turns":6},{"damage":11,"enemies":"Lagavulin","floor":6,"turns":7},{"damage":0,"enemies":"Large Slime","floor":11,"turns":6},{"damage":0,"enemies":"Looter","floor":12,"turns":4},{"damage":94,"enemies":"Gremlin Nob","floor":13,"turns":7}],"seed_played":"-6491717073876935908","potions_obtained":[{"floor":3,"key":"Fire Potion"},{"floor":6,"key":"Energy Potion"},{"floor":12,"key":"Guardian:BlockOnCardUsePotion"}],"is_trial":false,"path_per_floor":["M","M","M","M","?","E","?","T","T","R","M","M","E"],"character_chosen":"DEFECT","items_purchased":[],"campfire_rested":0,"item_purchase_floors":[],"current_hp_per_floor":[74,72,66,42,62,51,51,51,51,51,51,51,0,0],"gold":221,"neow_bonus":"RANDOM_COMMON_RELIC","is_daily":false,"chose_seed":false,"campfire_upgraded":1,"win_rate":0.0,"timestamp":1611609568,"path_taken":["M","?","?","M","?","E","?","?","T","R","M","M","E"],"items_purchased_type":[],"build_version":"2020-12-22","purchased_purges":0,"victory":false,"max_hp_per_floor":[82,82,82,82,82,82,82,82,82,82,82,82,82,82],"card_choices":[{"not_picked":["Compile Driver","Blizzard"],"picked":"Reinforced Body","floor":1},{"not_picked":["Leap","Sweeping Beam"],"picked":"Cold Snap","floor":2},{"not_picked":["Lockon","Go for the Eyes"],"picked":"Loop","floor":3},{"not_picked":["Steam","Rebound"],"picked":"Loop","floor":4},{"not_picked":["Capacitor","Rip and Tear"],"picked":"Conserve Battery","floor":6},{"not_picked":["Go for the Eyes","Gash"],"picked":"White Noise","floor":11},{"not_picked":["Heatsinks","Go for the Eyes"],"picked":"Fission","floor":12}],"player_experience":757801,"relics_obtained":[{"floor":6,"key":"Art of War"},{"floor":9,"key":"CeramicFish"}],"event_choices":[{"damage_healed":20,"gold_gain":0,"player_choice":"Healed","damage_taken":0,"max_hp_gain":0,"max_hp_loss":0,"event_name":"The Cleric","floor":5,"gold_loss":35},{"damage_healed":0,"gold_gain":0,"player_choice":"Grow","damage_taken":0,"max_hp_gain":0,"max_hp_loss":0,"event_name":"Living Wall","floor":7,"gold_loss":0,"cards_upgraded":["Zap"]}],"is_beta":false,"boss_relics":[],"items_purged_floors":[],"is_endless":false,"potions_floor_spawned":[3,6,12],"killed_by":"Gremlin Nob","ascension_level":7}}