{"host":"szp1d6dso4pv7ddl","time":1611554122,"event":{"mods":["AchievementEnabler","Alarm Clock","BaseMod","Bestiary","Block Reminder","Colored Map","Colored Powertips","Curses Come First","Dark Map","Displayed Cursed Tome","Highlight Path","Minty Spire (QoL Compilation)","Permanent Neow","Quick Restart","Relic Sorter","Relic Stats","StSLib","Synergy Search"],"gold_per_floor":[363,163,175,175,175,175,175,250,304,304,50,68,68,68,68,167,167,187,187,206,106,121,121,121,121,121,134,134,162,37,63,63,159,159,177,2,20,36,49,49,79,79,79,79,1,34,34,84,84,84],"floor_reached":51,"language":"ENG","playtime":1898,"items_purged":["Regret","Strike_B","Strike_B","Defend_B+1"],"score":1253,"play_id":"5d68c972-529b-4874-b89e-425efae960b7","local_time":"20210124215522","is_ascension_mode":true,"campfire_choices":[{"data":"Scrape","floor":6,"key":"SMITH"},{"data":"Beam Cell","floor":7,"key":"SMITH"},{"data":"Defend_B","floor":10,"key":"SMITH"},{"data":"Defend_B","floor":13,"key":"SMITH"},{"data":"Defend_B","floor":15,"key":"SMITH"},{"data":"Double Energy","floor":23,"key":"SMITH"},{"data":"Defend_B","floor":25,"key":"SMITH"},{"data":"Zap","floor":28,"key":"SMITH"},{"floor":32,"key":"REST"},{"data":"Skim","floor":40,"key":"SMITH"},{"data":"Reboot","floor":42,"key":"SMITH"},{"data":"Go for the Eyes","floor":44,"key":"SMITH"},{"data":"Leap","floor":49,"key":"SMITH"}],"circlet_count":0,"master_deck":["AscendersBane","Defend_B+1","Defend_B+1","Defend_B+1","Zap+1","Gash+1","Scrape+1","Beam Cell+1","Gash+1","Leap+1","Gash","Double Energy+1","Skim+1","Reboot+1","Go for the Eyes+1"],"relics":["Cracked Core","Ornamental Fan","WingedGreaves","Whetstone","Symbiotic Virus","Runic Pyramid","MutagenicStrength","Pantograph","Omamori","Meat on the Bone","Empty Cage","PreservedInsect","HornCleat","Mummified Hand","Du-Vu Doll"],"acts_visited":["Exordium","TheCity","TheBeyond"],"potions_floor_usage":[16,27,33,39],"damage_taken":[{"damage":8,"enemies":"Small Slimes","floor":1,"turns":4},{"damage":7,"enemies":"Jaw Worm","floor":3,"turns":3},{"damage":0,"enemies":"Cultist","floor":12,"turns":3},{"damage":10,"enemies":"Hexaghost","floor":16,"turns":7},{"damage":7,"enemies":"Chosen","floor":18,"turns":4},{"damage":7,"enemies":"Shell Parasite","floor":20,"turns":3},{"damage":0,"enemies":"Cultist and Chosen","floor":22,"turns":5},{"damage":20,"enemies":"Snecko","floor":27,"turns":5},{"damage":0,"enemies":"Gremlin Leader","floor":29,"turns":5},{"damage":18,"enemies":"Slavers","floor":31,"turns":4},{"damage":19,"enemies":"Automaton","floor":33,"turns":6},{"damage":0,"enemies":"3 Shapes","floor":35,"turns":4},{"damage":14,"enemies":"3 Darklings","floor":37,"turns":4},{"damage":0,"enemies":"Sphere and 2 Shapes","floor":38,"turns":3},{"damage":0,"enemies":"Transient","floor":39,"turns":5},{"damage":0,"enemies":"Giant Head","floor":41,"turns":4},{"damage":0,"enemies":"Reptomancer","floor":46,"turns":2},{"damage":0,"enemies":"Mind Bloom Boss Battle","floor":48,"turns":2},{"damage":35,"enemies":"Time Eater","floor":50,"turns":5}],"seed_played":"-668074326419236362","potions_obtained":[{"floor":12,"key":"LiquidBronze"},{"floor":18,"key":"Fire Potion"},{"floor":24,"key":"Regen Potion"},{"floor":27,"key":"PotionOfCapacity"},{"floor":31,"key":"AttackPotion"},{"floor":33,"key":"GamblersBrew"},{"floor":46,"key":"FairyPotion"}],"is_trial":false,"path_per_floor":["M","$","M","?","T","R","R","?","T","R","$","M","R","T","R","B",null,"M","?","M","$","M","R","?","R","T","M","R","E","$","E","R","B",null,"M","$","M","M","M","R","E","R","T","R","?","E","$","?","R","B",null],"character_chosen":"DEFECT","items_purchased":["Scrape","Beam Cell","Ornamental Fan","Go for the Eyes"],"campfire_rested":1,"item_purchase_floors":[2,2,11,36],"current_hp_per_floor":[60,60,53,46,46,46,46,35,35,35,35,35,35,35,35,25,63,56,56,49,49,49,49,49,49,49,43,43,43,43,25,47,53,70,70,70,56,56,56,56,56,56,56,56,56,56,56,75,75,40],"gold":84,"neow_bonus":"TWO_FIFTY_GOLD","is_daily":false,"chose_seed":false,"campfire_upgraded":12,"win_rate":0.0,"timestamp":1611554122,"path_taken":["M","$","M","?","?","R","R","?","T","R","$","?","R","?","R","BOSS","M","?","M","$","M","R","?","R","T","?","R","E","$","E","R","BOSS","M","$","M","M","M","R","E","R","T","R","?","E","?","?","R","BOSS"],"items_purchased_type":["Card","Card","Relic","Card"],"build_version":"2020-12-22","purchased_purges":4,"victory":true,"max_hp_per_floor":[75,75,75,75,75,75,75,75,75,75,75,75,75,75,75,75,75,75,75,75,75,75,75,75,75,75,75,75,75,75,75,75,75,75,75,75,75,75,75,75,75,75,75,75,75,75,75,75,75,75],"relic_stats":{"counters":[19,78],"Ornamental Fan":[256],"Mummified Hand":[0],"Pantograph":44,"PreservedInsect":61,"Whetstone":["Gash","Gash"],"obtain_stats":[{"PreservedInsect":41,"Omamori":29,"Whetstone":9,"Empty Cage":34,"Du-Vu Doll":48,"HornCleat":45,"Ornamental Fan":11,"Mummified Hand":46,"MutagenicStrength":19,"Pantograph":26,"WingedGreaves":5,"Cracked Core":0,"Symbiotic Virus":14,"Runic Pyramid":17,"Meat on the Bone":31},{"PreservedInsect":16,"Omamori":9,"Whetstone":2,"Empty Cage":11,"Du-Vu Doll":18,"HornCleat":16,"Ornamental Fan":2,"Mummified Hand":17,"MutagenicStrength":5,"Pantograph":7,"WingedGreaves":2,"Cracked Core":0,"Symbiotic Virus":3,"Runic Pyramid":4,"Meat on the Bone":10},{"PreservedInsect":69,"Omamori":39,"Whetstone":7,"Empty Cage":49,"Du-Vu Doll":73,"HornCleat":69,"Ornamental Fan":7,"Mummified Hand":71,"MutagenicStrength":21,"Pantograph":29,"WingedGreaves":7,"Cracked Core":0,"Symbiotic Virus":10,"Runic Pyramid":17,"Meat on the Bone":43}],"Meat on the Bone":0},"card_choices":[{"not_picked":["Recycle","Tempest"],"picked":"Gash","floor":1},{"not_picked":["Stack","Go for the Eyes"],"picked":"Gash","floor":3},{"not_picked":["Sweeping Beam","Chaos"],"picked":"Leap","floor":12},{"not_picked":["Darkness","Self Repair"],"picked":"Gash","floor":18},{"not_picked":["Tempest+1","Leap+1"],"picked":"Double Energy","floor":20},{"not_picked":["Barrage","Reinforced Body","Steam+1"],"picked":"SKIP","floor":22},{"not_picked":["Cold Snap","Leap","FTL"],"picked":"SKIP","floor":27},{"not_picked":["Turbo","Auto Shields+1"],"picked":"Skim","floor":29},{"not_picked":["Stack","Beam Cell","Barrage"],"picked":"SKIP","floor":31},{"not_picked":["Hyperbeam","Core Surge"],"picked":"Reboot","floor":33},{"not_picked":["Doom and Gloom","Stack","Steam"],"picked":"SKIP","floor":35},{"not_picked":["Sunder","Reprogram","Chill+1"],"picked":"SKIP","floor":37},{"not_picked":["Undo","Heatsinks","Stack"],"picked":"SKIP","floor":38},{"not_picked":["Fusion","Blizzard","Sweeping Beam"],"picked":"SKIP","floor":39},{"not_picked":["Fusion","Blizzard","Sweeping Beam"],"picked":"SKIP","floor":39},{"not_picked":["Rip and Tear","Sweeping Beam+1","Amplify"],"picked":"SKIP","floor":41},{"not_picked":["Darkness","Beam Cell","Amplify"],"picked":"SKIP","floor":46}],"player_experience":1272297,"relics_obtained":[{"floor":5,"key":"WingedGreaves"},{"floor":9,"key":"Whetstone"},{"floor":14,"key":"Symbiotic Virus"},{"floor":26,"key":"Pantograph"},{"floor":29,"key":"Omamori"},{"floor":31,"key":"Meat on the Bone"},{"floor":41,"key":"PreservedInsect"},{"floor":46,"key":"Mummified Hand"},{"floor":48,"key":"Du-Vu Doll"}],"event_choices":[{"cards_removed":["Strike_B"],"damage_healed":0,"gold_gain":0,"player_choice":"Card Removal","damage_taken":7,"max_hp_gain":0,"max_hp_loss":0,"event_name":"Golden Wing","floor":4,"gold_loss":0},{"damage_healed":0,"gold_gain":75,"player_choice":"Gather Gold","damage_taken":11,"max_hp_gain":0,"max_hp_loss":0,"event_name":"World of Goop","floor":8,"gold_loss":0},{"damage_healed":0,"gold_gain":0,"player_choice":"Inject Mutagens","damage_taken":0,"relics_obtained":["MutagenicStrength"],"max_hp_gain":0,"max_hp_loss":0,"event_name":"Drug Dealer","floor":19,"gold_loss":0},{"damage_healed":0,"gold_gain":0,"player_choice":"Got Potions","damage_taken":0,"max_hp_gain":0,"max_hp_loss":0,"event_name":"Lab","floor":24,"gold_loss":0},{"damage_healed":0,"gold_gain":0,"player_choice":"Paid Gold","damage_taken":0,"relics_obtained":["HornCleat"],"max_hp_gain":0,"max_hp_loss":0,"event_name":"WeMeetAgain","floor":45,"gold_loss":78},{"damage_healed":0,"gold_gain":0,"player_choice":"Fight","damage_taken":0,"max_hp_gain":0,"max_hp_loss":0,"event_name":"MindBloom","floor":48,"gold_loss":0}],"is_beta":false,"boss_relics":[{"not_picked":["Sozu","Coffee Dripper"],"picked":"Runic Pyramid"},{"not_picked":["Velvet Choker","SlaversCollar"],"picked":"Empty Cage"}],"items_purged_floors":[2,21,30,36],"is_endless":false,"potions_floor_spawned":[12,18,27,31,33,35,46,48],"ascension_level":12}}