{"host":"hpvsbp715q3lql9o","time":1611601393,"event":{"mods":["BaseMod","Downfall","Friendly Minions","Marisa（F雨　魔理沙）","Minty Spire (QoL Compilation)","Replay The Spire","RumiaBox-露米娅的神秘盒子","StSLib","The Administrix","The Animator","The Construct","The Cursed"],"gold_per_floor":[114,128,148,148,166,166,166],"floor_reached":6,"language":"ZHS","playtime":548,"items_purged":[],"score":40,"play_id":"c159e7d5-8417-4ddb-b9d3-b7fe49185170","local_time":"20210126030313","is_ascension_mode":true,"campfire_choices":[],"circlet_count":0,"master_deck":["Strike_G","Strike_G","Strike_G","Strike_G","Strike_G","Defend_G","Defend_G","Defend_G","Defend_G","Defend_G","Survivor","Neutralize","CurseOfTheBell","Tactician","Backflip","Setup","Concentrate"],"relics":["Calling Bell","ReplayTheSpireMod:Lightbulb","Molten Egg 2","Shovel","Darkstone Periapt"],"acts_visited":["Exordium"],"potions_floor_usage":[6],"damage_taken":[{"damage":3,"enemies":"Cultist","floor":1,"turns":5},{"damage":15,"enemies":"2 Louse","floor":2,"turns":3},{"damage":1,"enemies":"Small Slimes","floor":3,"turns":5},{"damage":1,"enemies":"Exordium Wildlife","floor":5,"turns":5},{"damage":63,"enemies":"Gremlin Nob","floor":6,"turns":5}],"seed_played":"-7812895985509562429","potions_obtained":[{"floor":1,"key":"SpeedPotion"}],"is_trial":false,"path_per_floor":["M","M","M","T","M","E"],"character_chosen":"THE_SILENT","items_purchased":[],"campfire_rested":0,"item_purchase_floors":[],"current_hp_per_floor":[67,52,51,51,50,0,0],"gold":166,"neow_bonus":"BOSS_RELIC","is_daily":false,"chose_seed":false,"campfire_upgraded":0,"win_rate":0.0,"timestamp":1611601393,"path_taken":["M","?","M","?","M","E"],"items_purchased_type":[],"build_version":"2020-12-22","purchased_purges":0,"victory":false,"max_hp_per_floor":[70,70,70,70,70,70,70],"card_choices":[{"not_picked":["Dash+1","Backflip"],"picked":"Tactician","floor":1},{"not_picked":["Dagger Spray+1","Poisoned Stab+1"],"picked":"Backflip","floor":2},{"not_picked":["ReplayTheSpireMod:Necrosis","Toxin Wave"],"picked":"Setup","floor":3},{"not_picked":["PiercingWail","Cloak And Dagger"],"picked":"Concentrate","floor":5}],"player_experience":217467,"relics_obtained":[{"floor":0,"key":"ReplayTheSpireMod:Lightbulb"},{"floor":0,"key":"Molten Egg 2"},{"floor":0,"key":"Shovel"},{"floor":4,"key":"Darkstone Periapt"}],"event_choices":[],"is_beta":false,"boss_relics":[],"items_purged_floors":[],"is_endless":false,"potions_floor_spawned":[1],"killed_by":"Gremlin Nob","ascension_level":1}}