{"host":"rj1j8apb2x4vafcu","time":1611562636,"event":{"mods":["AchievementEnabler","Act Like it!","BaseMod","Colored Map","Colored Powertips","Minty Spire (QoL Compilation)","Rare Cards Sparkle","StSLib"],"gold_per_floor":[117,128,141,159,159,159,171,171,198,211,240,256,256,271,271,366,366,377,377,393,406,68,98,98,98,145,156,156,156,156,175,175,175,175],"floor_reached":33,"language":"ENG","playtime":1422,"items_purged":["Defend_B"],"score":271,"play_id":"64a9bf8a-fbbe-474d-baeb-ce2cf98f8da5","local_time":"20210125061716","is_ascension_mode":false,"campfire_choices":[{"data":"Dualcast","floor":6,"key":"SMITH"},{"data":"Zap","floor":8,"key":"SMITH"},{"floor":15,"key":"REST"},{"data":"Defragment","floor":25,"key":"SMITH"},{"floor":32,"key":"REST"}],"circlet_count":0,"master_deck":["Strike_B","Strike_B","Strike_B+1","Defend_B","Defend_B","Zap+1","Dualcast+1","Go for the Eyes","Gash","Gash","Streamline+1","Genetic Algorithm","Conserve Battery","Ball Lightning","Gash","Beam Cell","Buffer","Conserve Battery","RitualDagger","Go for the Eyes","Go for the Eyes","Capacitor","Defragment+1","Coolheaded","Storm","Barrage"],"relics":["Cracked Core","NeowsBlessing","Centennial Puzzle","Lantern","Busted Crown","Medical Kit","Ancient Tea Set","Orichalcum"],"acts_visited":["Exordium","TheCity"],"potions_floor_usage":[14,16,21,23,33],"damage_taken":[{"damage":0,"enemies":"Jaw Worm","floor":1,"turns":1},{"damage":0,"enemies":"2 Louse","floor":2,"turns":1},{"damage":0,"enemies":"Small Slimes","floor":3,"turns":1},{"damage":7,"enemies":"Red Slaver","floor":4,"turns":4},{"damage":7,"enemies":"Blue Slaver","floor":7,"turns":2},{"damage":5,"enemies":"Large Slime","floor":10,"turns":3},{"damage":28,"enemies":"Lagavulin","floor":11,"turns":5},{"damage":7,"enemies":"2 Fungi Beasts","floor":12,"turns":2},{"damage":0,"enemies":"3 Louse","floor":14,"turns":2},{"damage":10,"enemies":"Slime Boss","floor":16,"turns":6},{"damage":5,"enemies":"Shell Parasite","floor":18,"turns":5},{"damage":6,"enemies":"2 Thieves","floor":20,"turns":4},{"damage":0,"enemies":"Chosen and Byrds","floor":21,"turns":6},{"damage":29,"enemies":"Slavers","floor":23,"turns":5},{"damage":17,"enemies":"Centurion and Healer","floor":27,"turns":6},{"damage":11,"enemies":"Colosseum Slavers","floor":29,"turns":4},{"damage":8,"enemies":"3 Cultists","floor":31,"turns":5},{"damage":59,"enemies":"Automaton","floor":33,"turns":6}],"seed_played":"-4646669162545086462","potions_obtained":[{"floor":10,"key":"Block Potion"},{"floor":12,"key":"AttackPotion"},{"floor":14,"key":"SteroidPotion"},{"floor":18,"key":"Ancient Potion"},{"floor":20,"key":"DuplicationPotion"},{"floor":31,"key":"SneckoOil"}],"is_trial":false,"path_per_floor":["M","M","M","M","?","R","M","R","T","M","E","M","?","M","R","B",null,"M","?","M","M","$","E","?","R","T","M","?","?","?","M","R","B"],"character_chosen":"DEFECT","items_purchased":["Medical Kit","Go for the Eyes","Capacitor"],"campfire_rested":2,"item_purchase_floors":[22,22,22],"current_hp_per_floor":[75,75,75,68,53,53,46,46,46,41,13,6,6,6,28,18,75,70,64,58,58,58,29,29,29,29,12,37,26,26,18,40,0,0],"gold":175,"neow_bonus":"THREE_ENEMY_KILL","is_daily":false,"chose_seed":false,"campfire_upgraded":3,"win_rate":0.0,"timestamp":1611562636,"path_taken":["M","M","M","M","?","R","M","R","T","M","E","M","?","M","R","BOSS","M","?","M","M","$","E","?","R","T","?","?","?","?","M","R","BOSS"],"items_purchased_type":["Relic","Card","Card"],"build_version":"2020-12-22","purchased_purges":1,"victory":false,"max_hp_per_floor":[75,75,75,75,75,75,75,75,75,75,75,75,75,75,75,75,75,75,75,75,75,75,75,75,75,75,75,75,75,75,75,75,75,75],"card_choices":[{"not_picked":["Rebound","Turbo"],"picked":"Go for the Eyes","floor":1},{"not_picked":["Coolheaded","Conserve Battery"],"picked":"Gash","floor":2},{"not_picked":["Leap","Hologram"],"picked":"Gash","floor":3},{"not_picked":["Rip and Tear","Leap"],"picked":"Streamline","floor":4},{"not_picked":["Undo","Coolheaded"],"picked":"Genetic Algorithm","floor":7},{"not_picked":["Reboot","Redo"],"picked":"Conserve Battery","floor":10},{"not_picked":["Double Energy","Blizzard"],"picked":"Ball Lightning","floor":11},{"not_picked":["Sweeping Beam","Tempest"],"picked":"Gash","floor":12},{"not_picked":["Compile Driver","Rip and Tear"],"picked":"Beam Cell","floor":14},{"not_picked":["Creative AI","Amplify"],"picked":"Buffer","floor":16},{"not_picked":[],"picked":"Conserve Battery","floor":18},{"not_picked":["Sweeping Beam"],"picked":"SKIP","floor":20},{"not_picked":[],"picked":"Go for the Eyes","floor":21},{"not_picked":[],"picked":"Defragment","floor":23},{"not_picked":["Rebound"],"picked":"SKIP","floor":27},{"not_picked":[],"picked":"Barrage","floor":31}],"player_experience":118740,"relics_obtained":[{"floor":9,"key":"Centennial Puzzle"},{"floor":11,"key":"Lantern"},{"floor":23,"key":"Ancient Tea Set"},{"floor":26,"key":"Orichalcum"}],"event_choices":[{"damage_healed":0,"gold_gain":0,"player_choice":"Entered Light","damage_taken":15,"max_hp_gain":0,"max_hp_loss":0,"event_name":"Shining Light","floor":5,"gold_loss":0,"cards_upgraded":["Streamline","Strike_B"]},{"damage_healed":0,"gold_gain":0,"player_choice":"Searched \u00271\u0027 times","damage_taken":0,"max_hp_gain":0,"max_hp_loss":0,"event_name":"Dead Adventurer","floor":13,"gold_loss":0},{"damage_healed":0,"gold_gain":0,"player_choice":"Joined the Cult","damage_taken":6,"max_hp_gain":0,"max_hp_loss":0,"event_name":"Nest","floor":19,"gold_loss":0,"cards_obtained":["RitualDagger"]},{"damage_healed":0,"gold_gain":0,"player_choice":"0 cards matched","damage_taken":0,"max_hp_gain":0,"max_hp_loss":0,"event_name":"Match and Keep!","floor":24,"gold_loss":0,"cards_obtained":[]},{"damage_healed":25,"gold_gain":0,"player_choice":"Heal","damage_taken":0,"max_hp_gain":0,"max_hp_loss":0,"event_name":"The Library","floor":28,"gold_loss":0},{"damage_healed":0,"gold_gain":0,"player_choice":"Fight","damage_taken":0,"max_hp_gain":0,"max_hp_loss":0,"event_name":"Colosseum","floor":29,"gold_loss":0},{"damage_healed":0,"gold_gain":0,"player_choice":"Fled From Nobs","damage_taken":0,"max_hp_gain":0,"max_hp_loss":0,"event_name":"Colosseum","floor":29,"gold_loss":0},{"damage_healed":0,"gold_gain":0,"cards_transformed":["Strike_B","Defend_B"],"player_choice":"Became Test Subject","damage_taken":0,"max_hp_gain":0,"max_hp_loss":0,"event_name":"Drug Dealer","floor":30,"gold_loss":0,"cards_obtained":["Coolheaded","Storm"]}],"is_beta":false,"boss_relics":[{"not_picked":["Fusion Hammer","Empty Cage"],"picked":"Busted Crown"}],"items_purged_floors":[22],"is_endless":false,"potions_floor_spawned":[10,12,14,18,20,29,31],"killed_by":"Automaton","ascension_level":0}}