{"host":"1tl36azeqm6yhdgj","time":1611580859,"event":{"mods":["AchievementEnabler","BaseMod","Minty Spire (QoL Compilation)","StSLib","The IronCluck","everything is the same but u backflip on backflip"],"gold_per_floor":[113,113,12,12,23,23,57,74,125,137,168,179,179,211,211,282,332,350,275,291,241,17,17,34,59,59,59,74,74,74],"floor_reached":29,"language":"ENG","playtime":841,"items_purged":[],"score":576,"play_id":"1be7d99a-7227-486f-80ae-b3410f5f7cc6","local_time":"20210125082059","is_ascension_mode":true,"campfire_choices":[{"data":"Headbutt","floor":13.0,"key":"SMITH"},{"data":"Bash","floor":15.0,"key":"SMITH"},{"data":"Seeing Red","floor":23,"key":"SMITH"},{"floor":27,"key":"REST"}],"circlet_count":0,"master_deck":["AscendersBane","Strike_R+1","Strike_R+1","Strike_R","Defend_R","Defend_R+1","Defend_R","Defend_R+1","Bash+1","Thunderclap","Fire Breathing+1","Metallicize","Flame Barrier","Headbutt+1","Reckless Charge","Clothesline","Feed","Seeing Red+1","Uppercut","Iron Wave","Juggernaut","Pommel Strike+1"],"relics":["Burning Blood","NeowsBlessing","PreservedInsect","Pear","Lantern","InkBottle","Nunchaku","Tiny House","Bronze Scales","Bird Faced Urn","Ornamental Fan"],"acts_visited":["Exordium","TheCity"],"potions_floor_usage":[18,25,25,28],"damage_taken":[{"damage":0.0,"enemies":"2 Louse","floor":1.0,"turns":1.0},{"damage":0.0,"enemies":"Cultist","floor":5.0,"turns":1.0},{"damage":0.0,"enemies":"Lagavulin","floor":7.0,"turns":2.0},{"damage":0.0,"enemies":"Jaw Worm","floor":8.0,"turns":4.0},{"damage":7.0,"enemies":"Large Slime","floor":10.0,"turns":4.0},{"damage":7.0,"enemies":"3 Sentries","floor":11.0,"turns":5.0},{"damage":6.0,"enemies":"2 Fungi Beasts","floor":12.0,"turns":4.0},{"damage":25.0,"enemies":"Lagavulin","floor":14.0,"turns":5.0},{"damage":46.0,"enemies":"Hexaghost","floor":16.0,"turns":11.0},{"damage":32,"enemies":"Spheric Guardian","floor":18,"turns":5},{"damage":10,"enemies":"3 Byrds","floor":20,"turns":5},{"damage":8,"enemies":"Snecko","floor":24,"turns":4},{"damage":53,"enemies":"Slavers","floor":25,"turns":5},{"damage":36,"enemies":"Cultist and Chosen","floor":28,"turns":7},{"damage":17,"enemies":"Shelled Parasite and Fungi","floor":29,"turns":2}],"seed_played":"-8047367450895978803","potions_obtained":[{"floor":5.0,"key":"EssenceOfSteel"},{"floor":7.0,"key":"PowerPotion"},{"floor":8.0,"key":"AttackPotion"},{"floor":12.0,"key":"BlessingOfTheForge"},{"floor":16.0,"key":"PowerPotion"},{"floor":17.0,"key":"BloodPotion"},{"floor":25,"key":"ColorlessPotion"}],"is_trial":false,"path_per_floor":["M","?","$","T","M","?","E","M","T","M","E","M","R","E","R","B",null,"M","?","M","?","$","R","M","E","T","R","M","M"],"character_chosen":"IRONCLAD","items_purchased":["Fire Breathing","BlessingOfTheForge","Bronze Scales","Energy Potion"],"campfire_rested":1,"item_purchase_floors":[3,3,22,22],"current_hp_per_floor":[74,74,74,74,75,52,68,74,74,73,72,72,72,53,53,13,72,49,49,45,45,45,45,43,14,14,41,15,0,0],"gold":74,"neow_bonus":"THREE_ENEMY_KILL","is_daily":false,"chose_seed":false,"campfire_upgraded":3,"win_rate":0.0,"timestamp":1611580859,"path_taken":["M","?","?","?","M","?","E","M","T","M","E","M","R","E","R","BOSS","M","?","M","?","$","R","M","E","T","R","M","M"],"items_purchased_type":["Card","Potion","Relic","Potion"],"build_version":"2020-12-22","purchased_purges":0,"victory":false,"max_hp_per_floor":[75,75,75,75,75,75,85,85,85,85,85,85,85,85,85,85,90,93,93,93,93,93,93,93,93,93,93,93,93,93],"card_choices":[{"not_picked":["Pommel Strike","Sword Boomerang"],"picked":"Thunderclap","floor":1.0},{"not_picked":["Clothesline","Wild Strike"],"picked":"Metallicize","floor":5.0},{"not_picked":["Headbutt","Hemokinesis"],"picked":"Flame Barrier","floor":7.0},{"not_picked":["Iron Wave","Fire Breathing","Power Through"],"picked":"SKIP","floor":8.0},{"not_picked":["Twin Strike","True Grit"],"picked":"Headbutt","floor":10.0},{"not_picked":["Evolve","Body Slam"],"picked":"Reckless Charge","floor":11.0},{"not_picked":["Shrug It Off","Dark Embrace"],"picked":"Clothesline","floor":12.0},{"not_picked":["Clash","Clothesline","Heavy Blade"],"picked":"SKIP","floor":14.0},{"not_picked":["Double Tap","Barricade"],"picked":"Feed","floor":16.0},{"not_picked":["Carnage","Body Slam"],"picked":"Seeing Red","floor":17.0},{"not_picked":["Bloodletting","Headbutt"],"picked":"Uppercut","floor":18},{"not_picked":["Reckless Charge","Warcry"],"picked":"Iron Wave","floor":20},{"not_picked":["Sentinel","Perfected Strike","True Grit"],"picked":"SKIP","floor":24},{"not_picked":["Thunderclap","Rupture"],"picked":"Juggernaut","floor":25},{"not_picked":["Twin Strike","Body Slam"],"picked":"Pommel Strike+1","floor":28}],"player_experience":2037913,"relics_obtained":[{"floor":4.0,"key":"PreservedInsect"},{"floor":7.0,"key":"Pear"},{"floor":9.0,"key":"Lantern"},{"floor":11.0,"key":"InkBottle"},{"floor":14.0,"key":"Nunchaku"},{"floor":25,"key":"Bird Faced Urn"},{"floor":26,"key":"Ornamental Fan"}],"event_choices":[{"cards_removed":["Strike_R"],"damage_healed":0.0,"max_hp_gain":0.0,"max_hp_loss":0.0,"gold_gain":0.0,"event_name":"Purifier","player_choice":"Purged","floor":2.0,"gold_loss":0.0,"damage_taken":0.0},{"damage_healed":0.0,"max_hp_gain":0.0,"max_hp_loss":0.0,"gold_gain":0.0,"event_name":"Shining Light","player_choice":"Entered Light","floor":6.0,"gold_loss":0.0,"damage_taken":23.0,"cards_upgraded":["Defend_R","Strike_R"]},{"cards_removed":["Strike_R"],"damage_healed":0,"gold_gain":0,"player_choice":"Gave Gold","damage_taken":0,"max_hp_gain":0,"max_hp_loss":0,"event_name":"Beggar","floor":19,"gold_loss":75},{"damage_healed":0,"gold_gain":0,"player_choice":"Upgraded Two","damage_taken":0,"max_hp_gain":0,"max_hp_loss":0,"event_name":"Designer","floor":21,"gold_loss":50,"cards_upgraded":["Strike_R","Fire Breathing"]}],"is_beta":false,"boss_relics":[{"not_picked":["Runic Pyramid","Cursed Key"],"picked":"Tiny House"}],"items_purged_floors":[],"is_endless":false,"potions_floor_spawned":[5,7,8,12,16,24,25],"killed_by":"Shelled Parasite and Fungi","ascension_level":20}}