{"host":"rb2p2z6v6vieend5","time":1611613520,"event":{"mods":["BaseMod","Block Reminder","Colored Map","DeckTracker","Highlight Path","Minty Spire (QoL Compilation)","Random Character Button","Relic Stats"],"gold_per_floor":[113,113,113,134,36,36,71,90,90,90,45,45,69,89,89,185,185,210,254,279,279,279,279,303,303,303,318,341,366,386,386,386,386,386],"floor_reached":33,"language":"ENG","playtime":1554,"items_purged":["Strike_R"],"score":477,"play_id":"e419c1d7-cb98-4a30-bc4a-fe5021077d23","local_time":"20210125232520","is_ascension_mode":true,"campfire_choices":[{"data":"Rampage","floor":6,"key":"SMITH"},{"data":"True Grit","floor":10,"key":"SMITH"},{"data":"Bash","floor":12,"key":"SMITH"},{"data":"Double Tap","floor":15,"key":"SMITH"},{"data":"Iron Wave","floor":23,"key":"SMITH"},{"data":"Shrug It Off","floor":25,"key":"SMITH"},{"data":"Offering","floor":32,"key":"SMITH"}],"circlet_count":0,"master_deck":["AscendersBane","Bash+1","Rampage+1","True Grit+1","Shrug It Off","Double Tap+1","Headbutt","Offering+1","Inflame+1","Clothesline","Infernal Blade","Wild Strike","Spot Weakness","Whirlwind+1","Dual Wield","Iron Wave+1","Ghostly","Ghostly","Ghostly","Ghostly","Ghostly","Shrug It Off+1","Shrug It Off"],"relics":["Burning Blood","NeowsBlessing","Golden Idol","Shuriken","Frozen Egg 2","Pandora\u0027s Box","Red Mask","Pantograph","Regal Pillow"],"acts_visited":["Exordium","TheCity"],"potions_floor_usage":[16,24,29,33],"damage_taken":[{"damage":0,"enemies":"Small Slimes","floor":1,"turns":1},{"damage":0,"enemies":"Jaw Worm","floor":4,"turns":1},{"damage":0,"enemies":"3 Sentries","floor":7,"turns":2},{"damage":0,"enemies":"Cultist","floor":8,"turns":3},{"damage":12,"enemies":"Looter","floor":11,"turns":5},{"damage":13,"enemies":"Exordium Wildlife","floor":13,"turns":4},{"damage":11,"enemies":"3 Louse","floor":14,"turns":6},{"damage":42,"enemies":"Hexaghost","floor":16,"turns":5},{"damage":17,"enemies":"Spheric Guardian","floor":18,"turns":3},{"damage":37,"enemies":"Masked Bandits","floor":19,"turns":4},{"damage":11,"enemies":"Shell Parasite","floor":20,"turns":6},{"damage":5,"enemies":"Cultist and Chosen","floor":24,"turns":6},{"damage":11,"enemies":"Snake Plant","floor":27,"turns":6},{"damage":3,"enemies":"Sentry and Sphere","floor":28,"turns":6},{"damage":4,"enemies":"Snecko","floor":29,"turns":6},{"damage":9,"enemies":"Snake Plant","floor":30,"turns":5},{"damage":45,"enemies":"Champ","floor":33,"turns":10}],"seed_played":"-7462662764872149076","potions_obtained":[{"floor":1,"key":"DistilledChaos"},{"floor":14,"key":"Regen Potion"},{"floor":20,"key":"Explosive Potion"},{"floor":24,"key":"Fruit Juice"},{"floor":29,"key":"HeartOfIron"}],"is_trial":false,"path_per_floor":["M","?","?","M","$","R","E","M","T","R","M","R","M","M","R","B",null,"M","?","M","?","?","R","M","R","T","M","M","M","M","?","R","B"],"character_chosen":"IRONCLAD","items_purchased":["Shrug It Off"],"campfire_rested":0,"item_purchase_floors":[5],"current_hp_per_floor":[78,58,51,57,57,57,63,69,69,69,63,63,56,51,51,29,67,56,25,20,20,20,20,21,21,21,16,19,26,23,23,23,0,0],"gold":386,"neow_bonus":"THREE_ENEMY_KILL","is_daily":false,"chose_seed":false,"campfire_upgraded":7,"win_rate":0.0,"timestamp":1611613520,"path_taken":["M","?","?","M","?","R","E","M","T","R","M","R","?","M","R","BOSS","M","?","M","?","?","R","M","R","T","M","M","M","?","?","R","BOSS"],"items_purchased_type":["Card"],"build_version":"2020-12-22","purchased_purges":1,"victory":false,"max_hp_per_floor":[80,80,80,80,80,80,80,80,80,80,80,80,80,80,80,80,80,80,80,80,40,40,40,40,40,40,40,40,45,45,45,45,45,45],"relic_stats":{"Regal Pillow":0,"counters":[17,79],"Golden Idol":84,"Shuriken":[10],"Pantograph":22,"Pandora\u0027s Box":["Inflame","Clothesline","Infernal Blade","Wild Strike","Spot Weakness","Whirlwind","Dual Wield"],"obtain_stats":[{"Regal Pillow":31,"NeowsBlessing":0,"Golden Idol":2,"Shuriken":7,"Pantograph":26,"Pandora\u0027s Box":17,"Red Mask":19,"Frozen Egg 2":9,"Burning Blood":0},{"Regal Pillow":16,"NeowsBlessing":0,"Golden Idol":1,"Shuriken":3,"Pantograph":12,"Pandora\u0027s Box":8,"Red Mask":10,"Frozen Egg 2":4,"Burning Blood":0},{"Regal Pillow":69,"NeowsBlessing":0,"Golden Idol":1,"Shuriken":4,"Pantograph":46,"Pandora\u0027s Box":27,"Red Mask":34,"Frozen Egg 2":7,"Burning Blood":0}],"Burning Blood":96},"card_choices":[{"not_picked":["Reckless Charge","True Grit"],"picked":"Rampage","floor":1},{"not_picked":["Infernal Blade","Rampage"],"picked":"True Grit","floor":4},{"not_picked":["Dual Wield","Clash"],"picked":"Double Tap","floor":7},{"not_picked":["Anger","Heavy Blade","Flex"],"picked":"SKIP","floor":8},{"not_picked":["Uppercut","Armaments"],"picked":"Headbutt","floor":11},{"not_picked":["Sword Boomerang","Barricade+1","Wild Strike"],"picked":"SKIP","floor":13},{"not_picked":["Havoc","Twin Strike","Combust+1"],"picked":"SKIP","floor":14},{"not_picked":["Bludgeon","Double Tap"],"picked":"Offering","floor":16},{"not_picked":["Disarm","Seeing Red","Havoc+1"],"picked":"SKIP","floor":18},{"not_picked":["Clash+1","Whirlwind"],"picked":"Iron Wave","floor":20},{"not_picked":["Wild Strike","Havoc"],"picked":"Shrug It Off","floor":24},{"not_picked":["Reckless Charge","Armaments","Barricade+1"],"picked":"SKIP","floor":27},{"not_picked":["Warcry","Sword Boomerang"],"picked":"Shrug It Off","floor":28},{"not_picked":["Intimidate","Searing Blow","Combust+1"],"picked":"SKIP","floor":29},{"not_picked":["Pommel Strike","Disarm","Carnage"],"picked":"SKIP","floor":30}],"player_experience":618873,"relics_obtained":[{"floor":7,"key":"Shuriken"},{"floor":9,"key":"Frozen Egg 2"},{"floor":19,"key":"Red Mask"},{"floor":26,"key":"Pantograph"}],"event_choices":[{"damage_healed":0,"gold_gain":0,"player_choice":"Take Damage","damage_taken":20,"relics_obtained":["Golden Idol"],"max_hp_gain":0,"max_hp_loss":0,"event_name":"Golden Idol","floor":2,"gold_loss":0},{"cards_removed":["Strike_R"],"damage_healed":0,"gold_gain":0,"player_choice":"Card Removal","damage_taken":7,"max_hp_gain":0,"max_hp_loss":0,"event_name":"Golden Wing","floor":3,"gold_loss":0},{"damage_healed":0,"gold_gain":0,"player_choice":"Fought Bandits","damage_taken":0,"max_hp_gain":0,"max_hp_loss":0,"event_name":"Masked Bandits","floor":19,"gold_loss":0},{"damage_healed":0,"gold_gain":0,"player_choice":"Became a Ghost","damage_taken":0,"max_hp_gain":0,"max_hp_loss":40,"event_name":"Ghosts","floor":21,"gold_loss":0,"cards_obtained":["Ghostly","Ghostly","Ghostly","Ghostly","Ghostly"]},{"damage_healed":0,"gold_gain":0,"player_choice":"Upgraded","damage_taken":0,"max_hp_gain":0,"max_hp_loss":0,"event_name":"Upgrade Shrine","floor":22,"gold_loss":0,"cards_upgraded":["Whirlwind"]},{"damage_healed":0,"gold_gain":0,"player_choice":"Opened","damage_taken":0,"relics_obtained":["Regal Pillow"],"max_hp_gain":0,"max_hp_loss":0,"event_name":"The Mausoleum","floor":31,"gold_loss":0}],"is_beta":false,"boss_relics":[{"not_picked":["Black Star","Fusion Hammer"],"picked":"Pandora\u0027s Box"}],"items_purged_floors":[5],"is_endless":false,"potions_floor_spawned":[1,14,20,24,29,30],"killed_by":"Champ","ascension_level":13}}