{"host":"63o2iqaaus9jfjk5","time":1611542248,"event":{"mods":["BaseMod","Better Altar","Better Match","Better Note","Better Sensory Stone","Better Skull","Better Third Choice","Better Vampires","Better-Laid Plans","BetterRewards","Block Reminder","Colored Powertips","Curses Come First","Displayed Cursed Tome","Glutton Mod","Gremlin Mod","JesterMod","Jorbs\u0027s Wanderer Trilogy","Mad Scientist","Marked Mod","Minty Spire (QoL Compilation)","RNG Fix","Red Circlet Mod","Retaliation","Shade Mod","Somnambulant","StSLib","The Construct","The Florist","The Necromancer","The Runesmith","The Sage","The Servant 0.9.4","The Showman","The Trickster","TheHeartMod","Unceasing Turn Reminder"],"gold_per_floor":[114,133,144,162,162,162,180,180,205,224,274,274,324,354,354,455,455,475,525,501,512,25,25,25,25],"floor_reached":24,"language":"ENG","playtime":1832,"items_purged":[],"score":196,"play_id":"f0798b84-0d98-418a-9c5f-c80c9c2886e8","local_time":"20210124203728","is_ascension_mode":false,"campfire_choices":[{"floor":6,"key":"REST"},{"data":"construct:ReactiveShield","floor":8,"key":"SMITH"},{"floor":12,"key":"REST"},{"floor":15,"key":"REST"},{"floor":23,"key":"REST"}],"circlet_count":0,"master_deck":["construct:Strike_Gold","construct:Strike_Gold","construct:Strike_Gold","construct:Strike_Gold","construct:Strike_Gold","construct:Defend_Gold","construct:Defend_Gold","construct:Defend_Gold","construct:Defend_Gold","construct:Defend_Gold","construct:AttackMode","construct:DefenseMode","construct:ReactiveShield+1","construct:SuppressiveFire","construct:ClusterMines","construct:Anticipate","construct:VentSteam","construct:FierceBash","construct:Backup","construct:MemoryTap","construct:ScopeCore","Body Slam+1","construct:Reinforce","construct:Autoturret","construct:ElectricArmor+1","construct:Autoturret"],"relics":["construct:Cogwheel","NeowsBlessing","SsserpentHead","Omamori","construct:BoolHorns","sagemod:Singing_Vial","SlaversCollar","Blood Vial","Shovel"],"acts_visited":["Exordium","TheCity"],"potions_floor_usage":[3,16,16,18,21],"damage_taken":[{"damage":0,"enemies":"Jaw Worm","floor":1,"turns":1},{"damage":0,"enemies":"Small Slimes","floor":2,"turns":2},{"damage":0,"enemies":"2 Louse","floor":3,"turns":1},{"damage":31,"enemies":"Gremlin Gang","floor":4,"turns":5},{"damage":6,"enemies":"2 Fungi Beasts","floor":7,"turns":4},{"damage":8,"enemies":"Red Slaver","floor":10,"turns":5},{"damage":49,"enemies":"Gremlin Nob","floor":14,"turns":5},{"damage":43,"enemies":"The Guardian","floor":16,"turns":12},{"damage":30,"enemies":"3 Byrds","floor":18,"turns":7},{"damage":33,"enemies":"Shell Parasite","floor":21,"turns":6},{"damage":57,"enemies":"Book of Stabbing","floor":24,"turns":5}],"seed_played":"-1928083755530963217","potions_obtained":[{"floor":3,"key":"Fruit Juice"},{"floor":7,"key":"LiquidMemories"},{"floor":10,"key":"Swift Potion"},{"floor":16,"key":"Fire Potion"},{"floor":18,"key":"Energy Potion"}],"is_trial":false,"path_per_floor":["M","M","M","M","?","R","M","R","T","M","?","R","T","E","R","B",null,"M","?","$","M","$","R","E"],"character_chosen":"THE_CONSTRUCT_MOD","items_purchased":["construct:Reinforce","construct:Autoturret","Blood Vial","Shovel","construct:Autoturret"],"campfire_rested":4,"item_purchase_floors":[20,20,22,22,22],"current_hp_per_floor":[85,85,90,59,59,86,80,80,80,72,72,90,90,41,68,25,90,60,60,60,27,27,54,0,0],"gold":25,"neow_bonus":"THREE_ENEMY_KILL","is_daily":false,"chose_seed":false,"campfire_upgraded":1,"win_rate":0.0,"timestamp":1611542248,"path_taken":["M","?","M","M","?","R","M","R","T","M","?","R","?","E","R","BOSS","M","?","?","M","$","R","E"],"items_purchased_type":["Card","Card","Relic","Relic","Card"],"build_version":"2020-12-22","purchased_purges":0,"victory":false,"max_hp_per_floor":[85,85,90,90,90,90,90,90,90,90,90,90,90,90,90,90,90,90,90,90,90,90,90,90,90],"card_choices":[{"not_picked":["construct:Versatility","construct:FocusedBeam"],"picked":"construct:ReactiveShield","floor":1},{"not_picked":["construct:Impenetrable","construct:SweepLaser"],"picked":"construct:SuppressiveFire","floor":2},{"not_picked":["construct:Backup","construct:ShiftStrike"],"picked":"construct:ClusterMines","floor":3},{"not_picked":["construct:MetalShell","construct:SweepLaser"],"picked":"construct:Anticipate","floor":4},{"not_picked":["construct:HastyRepair","construct:ScrapCannon"],"picked":"construct:VentSteam","floor":7},{"not_picked":["construct:Reinforce","construct:Autoturret"],"picked":"construct:FierceBash","floor":10},{"not_picked":["construct:ScrapCannon","construct:Anticipate"],"picked":"construct:Backup","floor":14},{"not_picked":["construct:HastyRepair","construct:LongRangeLance"],"picked":"construct:MemoryTap","floor":16},{"not_picked":["construct:Accumulate","construct:BatteryAcid"],"picked":"construct:ScopeCore","floor":18},{"not_picked":["construct:SaveState","construct:OneWayMirror"],"picked":"construct:ElectricArmor+1","floor":21}],"player_experience":115526,"relics_obtained":[{"floor":9,"key":"Omamori"},{"floor":13,"key":"construct:BoolHorns"},{"floor":14,"key":"sagemod:Singing_Vial"}],"event_choices":[{"damage_healed":0,"gold_gain":0,"player_choice":"Trade","damage_taken":0,"relics_obtained":["SsserpentHead"],"max_hp_gain":0,"max_hp_loss":0,"event_name":"FaceTrader","floor":5,"gold_loss":0},{"damage_healed":0,"gold_gain":0,"player_choice":"Ignored","damage_taken":274,"max_hp_gain":0,"max_hp_loss":0,"event_name":"betterThird:BetterSerpent","floor":11,"gold_loss":0},{"cards_removed":["construct:MemoryTap"],"damage_healed":0,"gold_gain":0,"player_choice":"Take \u0026 Give","damage_taken":0,"max_hp_gain":0,"max_hp_loss":0,"event_name":"betterNote:BetterNote","floor":19,"gold_loss":0,"cards_obtained":["Body Slam"]}],"is_beta":false,"boss_relics":[{"not_picked":["Snecko Eye","Runic Dome"],"picked":"SlaversCollar"}],"items_purged_floors":[],"is_endless":false,"potions_floor_spawned":[3,7,10,16,18],"killed_by":"Book of Stabbing","ascension_level":0}}