{"host":"bhbf7zxbh2qxgvbr","time":1611580676,"event":{"mods":["BaseMod","Chen","Friendly Minions","Marisa£®ÏF”Í°°ƒß¿Ì…≥£©","Minty Spire (QoL Compilation)","Quick Restart","Reimu£®≤©¿ˆ¡È√Œ£©","Remilia£®¿Ÿ√◊¿Ú—«£©","StSLib","The Administrix","The Servant 0.9.4","Youmu£®ªÍ∆«—˝√Œ£©"],"gold_per_floor":[111,111,36,36,36,70,70,87,114,148,148,148,173,247,247,247,247],"floor_reached":16,"language":"ZHS","playtime":398,"items_purged":["Strike_MRS"],"score":127,"play_id":"25f7cfac-1d5b-4805-ac99-18c2c8b5bcfe","local_time":"20210125211756","is_ascension_mode":true,"campfire_choices":[{"data":"TreasureHunter","floor":7.0,"key":"SMITH"},{"floor":12,"key":"REST"},{"floor":15,"key":"REST"}],"circlet_count":0,"master_deck":["Strike_MRS","Strike_MRS","Strike_MRS","Defend_MRS","Defend_MRS","Defend_MRS","MasterSpark","UpSweep","TreasureHunter+1","AsteroidBelt"],"relics":["MiniHakkero","PreservedInsect","Strawberry","Du-Vu Doll","Boot","Orichalcum","Golden Idol"],"acts_visited":["Exordium"],"potions_floor_usage":[10,16],"damage_taken":[{"damage":0.0,"enemies":"2 Louse","floor":1.0,"turns":2.0},{"damage":45.0,"enemies":"3 Sentries","floor":6.0,"turns":10.0},{"damage":4.0,"enemies":"Small Slimes","floor":8.0,"turns":3.0},{"damage":25,"enemies":"Lagavulin","floor":10,"turns":7},{"damage":7,"enemies":"Jaw Worm","floor":13,"turns":2},{"damage":60,"enemies":"Slime Boss","floor":16,"turns":6}],"seed_played":"2886937062678295416","potions_obtained":[{"floor":1.0,"key":"CultistPotion"},{"floor":10,"key":"SneckoOil"}],"is_trial":false,"path_per_floor":["M","?","$","?","$","E","R","M","T","E","?","R","M","?","R","B"],"character_chosen":"MARISA","items_purchased":[],"campfire_rested":2,"item_purchase_floors":[],"current_hp_per_floor":[75,68,68,68,68,30,30,26,26,1,1,23,16,16,38,0,0],"gold":247,"neow_bonus":"ONE_RANDOM_RARE_CARD","is_daily":false,"chose_seed":false,"campfire_upgraded":1,"win_rate":0.0,"timestamp":1611580676,"path_taken":["M","?","$","?","$","E","R","?","T","E","?","R","M","?","R","BOSS"],"items_purchased_type":[],"build_version":"2020-12-22","purchased_purges":1,"victory":false,"max_hp_per_floor":[75,75,75,75,75,82,82,82,82,82,76,76,76,76,76,76,76],"card_choices":[{"not_picked":["Occultation","UnstableBomb","OneTimeOff"],"picked":"SKIP","floor":1.0},{"not_picked":["GravityBeat","Acceleration","StarDustReverie"],"picked":"SKIP","floor":6.0},{"not_picked":["ManaConvection","OrrerysSun","NonDirectionalLaser"],"picked":"SKIP","floor":8.0},{"not_picked":["UnstableBomb","GrandCross","DoubleSpark"],"picked":"SKIP","floor":10},{"not_picked":["PropBag","ShootingEcho"],"picked":"AsteroidBelt","floor":13}],"player_experience":373211,"relics_obtained":[{"floor":6.0,"key":"Strawberry"},{"floor":6.0,"key":"Du-Vu Doll"},{"floor":9.0,"key":"Boot"},{"floor":10,"key":"Orichalcum"}],"event_choices":[{"damage_healed":0.0,"max_hp_gain":0.0,"max_hp_loss":0.0,"gold_gain":0.0,"event_name":"Scrap Ooze","player_choice":"Success","floor":2.0,"gold_loss":0.0,"damage_taken":7.0,"relics_obtained":["PreservedInsect"]},{"cards_removed":["Defend_MRS"],"damage_healed":0.0,"max_hp_gain":0.0,"max_hp_loss":0.0,"gold_gain":0.0,"event_name":"Living Wall","player_choice":"Forget","floor":4.0,"gold_loss":0.0,"damage_taken":0.0},{"damage_healed":0,"gold_gain":0,"player_choice":"Lose Max HP","damage_taken":0,"relics_obtained":["Golden Idol"],"max_hp_gain":0,"max_hp_loss":6,"event_name":"Golden Idol","floor":11,"gold_loss":0},{"damage_healed":0,"gold_gain":74,"player_choice":"Gained Gold","damage_taken":0,"max_hp_gain":0,"max_hp_loss":0,"event_name":"Golden Wing","floor":14,"gold_loss":0}],"is_beta":false,"boss_relics":[],"items_purged_floors":[3],"is_endless":false,"potions_floor_spawned":[1,10],"killed_by":"Slime Boss","ascension_level":4}}