{"host":"dd2mx3pm3ovi0t1n","time":1611572274,"event":{"mods":["2.2 Compatiblity","AchievementEnabler","AlwaysNeverKeys","Aspiration","BaseMod","Beaked The Cultist","Better Altar","Better Match","Better Note","Better Sensory Stone","Better Skull","Better Third Choice","BetterRewards","Colored Map","Colored Powertips","Conspire","Defuse TimeMaze Blight","Displayed Cursed Tome","Downfall","Energized Spire","Friendly Minions","GifTheSpireLib","Gold Saver","Halation","Hermit","Highlight Path","Hubris","Infinite Spire","Jedi Mod","Marked Mod","Minty Spire (QoL Compilation)","Permanent Neow","Poor People Problems","Quick Restart","Reliquary","Replay The Spire","Shop Mod","Spicy Shops","Spikes Relics","StSLib","Stuff the Spire","TestMod","The Construct","TheFirefly","Uncapped","Wandering Minibosses","????"],"gold_per_floor":[123,150,162,179,19,48,48,80,80,98,130,130,257,257,31,126,126,142,142,83,83,83,110,110,139,139,159,187,187,187,202,202,302,302,320,245,245,264,264,289,216,231,231,263,624,624,650,650,650,0,0],"floor_reached":50,"language":"ENG","playtime":2835,"items_purged":[],"score":917,"play_id":"0d89886d-8b5b-4c44-94fd-b1b9610a003f","local_time":"20210125025754","is_ascension_mode":true,"campfire_choices":[{"data":"Prepared","floor":7,"key":"SMITH"},{"data":"ReplayTheSpireMod:Scrap Shanks","floor":24,"key":"SMITH"},{"floor":30,"key":"REST"},{"floor":32,"key":"REST"},{"data":"Accuracy","floor":46,"key":"SMITH"},{"floor":49,"key":"DIG"}],"circlet_count":0,"master_deck":["conspire:GhostlyStrike","conspire:GhostlyStrike","conspire:GhostlyStrike","conspire:GhostlyStrike","conspire:GhostlyStrike","conspire:GhostlyDefend","conspire:GhostlyDefend","conspire:GhostlyDefend","conspire:GhostlyDefend","Survivor","Neutralize","Hidden Blade","Slice","ReplayTheSpireMod:Scrap Shanks+1","Prepared+1","StuffTheSpire:Injection","Poison Darts","Accuracy+1","jedi:studyshivs+1","hubris:SlightOfHand","jedi:collectorvenom","Deadly Poison+1","jedi:brewingpoison","Secret Weapon"],"relics":["Ring of the Snake","testmod-TestBox","testmod-TimeTraveler","hubris:RunicObelisk","reliquary:RadioactivePellet","Simple Rune","Unceasing Top","halation:Toothbrush","SnailShell","testmod-IndustrialRevolution","Question Card","Iron Hammer","MerchantsRug","aspiration:PoetsPen","reliquary:Knoch","ReplayTheSpireMod:Shallot","Omamori","Lantern","aspiration:BeakedSkillbook","jedi:windupbox","Ring of the Serpent","Rawhide","testmod-OneHitWonder","infinitespire:Satchel","halation:AfternoonTea","wanderingMiniBosses:LockLocket","Basket Of Snakes","testmod-CrystalShield"],"acts_visited":["Exordium","TheCity","TheBeyond"],"potions_floor_usage":[6,8],"damage_taken":[{"damage":0,"enemies":"Cultist","floor":1,"turns":4},{"damage":0,"enemies":"Jaw Worm","floor":3,"turns":3},{"damage":0,"enemies":"Small Slimes","floor":4,"turns":4},{"damage":14,"enemies":"Gremlin Nob","floor":6,"turns":3},{"damage":18,"enemies":"Lagavulin","floor":8,"turns":4},{"damage":0,"enemies":"2 Fungi Beasts","floor":10,"turns":3},{"damage":0,"enemies":"Gremlin Nob","floor":11,"turns":3},{"damage":0,"enemies":"Blue Slaver","floor":13,"turns":6},{"damage":0,"enemies":"Slime Boss","floor":16,"turns":7},{"damage":9,"enemies":"Chosen","floor":18,"turns":2},{"damage":0,"enemies":"Nightmare","floor":23,"turns":4},{"damage":15,"enemies":"conspire:SneckoGhost","floor":25,"turns":2},{"damage":0,"enemies":"Spheric Guardian","floor":27,"turns":3},{"damage":43,"enemies":"Slavers","floor":28,"turns":3},{"damage":0,"enemies":"Centurion and Healer","floor":31,"turns":4},{"damage":31,"enemies":"Collector","floor":33,"turns":4},{"damage":8,"enemies":"3 Darklings","floor":35,"turns":4},{"damage":8,"enemies":"Orb Walker","floor":38,"turns":2},{"damage":2,"enemies":"R_Hoarder","floor":40,"turns":5},{"damage":0,"enemies":"Spire Growth","floor":42,"turns":2},{"damage":0,"enemies":"Giant Head","floor":44,"turns":4},{"damage":11,"enemies":"4 Shapes","floor":45,"turns":3},{"damage":6,"enemies":"R_Hoarder","floor":47,"turns":4},{"damage":50,"enemies":"infinitespire:MassOfShapes","floor":50,"turns":4}],"seed_played":"-2365522567856499407","potions_obtained":[{"floor":3,"key":"FearPotion"},{"floor":4,"key":"Fire Potion"},{"floor":8,"key":"Energy Potion"},{"floor":10,"key":"BlessingOfTheForge"},{"floor":28,"key":"LifebloodPotion"}],"is_trial":false,"path_per_floor":["M","T","M","M","$","E","R","E","T","M","E","?","M","?","R","B",null,"M","?","$","?","?","NM","R","E","T","M","E","?","R","M","R","B",null,"M","?","?","M","AVR","E","R","M","T","E","M","R","E","?","R_BF","B"],"character_chosen":"THE_SILENT","items_purchased":["Unceasing Top","ReplayTheSpireMod:Scrap Shanks","MerchantsRug","Poison Darts","Accuracy","hubris:SlightOfHand","testmod-OneHitWonder"],"campfire_rested":2,"item_purchase_floors":[5,5,15,15,15,20,41],"current_hp_per_floor":[70,70,70,70,70,56,56,38,38,38,38,38,38,38,38,38,70,61,64,64,64,76,76,76,61,61,61,18,18,40,40,62,31,76,68,68,68,60,60,58,58,58,58,58,47,47,41,41,41,1,1],"gold":0,"neow_bonus":"DOUBLE_BOSS_RELIC","is_daily":false,"chose_seed":false,"campfire_upgraded":3,"win_rate":0.0,"timestamp":1611572274,"path_taken":["M","?","M","M","$","E","R","E","T","M","E","?","?","?","R","BOSS","M","?","$","?","?","NM","R","E","T","?","E","?","R","M","R","BOSS","M","?","?","M","AVR","E","R","M","T","E","M","R","E","?","R_BF","BOSS"],"items_purchased_type":["Relic","Card","Relic","Card","Card","Card","Relic"],"build_version":"2020-12-22","purchased_purges":0,"victory":false,"max_hp_per_floor":[70,70,70,70,70,70,70,70,70,70,70,70,70,70,70,70,70,70,73,73,73,76,76,76,76,76,76,76,76,76,76,76,76,76,76,76,76,76,76,76,76,76,76,76,76,76,76,76,76,76,76],"card_choices":[{"not_picked":["PiercingWail","Outmaneuver","Quick Slash"],"picked":"SKIP","floor":1},{"not_picked":["Distraction","Quick Slash"],"picked":"Hidden Blade","floor":3},{"not_picked":["ReplayTheSpireMod:Tripwire","Dagger Throw"],"picked":"Slice","floor":4},{"not_picked":["StuffTheSpire:Repulse","ReplayTheSpireMod:Exploit Weakness"],"picked":"Prepared","floor":6},{"not_picked":["StuffTheSpire:BumpUp","Sucker Punch","Phantasmal Killer"],"picked":"SKIP","floor":8},{"not_picked":["Blur","Caltrops"],"picked":"StuffTheSpire:Injection","floor":10},{"not_picked":["StuffTheSpire:BumpUp","hubris:Counter","hubris:SlightOfHand"],"picked":"SKIP","floor":11},{"not_picked":["Choke","hubris:Sniper","Endless Agony","Hidden Blade"],"picked":"SKIP","floor":13},{"not_picked":["A Thousand Cuts","Doppelganger","Phantasmal Killer"],"picked":"jedi:studyshivs","floor":16},{"not_picked":["StuffTheSpire:Injection+1","StuffTheSpire:MirrorStance","StuffTheSpire:BumpUp","Flying Knee"],"picked":"SKIP","floor":18},{"not_picked":["Heel Hook","PiercingWail","Deflect","StuffTheSpire:Python"],"picked":"SKIP","floor":23},{"not_picked":["Deadly Poison","Flying Knee","Predator"],"picked":"jedi:collectorvenom","floor":25},{"not_picked":["ReplayTheSpireMod:Shiv Toss+1","Tactician","Bane","Acrobatics"],"picked":"SKIP","floor":27},{"not_picked":["PiercingWail","Phantasmal Killer","ReplayTheSpireMod:Exploit Weakness"],"picked":"Deadly Poison+1","floor":28},{"not_picked":["Blur","jedi:pocketpoison","Dash"],"picked":"jedi:collectorvenom","floor":31},{"not_picked":["Unload","Storm of Steel","infinitespire:Neurotoxin"],"picked":"jedi:brewingpoison","floor":33},{"not_picked":["beaked:SurvivalInstinct","beaked:Recite+1","beaked:WarriorSpirit","Concentrate"],"picked":"jedi:collectorvenom","floor":35},{"not_picked":["hubris:SlightOfHand+1","Masterful Stab+1","Backstab+1","Prepared+1"],"picked":"jedi:collectorvenom","floor":38},{"not_picked":["beaked:Replenish","Poisoned Stab","beaked:RitualOfBody+1","Footwork"],"picked":"jedi:collectorvenom","floor":40},{"not_picked":["Sucker Punch+1","jedi:poisonivy+1","beaked:Devastation+1","beaked:BarbedWire+1"],"picked":"jedi:collectorvenom","floor":42},{"not_picked":["Reflex","Tactician+1","beaked:Ceremony","beaked:Tradeoff"],"picked":"jedi:collectorvenom","floor":44},{"not_picked":["Concentrate+1","beaked:Hexing+1","beaked:Redirect+1","beaked:MimicWarrior+1"],"picked":"jedi:collectorvenom","floor":45},{"not_picked":["beaked:Flinch+1","beaked:TuckingFeathers+1","beaked:Brace","Flying Knee+1"],"picked":"jedi:collectorvenom","floor":47},{"not_picked":["testmod-PowerStrike","testmod-DisillusionmentEcho","testmod-SubstituteBySubterfuge","testmod-PainDetonator"],"picked":"Secret Weapon","floor":48}],"player_experience":466122,"relics_obtained":[{"floor":2,"key":"Simple Rune"},{"floor":6,"key":"halation:Toothbrush"},{"floor":8,"key":"SnailShell"},{"floor":9,"key":"testmod-IndustrialRevolution"},{"floor":11,"key":"Question Card"},{"floor":23,"key":"reliquary:Knoch"},{"floor":25,"key":"ReplayTheSpireMod:Shallot"},{"floor":26,"key":"Omamori"},{"floor":28,"key":"Lantern"},{"floor":40,"key":"Rawhide"},{"floor":43,"key":"infinitespire:Satchel"},{"floor":44,"key":"halation:AfternoonTea"},{"floor":45,"key":"wanderingMiniBosses:LockLocket"},{"floor":47,"key":"Basket Of Snakes"},{"floor":49,"key":"testmod-CrystalShield"}],"event_choices":[{"damage_healed":0,"gold_gain":0,"player_choice":"Gave Potion","damage_taken":0,"relics_obtained":["Iron Hammer"],"max_hp_gain":0,"max_hp_loss":0,"event_name":"WeMeetAgain","floor":12,"gold_loss":0},{"damage_healed":0,"gold_gain":0,"player_choice":"Agree","damage_taken":0,"max_hp_gain":0,"max_hp_loss":0,"event_name":"conspire:LoneGhost","floor":14,"gold_loss":0},{"damage_healed":0,"gold_gain":0,"cards_transformed":["conspire:GhostlyDefend"],"player_choice":"Transformed","damage_taken":0,"max_hp_gain":0,"max_hp_loss":0,"event_name":"Transmorgrifier","floor":19,"gold_loss":0,"cards_obtained":["Purity"]},{"damage_healed":0,"gold_gain":0,"player_choice":"Upgraded","damage_taken":0,"max_hp_gain":0,"max_hp_loss":0,"event_name":"Upgrade Shrine","floor":21,"gold_loss":0,"cards_upgraded":["jedi:studyshivs"]},{"cards_removed":["Purity"],"damage_healed":9,"gold_gain":0,"player_choice":"Offered Uncommon","damage_taken":0,"max_hp_gain":0,"max_hp_loss":0,"event_name":"Bonfire Elementals","floor":22,"gold_loss":0},{"damage_healed":0,"gold_gain":0,"player_choice":"Ignored","damage_taken":0,"max_hp_gain":0,"max_hp_loss":0,"event_name":"Ghosts","floor":29,"gold_loss":0},{"damage_healed":0,"gold_gain":0,"player_choice":"3","damage_taken":0,"max_hp_gain":0,"max_hp_loss":0,"event_name":"betterMatch:BetterMatch","floor":36,"gold_loss":0,"cards_obtained":[]},{"damage_healed":0,"gold_gain":0,"player_choice":"Ignored","damage_taken":0,"max_hp_gain":0,"max_hp_loss":0,"event_name":"Tomb of Lord Red Mask","floor":37,"gold_loss":0},{"damage_healed":0,"gold_gain":3,"player_choice":"1","damage_taken":0,"max_hp_gain":0,"max_hp_loss":0,"event_name":"betterStone:BetterStone","floor":48,"gold_loss":0}],"is_beta":false,"boss_relics":[{"not_picked":["aspiration:FutureDiary","testmod-DeterminationOfClimber"],"picked":"aspiration:PoetsPen"},{"not_picked":["Abe\u0027s Treasure","Busted Crown"],"picked":"aspiration:BeakedSkillbook"}],"items_purged_floors":[],"is_endless":true,"potions_floor_spawned":[3,4,8,10,28,33,40],"killed_by":"infinitespire:MassOfShapes","ascension_level":1}}