{"host":"hwrdjx5eod2cxh09","time":1611558763,"event":{"mods":["AchievementEnabler","BaseMod","Bestiary","Minty Spire (QoL Compilation)","Relic Stats"],"gold_per_floor":[415,415,426,437,214,214,239,239,239,239,250,282,301,19,19,118,118,137,151,162,162,261,261,36,48,126,126,126],"floor_reached":27,"language":"ENG","playtime":819,"items_purged":["Regret","Strike_R","Havoc"],"score":223,"play_id":"a5b360cb-f5b4-4bb0-bd5e-7cfa3d83db46","local_time":"20210125161243","is_ascension_mode":false,"campfire_choices":[{"data":"Rage","floor":6.0,"key":"SMITH"},{"data":"Sword Boomerang","floor":15.0,"key":"SMITH"},{"data":"Entrench","floor":23.0,"key":"SMITH"}],"circlet_count":0,"master_deck":["Bash","Rage+1","Sword Boomerang+1","Inflame","Entrench+1","Ghostly Armor","Warcry","True Grit","Cleave","Limit Break","Entrench+1"],"relics":["Burning Blood","Old Coin","InkBottle","The Courier","Lantern","MealTicket","Question Card","Pandora\u0027s Box","DollysMirror","Bottled Lightning"],"acts_visited":["Exordium","TheCity"],"potions_floor_usage":[27],"damage_taken":[{"damage":1.0,"enemies":"Cultist","floor":1.0,"turns":3.0},{"damage":3.0,"enemies":"Jaw Worm","floor":3.0,"turns":4.0},{"damage":0.0,"enemies":"Small Slimes","floor":4.0,"turns":3.0},{"damage":14.0,"enemies":"Gremlin Nob","floor":7.0,"turns":4.0},{"damage":6.0,"enemies":"3 Louse","floor":11.0,"turns":3.0},{"damage":21.0,"enemies":"Lagavulin","floor":12.0,"turns":6.0},{"damage":8.0,"enemies":"2 Fungi Beasts","floor":13.0,"turns":3.0},{"damage":40.0,"enemies":"Hexaghost","floor":16.0,"turns":11.0},{"damage":12.0,"enemies":"Shell Parasite","floor":18.0,"turns":4.0},{"damage":13.0,"enemies":"Spheric Guardian","floor":19.0,"turns":5.0},{"damage":41.0,"enemies":"Cultist and Chosen","floor":20.0,"turns":7.0},{"damage":1.0,"enemies":"Snake Plant","floor":25.0,"turns":5.0},{"damage":58,"enemies":"Book of Stabbing","floor":27,"turns":4}],"seed_played":"-2587437291101747972","potions_obtained":[{"floor":4.0,"key":"Regen Potion"}],"is_trial":false,"path_per_floor":["M","?","M","M","$","R","E","?","T","?","M","E","M","$","R","B",null,"M","M","M","?","?","R","$","M","T","E"],"character_chosen":"IRONCLAD","items_purchased":["Sword Boomerang","Fire Potion","Strength Potion","Question Card","DollysMirror"],"campfire_rested":0,"item_purchase_floors":[5,5,5,14,24],"current_hp_per_floor":[72,72,72,72,72,72,64,57,57,57,57,42,40,55,55,21,72,66,59,24,24,24,24,39,58,58,0,0],"gold":126,"neow_bonus":"ONE_RARE_RELIC","is_daily":false,"chose_seed":false,"campfire_upgraded":3,"win_rate":0.0,"timestamp":1611558763,"path_taken":["M","?","M","M","$","R","E","?","T","?","M","E","?","$","R","BOSS","M","M","M","?","?","R","$","M","T","E"],"items_purchased_type":["Card","Potion","Potion","Relic","Relic"],"build_version":"2020-12-22","purchased_purges":3,"victory":false,"max_hp_per_floor":[72,72,72,72,72,72,72,72,72,72,72,72,72,72,72,72,72,72,72,72,72,72,72,72,72,72,72,72],"relic_stats":{"counters":[13,62],"MealTicket":30,"Pandora\u0027s Box":["Havoc","Entrench","Ghostly Armor","Warcry","True Grit","Cleave","Limit Break"],"Question Card":5,"obtain_stats":[{"Lantern":8,"DollysMirror":24,"MealTicket":12,"Pandora\u0027s Box":17,"The Courier":7,"Bottled Lightning":26,"Question Card":14,"Burning Blood":0,"InkBottle":2,"Old Coin":0},{"Lantern":4,"DollysMirror":11,"MealTicket":6,"Pandora\u0027s Box":8,"The Courier":4,"Bottled Lightning":12,"Question Card":7,"Burning Blood":0,"InkBottle":1,"Old Coin":0},{"Lantern":14,"DollysMirror":53,"MealTicket":23,"Pandora\u0027s Box":37,"The Courier":14,"Bottled Lightning":58,"Question Card":26,"Burning Blood":0,"InkBottle":3,"Old Coin":0}],"Burning Blood":58,"InkBottle":[15]},"card_choices":[{"not_picked":["Wild Strike","Fire Breathing"],"picked":"Rage","floor":1.0},{"not_picked":["Havoc","Combust","Warcry"],"picked":"SKIP","floor":3.0},{"not_picked":["Armaments","Havoc","Carnage"],"picked":"SKIP","floor":4.0},{"not_picked":["Clothesline","Armaments"],"picked":"Inflame","floor":7.0},{"not_picked":["Sword Boomerang","Heavy Blade","Pommel Strike"],"picked":"SKIP","floor":11.0},{"not_picked":["Warcry","Ghostly Armor","Brutality"],"picked":"SKIP","floor":12.0},{"not_picked":["Twin Strike","Havoc","Body Slam"],"picked":"SKIP","floor":13.0},{"not_picked":["Thunderclap","Iron Wave","Battle Trance","Flame Barrier"],"picked":"SKIP","floor":18.0},{"not_picked":["Thunderclap","Twin Strike","Armaments+1","Flex+1"],"picked":"SKIP","floor":19.0},{"not_picked":["True Grit","Twin Strike","Feel No Pain+1","Headbutt+1"],"picked":"SKIP","floor":20.0},{"not_picked":["Double Tap","Anger","Flex","Wild Strike"],"picked":"SKIP","floor":25.0}],"player_experience":283844,"relics_obtained":[{"floor":7.0,"key":"The Courier"},{"floor":12.0,"key":"MealTicket"},{"floor":26.0,"key":"Bottled Lightning"}],"event_choices":[{"damage_healed":0.0,"max_hp_gain":0.0,"max_hp_loss":0.0,"gold_gain":0.0,"event_name":"Big Fish","player_choice":"Box","floor":2.0,"gold_loss":0.0,"damage_taken":0.0,"relics_obtained":["InkBottle"],"cards_obtained":["Regret"]},{"damage_healed":0.0,"max_hp_gain":0.0,"max_hp_loss":0.0,"gold_gain":0.0,"event_name":"Scrap Ooze","player_choice":"Success","floor":8.0,"gold_loss":0.0,"damage_taken":7.0,"relics_obtained":["Lantern"]},{"cards_removed":["Strike_R"],"damage_healed":0.0,"max_hp_gain":0.0,"max_hp_loss":0.0,"gold_gain":0.0,"event_name":"Wheel of Change","player_choice":"Card Removal","floor":10.0,"gold_loss":0.0,"damage_taken":0.0},{"damage_healed":0.0,"max_hp_gain":0.0,"max_hp_loss":0.0,"gold_gain":99.0,"event_name":"Nest","player_choice":"Stole From Cult","floor":22.0,"gold_loss":0.0,"damage_taken":0.0}],"is_beta":false,"boss_relics":[{"not_picked":["Cursed Key","SlaversCollar"],"picked":"Pandora\u0027s Box"}],"items_purged_floors":[5,14,24],"is_endless":false,"potions_floor_spawned":[4,7,13,19],"killed_by":"Book of Stabbing","ascension_level":0}}