{"host":"lnt5dzsuhru0aonl","time":1611569257,"event":{"mods":["2.2 Compatiblity","BaseMod","Colored Map","Colored Powertips","DeckTracker","Keyboard Shortcuts","Minty Spire (QoL Compilation)","Permanent Neow","Rare Cards Sparkle","StSLib","SuperFastMode","everything is the same but u backflip on backflip"],"gold_per_floor":[112,19,36,55,67,67,84,84,107,107,107,120,148,171,171,249,249,267,267,277,327,347,347,347,111,161,161,161,161],"floor_reached":28,"language":"KOR","playtime":505,"items_purged":["Strike_B"],"score":436,"play_id":"d7dda74f-f813-4d29-bf75-902e06b08142","local_time":"20210125190737","is_ascension_mode":true,"campfire_choices":[{"data":"Creative AI","floor":6.0,"key":"SMITH"},{"data":"Storm","floor":8.0,"key":"SMITH"},{"data":"Defragment","floor":11.0,"key":"SMITH"},{"data":"Double Energy","floor":15.0,"key":"SMITH"},{"data":"Coolheaded","floor":23,"key":"SMITH"},{"data":"Turbo","floor":27,"key":"SMITH"}],"circlet_count":0,"master_deck":["AscendersBane","Defend_B","Defend_B","Defend_B","Defend_B","Zap","Dualcast","Creative AI+1","Storm+1","Defragment+1","Conserve Battery","Sweeping Beam","Coolheaded+1","Electrodynamics","Cold Snap","Double Energy+1","Echo Form","Turbo+1","Biased Cognition","Beam Cell","White Noise+1","Defragment+1"],"relics":["Cracked Core","Dream Catcher","DataDisk","Odd Mushroom","Empty Cage","CultistMask","Runic Capacitor","Smiling Mask"],"acts_visited":["Exordium","TheCity"],"potions_floor_usage":[22,28],"damage_taken":[{"damage":1.0,"enemies":"Cultist","floor":1.0,"turns":3.0},{"damage":4.0,"enemies":"Jaw Worm","floor":3.0,"turns":5.0},{"damage":2.0,"enemies":"2 Louse","floor":4.0,"turns":3.0},{"damage":0.0,"enemies":"Large Slime","floor":5.0,"turns":5.0},{"damage":18.0,"enemies":"Gremlin Gang","floor":7.0,"turns":3.0},{"damage":0.0,"enemies":"3 Louse","floor":12.0,"turns":1.0},{"damage":13.0,"enemies":"Lagavulin","floor":13.0,"turns":5.0},{"damage":0.0,"enemies":"The Mushroom Lair","floor":14.0,"turns":2.0},{"damage":23.0,"enemies":"Slime Boss","floor":16.0,"turns":5.0},{"damage":6,"enemies":"Spheric Guardian","floor":18,"turns":3},{"damage":2,"enemies":"Chosen","floor":20,"turns":4},{"damage":29,"enemies":"Sentry and Sphere","floor":22,"turns":4},{"damage":14,"enemies":"Shelled Parasite and Fungi","floor":28,"turns":1}],"seed_played":"1659040623259619767","potions_obtained":[{"floor":1.0,"key":"Fire Potion"},{"floor":3.0,"key":"SneckoOil"},{"floor":4.0,"key":"Weak Potion"},{"floor":13.0,"key":"Block Potion"},{"floor":16.0,"key":"EssenceOfSteel"},{"floor":18,"key":"SpeedPotion"},{"floor":20,"key":"Swift Potion"},{"floor":22,"key":"FearPotion"}],"is_trial":false,"path_per_floor":["M","$","M","M","M","R","M","R","T","?","R","M","E","?","R","B",null,"M","?","M","?","M","R","?","$","T","R","M"],"character_chosen":"DEFECT","items_purchased":["Defragment","Conserve Battery","Runic Capacitor"],"campfire_rested":0,"item_purchase_floors":[2,2,25],"current_hp_per_floor":[63,63,59,57,57,57,39,39,39,39,39,39,26,26,26,3,49,43,43,41,41,12,12,12,12,12,12,0,0],"gold":161,"neow_bonus":"THREE_RARE_CARDS","is_daily":false,"chose_seed":false,"campfire_upgraded":6,"win_rate":0.0,"timestamp":1611569257,"path_taken":["M","$","M","?","M","R","M","R","T","?","R","M","E","?","R","BOSS","M","?","?","?","M","R","?","$","T","R","M"],"items_purchased_type":["Card","Card","Relic"],"build_version":"2020-12-22","purchased_purges":1,"victory":false,"max_hp_per_floor":[64,64,64,64,64,64,64,64,64,64,64,64,64,64,64,64,64,64,64,64,64,64,64,64,64,64,64,64,64],"card_choices":[{"not_picked":["Biased Cognition","Echo Form"],"picked":"Creative AI","floor":0.0},{"not_picked":["FTL","White Noise"],"picked":"Storm","floor":1.0},{"not_picked":["Beam Cell","Go for the Eyes"],"picked":"Sweeping Beam","floor":3.0},{"not_picked":["Turbo","Sweeping Beam"],"picked":"Coolheaded","floor":4.0},{"not_picked":["Tempest","Reprogram"],"picked":"Electrodynamics","floor":5.0},{"not_picked":["White Noise","Hello World"],"picked":"Cold Snap","floor":7.0},{"not_picked":["Beam Cell","Streamline"],"picked":"Double Energy","floor":12.0},{"not_picked":["Sweeping Beam","Turbo"],"picked":"Echo Form","floor":13.0},{"not_picked":["Sweeping Beam","Reinforced Body"],"picked":"Turbo","floor":14.0},{"not_picked":["Hyperbeam","Electrodynamics"],"picked":"Biased Cognition","floor":16.0},{"not_picked":["Sweeping Beam","Gash","Barrage"],"picked":"SKIP","floor":18},{"not_picked":["Compile Driver","Turbo"],"picked":"White Noise+1","floor":20},{"not_picked":["Static Discharge+1","Heatsinks"],"picked":"Defragment+1","floor":22}],"player_experience":758139,"relics_obtained":[{"floor":9.0,"key":"Dream Catcher"},{"floor":13.0,"key":"DataDisk"},{"floor":14.0,"key":"Odd Mushroom"},{"floor":26,"key":"Smiling Mask"}],"event_choices":[{"damage_healed":0.0,"max_hp_gain":0.0,"max_hp_loss":0.0,"gold_gain":0.0,"event_name":"Dead Adventurer","player_choice":"Searched \u00270\u0027 times","floor":10.0,"gold_loss":0.0,"damage_taken":0.0},{"damage_healed":0.0,"max_hp_gain":0.0,"max_hp_loss":0.0,"gold_gain":0.0,"event_name":"Mushrooms","player_choice":"Fought Mushrooms","floor":14.0,"gold_loss":0.0,"damage_taken":0.0},{"damage_healed":0,"gold_gain":0,"cards_transformed":["Strike_B"],"player_choice":"Transformed","damage_taken":0,"max_hp_gain":0,"max_hp_loss":0,"event_name":"Transmorgrifier","floor":19,"gold_loss":0,"cards_obtained":["Beam Cell"]},{"damage_healed":0,"gold_gain":50,"player_choice":"Stole From Cult","damage_taken":0,"max_hp_gain":0,"max_hp_loss":0,"event_name":"Nest","floor":21,"gold_loss":0},{"damage_healed":0,"gold_gain":0,"player_choice":"Trade","damage_taken":0,"relics_obtained":["CultistMask"],"max_hp_gain":0,"max_hp_loss":0,"event_name":"FaceTrader","floor":24,"gold_loss":0}],"is_beta":false,"boss_relics":[{"not_picked":["Nuclear Battery","Astrolabe"],"picked":"Empty Cage"}],"items_purged_floors":[25],"is_endless":false,"potions_floor_spawned":[1,3,4,13,16,18,20,22],"killed_by":"Shelled Parasite and Fungi","ascension_level":20}}