{"host":"ju58ncaxwefs1zmn","time":1611593990,"event":{"mods":["100% Spire Juice","2.2 Compatiblity","Act Like it!","Aspiration","BaseMod","CapriCore","ChefMod","Colored Map","Gensokyo","Hermit","Highlight Path","HololiveMod","Hubris","Infinite Spire","Koishi","Marisa????????","Minty Spire (QoL Compilation)","Permanent Neow","Quick Restart","Random Character Button","Reliquary","Robot Space Explorer","StSLib","The Animator","The Cursed","The Hierophant","The Immortal","The Marked","The Servant 0.9.4","The Showman","TheBandit","Wandering Minibosses","Yakumo Yukari mod"],"gold_per_floor":[209,220,249,29,41,41,41],"floor_reached":6,"language":"ENG","playtime":805,"items_purged":["animator:Strike"],"score":67,"play_id":"7248d3e4-e645-448a-ad19-8ca0756280f9","local_time":"20210125085950","is_ascension_mode":true,"campfire_choices":[],"circlet_count":0,"master_deck":["AscendersBane","animator:Strike_MadokaMagica","animator:Defend_MadokaMagica","animator:Strike","animator:Strike","animator:Defend","animator:Defend","animator:Defend","animator:IrohaTamaki","animator:YuiTsuruno","animator:Vanir","animator:DolaRiku","animator:Elsword"],"relics":["animator:LivingPicture","animator:TheMissingPiece","animator:PurgingStone","ClockworkSouvenir"],"acts_visited":["Exordium"],"potions_floor_usage":[],"damage_taken":[{"damage":4,"enemies":"Cultist","floor":1,"turns":5},{"damage":1,"enemies":"2 Louse","floor":2,"turns":2},{"damage":3,"enemies":"Small Slimes","floor":3,"turns":4},{"damage":8,"enemies":"2 Fungi Beasts","floor":5,"turns":3},{"damage":40,"enemies":"Lagavulin","floor":6,"turns":5}],"seed_played":"-6735630427171248633","potions_obtained":[],"is_trial":false,"path_per_floor":["M","M","M","$","M","E"],"character_chosen":"THE_ANIMATOR","items_purchased":["ClockworkSouvenir"],"campfire_rested":0,"item_purchase_floors":[4],"current_hp_per_floor":[50,49,46,46,38,0,0],"gold":41,"neow_bonus":"HUNDRED_GOLD","is_daily":false,"chose_seed":false,"campfire_upgraded":0,"win_rate":0.0,"timestamp":1611593990,"path_taken":["M","M","M","$","M","E"],"items_purchased_type":["Relic"],"build_version":"2020-12-22","purchased_purges":1,"victory":false,"max_hp_per_floor":[60,60,60,60,60,60,60],"card_choices":[{"not_picked":["animator:Millim","animator:Yoichi"],"picked":"animator:Vanir","floor":1},{"not_picked":["animator:DolaCouronne","animator:Shinoa"],"picked":"animator:DolaRiku","floor":2},{"not_picked":["animator:Vanir","animator:Lu"],"picked":"animator:Elsword","floor":3}],"player_experience":1166034,"relics_obtained":[],"event_choices":[],"is_beta":false,"boss_relics":[],"items_purged_floors":[4],"is_endless":false,"potions_floor_spawned":[],"killed_by":"Lagavulin","ascension_level":15}}