{"host":"e5u7qs1emxzejr12","time":1611589545,"event":{"mods":["2.2 Compatiblity","Act Like it!","Arknights The Spire","BaseMod","CapriCore","Card Forge","Colored Powertips","Custom Start","GifTheSpireLib","Highlight Path","Marisa£¨ìFÓê¡¡Ä§ÀíÉ³£©","Minty Spire (QoL Compilation)","Quick Restart","Replay The Spire","StSLib","SuperFastMode","óô»ðÖ¸ÄÏ"],"gold_per_floor":[144,144,144,194,233,338,422,524,550,649,733,820,904,941,941,1163,1163,1210,1375,1375,936,1026,1107,1107,1132,1157,1241,1241,1180,740,498,498,726,726,783,941,778,942,942,1024,1113,1193,1193,729,298,387,214,296,296,296,306],"floor_reached":52,"language":"ZHS","playtime":2199,"items_purged":[],"score":2750,"play_id":"1443e786-8182-4539-befb-661ed88fb131","local_time":"20210125234545","daily_mods":["Heirloom","Flight","DeadlyEvents","Elite Swarm","Midas"],"is_ascension_mode":true,"campfire_choices":[{"floor":15.0,"key":"DIG"},{"floor":24.0,"key":"REST"},{"floor":28.0,"key":"REST"},{"floor":32.0,"key":"REST"},{"floor":49,"key":"DIG"}],"circlet_count":0,"master_deck":["AscendersBane","Zap+1","Dualcast+1","Machine Learning+1","Electrodynamics+1","Buffer+1","Reboot+1","AbeCurse","Time Bomb+1","Defragment+1","Crystallizer+1","Madness+1","ReplayRNGCard+1","ReplayRNGCard+1","Amplify+1","Heatsinks+1","Defragment+1","Reboot+1","Fission+1","Fission+1","Fission+1","Master of Strategy+1","White Noise+1","Storm+1","Impatience+1","Buffer+1"],"relics":["Cracked Core","Hammer of Thor","Seething Fire","Anvil of the Gods","Pocketwatch","NeowsBlessing","StrikeDummy","ReplayTheSpireMod:Lightbulb","Bottled Tornado","Blue Candle","Sundial","ReplayTheSpireMod:Ninjato","Replay:Bandana","Question Card","Abe\u0027s Treasure","Pet Ghost","DataDisk","Strange Spoon","Girya","Letter Opener","Boot","Replay:Mystery Machine","Ornamental Fan","Meat on the Bone","Runic Capacitor","Geode","Cursed Key","CatCart","Replay:Rubber Ducky","Shovel","ReplayTheSpireMod:Ring of Collecting","Ring of Peace","Bag of Marbles","Eternal Feather","Mummified Hand","Ring of Fury","Emotion Chip","Frozen Eye","Replay:Wax Seal","Omamori","Gremlin Food","ReplayTheSpireMod:CursedCoin","Lizard Tail","Mirror","Toy Ornithopter"],"acts_visited":["Exordium","TheCity","TheBeyond"],"potions_floor_usage":[],"damage_taken":[{"damage":0.0,"enemies":"2 Louse","floor":1.0,"turns":2.0},{"damage":0.0,"enemies":"Jaw Worm","floor":5.0,"turns":1.0},{"damage":0.0,"enemies":"3 Sentries","floor":6.0,"turns":1.0},{"damage":0.0,"enemies":"Lagavulin","floor":7.0,"turns":1.0},{"damage":8.0,"enemies":"3 Sentries","floor":8.0,"turns":6.0},{"damage":11.0,"enemies":"Replay:BlueRogue","floor":10.0,"turns":3.0},{"damage":0.0,"enemies":"Gremlin Nob","floor":11.0,"turns":3.0},{"damage":0.0,"enemies":"Lagavulin","floor":12.0,"turns":3.0},{"damage":2.0,"enemies":"3 Sentries","floor":13.0,"turns":3.0},{"damage":0.0,"enemies":"Cultist","floor":14.0,"turns":2.0},{"damage":0.0,"enemies":"Slime Boss","floor":16.0,"turns":5.0},{"damage":0.0,"enemies":"3 Byrds","floor":18.0,"turns":1.0},{"damage":23.0,"enemies":"Book of Stabbing","floor":22.0,"turns":3.0},{"damage":34.0,"enemies":"Replay:Snechameleon","floor":23.0,"turns":3.0},{"damage":21.0,"enemies":"Gremlin Leader","floor":27.0,"turns":3.0},{"damage":0.0,"enemies":"Collector","floor":33.0,"turns":4.0},{"damage":10,"enemies":"3 Darklings","floor":35,"turns":1},{"damage":1,"enemies":"Orin","floor":36,"turns":5},{"damage":0,"enemies":"2 Orb Walkers","floor":38,"turns":2},{"damage":0,"enemies":"R_Hoarder","floor":40,"turns":4},{"damage":0,"enemies":"Nemesis","floor":41,"turns":3},{"damage":0,"enemies":"Giant Head","floor":42,"turns":4},{"damage":0,"enemies":"R_Hoarder","floor":46,"turns":3},{"damage":0,"enemies":"Giant Head","floor":48,"turns":2},{"damage":0,"enemies":"Donu and Deca","floor":50,"turns":1},{"damage":0,"enemies":"Replay:Hell Engine","floor":51,"turns":2}],"seed_played":"3108956810099661133","potions_obtained":[{"floor":5.0,"key":"ColorlessPotion"},{"floor":7.0,"key":"SpeedPotion"},{"floor":8.0,"key":"Languid Potion"}],"is_trial":true,"path_per_floor":["M","WH","?","?","M","E","E","E","T","E","E","E","E","M","R","B",null,"M","?","?","$","E","E","R","T","T","E","R","R","$","$","R","B",null,"M","?","$","?","?","E","E","E","T","R","$","E","$","E","R","B","B",null],"character_chosen":"DEFECT","items_purchased":["DataDisk","Madness","Strange Spoon","Heatsinks+1","Meat on the Bone","Runic Capacitor","Geode","Defragment","Replay:Rubber Ducky","Frozen Eye","Replay:Wax Seal","Master of Strategy","Omamori","White Noise","Storm","Impatience","ReplayTheSpireMod:CursedCoin","Lizard Tail"],"campfire_rested":3,"item_purchase_floors":[21,21,21,29,30,30,31,31,37,44,44,44,45,45,45,45,47,47],"current_hp_per_floor":[64,64,64,57,57,57,57,49,49,38,38,38,36,36,36,36,62,62,62,62,62,39,5,26,26,26,5,26,26,26,26,47,47,65,55,54,54,54,54,54,54,54,54,66,66,66,66,66,71,71,71],"gold":306,"neow_bonus":"THREE_ENEMY_KILL","is_daily":false,"chose_seed":false,"campfire_upgraded":0,"win_rate":0.0,"timestamp":1611589545,"path_taken":["M","WH","?","?","?","E","E","E","T","E","?","E","E","?","R","BOSS","M","?","?","$","?","E","R","?","T","E","R","R","$","$","R","BOSS","M","?","$","?","?","E","E","E","T","R","$","E","$","E","R","BOSS","BOSS"],"items_purchased_type":["Relic","Card","Relic","Card","Relic","Relic","Relic","Card","Relic","Relic","Relic","Card","Relic","Card","Card","Card","Relic","Relic"],"build_version":"2020-12-22","purchased_purges":0,"victory":true,"max_hp_per_floor":[71,71,71,71,71,71,71,71,71,71,71,71,71,71,71,71,71,71,71,71,71,71,71,71,71,71,71,71,71,71,71,71,71,71,71,71,71,71,71,71,71,71,71,71,71,71,71,71,71,71,71],"card_choices":[{"not_picked":["Redo","Turbo"],"picked":"Coolheaded","floor":1.0},{"not_picked":["Hologram","Redo","Streamline"],"picked":"SKIP","floor":5.0},{"not_picked":["Hyperbeam","ReplayTheSpireMod:Omega Cannon"],"picked":"Machine Learning","floor":6.0},{"not_picked":["Creative AI","Mirror Shield"],"picked":"All For One","floor":7.0},{"not_picked":["Multi-Cast","Creative AI"],"picked":"Electrodynamics","floor":8.0},{"not_picked":["Mirror Shield","Fission"],"picked":"Buffer","floor":10.0},{"not_picked":["ReplayTheSpireMod:Omega Cannon","Hyperbeam","Mirror Shield"],"picked":"SKIP","floor":11.0},{"not_picked":["Fission","Machine Learning","Hyperbeam"],"picked":"SKIP","floor":12.0},{"not_picked":["Core Surge","Creative AI"],"picked":"Reboot","floor":13.0},{"not_picked":["Doom and Gloom","Turbo","Beam Cell"],"picked":"SKIP","floor":14.0},{"not_picked":["ReplayTheSpireMod:Omega Cannon","Fission","Buffer"],"picked":"Core Surge","floor":16.0},{"not_picked":["Barrage","Ball Lightning","White Noise"],"picked":"Time Bomb","floor":18.0},{"not_picked":["Gash","Heatsinks","Turbo+1"],"picked":"Defragment","floor":19.0},{"not_picked":["Turbo","Stack","Darkness"],"picked":"Crystallizer","floor":19.0},{"not_picked":["Fission","Electrodynamics","Multi-Cast"],"picked":"ReplayRNGCard","floor":22.0},{"not_picked":["Meteor Strike","ReplayTheSpireMod:Omega Cannon","Thunder Strike"],"picked":"ReplayRNGCard","floor":23.0},{"not_picked":["Mirror Shield","Echo Form","ReplayTheSpireMod:Omega Cannon"],"picked":"Amplify","floor":27.0},{"not_picked":["ReplayTheSpireMod:Omega Cannon","All For One","Mirror Shield"],"picked":"Reboot","floor":33.0},{"not_picked":["Consume","Steam Power+1","Leap","Force Field"],"picked":"SKIP","floor":35},{"not_picked":["Machine Learning","Core Surge","ReplayTheSpireMod:Omega Cannon"],"picked":"Fission","floor":40},{"not_picked":["Amplify","ReplayTheSpireMod:Omega Cannon","Electrodynamics"],"picked":"Fission","floor":41},{"not_picked":["Hyperbeam","Electrodynamics","Machine Learning"],"picked":"Fission","floor":42},{"not_picked":["Biased Cognition","Fission","Amplify"],"picked":"Buffer","floor":46},{"not_picked":["All For One","Hyperbeam","ReplayRNGCard","Mirror Shield"],"picked":"SKIP","floor":48}],"player_experience":58922,"relics_obtained":[{"floor":6.0,"key":"StrikeDummy"},{"floor":7.0,"key":"ReplayTheSpireMod:Lightbulb"},{"floor":8.0,"key":"Bottled Tornado"},{"floor":10.0,"key":"Blue Candle"},{"floor":11.0,"key":"Sundial"},{"floor":12.0,"key":"ReplayTheSpireMod:Ninjato"},{"floor":13.0,"key":"Replay:Bandana"},{"floor":15.0,"key":"Question Card"},{"floor":19.0,"key":"Pet Ghost"},{"floor":22.0,"key":"Girya"},{"floor":23.0,"key":"Letter Opener"},{"floor":25.0,"key":"Boot"},{"floor":26.0,"key":"Replay:Mystery Machine"},{"floor":27.0,"key":"Ornamental Fan"},{"floor":36,"key":"CatCart"},{"floor":38,"key":"Shovel"},{"floor":39,"key":"ReplayTheSpireMod:Ring of Collecting"},{"floor":39,"key":"Ring of Peace"},{"floor":40,"key":"Bag of Marbles"},{"floor":41,"key":"Eternal Feather"},{"floor":42,"key":"Mummified Hand"},{"floor":43,"key":"Ring of Fury"},{"floor":43,"key":"Emotion Chip"},{"floor":46,"key":"Gremlin Food"},{"floor":48,"key":"Mirror"},{"floor":49,"key":"Toy Ornithopter"}],"event_choices":[{"damage_healed":0.0,"max_hp_gain":0.0,"max_hp_loss":0.0,"gold_gain":0.0,"event_name":"Shining Light","player_choice":"Ignored","floor":3.0,"gold_loss":0.0,"damage_taken":0.0},{"damage_healed":0.0,"max_hp_gain":0.0,"max_hp_loss":0.0,"gold_gain":50.0,"event_name":"FaceTrader","player_choice":"Touch","floor":4.0,"gold_loss":0.0,"damage_taken":7.0},{"cards_removed":["Strike_B"],"damage_healed":0.0,"max_hp_gain":0.0,"max_hp_loss":0.0,"gold_gain":0.0,"event_name":"Back to Basics","player_choice":"Elegance","floor":20.0,"gold_loss":0.0,"damage_taken":0.0},{"damage_healed":0,"gold_gain":0,"player_choice":"Fight","damage_taken":0,"max_hp_gain":0,"max_hp_loss":0,"event_name":"OrinTheCat","floor":36,"gold_loss":0},{"damage_healed":0,"gold_gain":0,"player_choice":"Fight","damage_taken":0,"max_hp_gain":0,"max_hp_loss":0,"event_name":"Mysterious Sphere","floor":38,"gold_loss":0}],"is_beta":false,"boss_relics":[{"not_picked":["Replay:Drink Me","Painkiller Herb"],"picked":"Abe\u0027s Treasure"},{"not_picked":["ChewingGum","ReplayTheSpireMod:DimensionalGlitch"],"picked":"Cursed Key"}],"items_purged_floors":[],"is_endless":false,"potions_floor_spawned":[5,7,8,12,13,23,33,35,46,48],"ascension_level":20}}