{"host":"n605f8gctjc87d7h","time":1611595464,"event":{"mods":["Aspiration","Bard","BaseMod","Better Match","Better Note","Better Skull","Better Third Choice","Conspire","Halation","Hermit","Infinite Spire","Minty Spire (QoL Compilation)","Replay The Spire","Retaliation","Shade Mod","Spicy Shops","StS++","StSLib","The IronCluck"],"gold_per_floor":[112,89,89,102,119,119,119,119,119,119,144,144,157,175,175,277,277,290,389,389,339,362,362,377,377,377,377,389,389],"floor_reached":28,"language":"ENG","playtime":1425,"items_purged":["Defend_P"],"score":278,"play_id":"4a006a5a-012f-4d4e-b6b3-a99b29e1c172","local_time":"20210125092424","is_ascension_mode":true,"campfire_choices":[{"floor":6,"key":"REST"},{"data":"SashWhip","floor":8,"key":"SMITH"},{"floor":15,"key":"REST"},{"floor":23,"key":"REST"},{"floor":27,"key":"REST"}],"circlet_count":0,"master_deck":["Strike_P+1","Strike_P+1","Defend_P+1","Defend_P+1","Eruption","Vigilance","ClearTheMind","FlurryOfBlows+1","DevaForm","SashWhip+1","Adaptation","Wallop","Alpha","Replay:ManipulateFuture+1","infinitespire:Fortify","conspire:SpireCoStock","Crescendo+1"],"relics":["PureWater","Replay:Bottled Eggs","StSpp:PetrifiedCaterpillar","Shuriken","halation:YellowSoulGem","halation:Toothbrush","Omamori","Gremlin Horn"],"acts_visited":["Exordium","TheCity"],"potions_floor_usage":[16,18,18],"damage_taken":[{"damage":10,"enemies":"Cultist","floor":1,"turns":4},{"damage":0,"enemies":"2 Louse","floor":4,"turns":4},{"damage":0,"enemies":"conspire:RoseBush","floor":5,"turns":7},{"damage":5,"enemies":"Lagavulin","floor":11,"turns":8},{"damage":4,"enemies":"conspire:2 RoseBushes","floor":13,"turns":6},{"damage":5,"enemies":"Large Slime","floor":14,"turns":4},{"damage":15,"enemies":"Slime Boss","floor":16,"turns":6},{"damage":44,"enemies":"3 Byrds","floor":18,"turns":5},{"damage":5,"enemies":"conspire:FuzzyDice","floor":24,"turns":6},{"damage":74,"enemies":"Gremlin Leader","floor":28,"turns":7}],"seed_played":"-2122084665317048652","potions_obtained":[{"floor":11,"key":"Adrenaline Potion"},{"floor":14,"key":"PowerPotion"},{"floor":16,"key":"ColorlessPotion"}],"is_trial":false,"path_per_floor":["M","$","?","M","M","R","?","R","T","T","E","?","M","M","R","B",null,"M","?","AVR","?","T","R","M","?","T","R","E"],"character_chosen":"WATCHER","items_purchased":["FlurryOfBlows"],"campfire_rested":4,"item_purchase_floors":[2],"current_hp_per_floor":[37,37,37,37,37,58,58,58,58,58,53,53,49,44,65,50,67,23,23,23,23,23,44,39,39,39,60,0,0],"gold":389,"neow_bonus":"REMOVE_TWO","is_daily":false,"chose_seed":false,"campfire_upgraded":1,"win_rate":0.0,"timestamp":1611595464,"path_taken":["M","?","?","M","?","R","?","R","T","?","E","?","M","?","R","BOSS","M","?","AVR","?","?","R","M","?","T","R","E"],"items_purchased_type":["Card"],"build_version":"2020-12-22","purchased_purges":1,"victory":false,"max_hp_per_floor":[72,72,72,72,72,72,72,72,72,72,72,72,72,72,72,72,72,72,72,72,72,72,72,72,72,72,72,72,72],"card_choices":[{"not_picked":["Replay:Cycle","JustLucky"],"picked":"ClearTheMind","floor":1},{"not_picked":["CrushJoints","Protect"],"picked":"SashWhip","floor":4},{"not_picked":["ClearTheMind","JustLucky","StSpp:Purify"],"picked":"SKIP","floor":5},{"not_picked":["Replay:Anticipation","Replay:BluntJabs"],"picked":"Adaptation","floor":11},{"not_picked":["Replay:AtTheReady","BowlingBash"],"picked":"Wallop","floor":13},{"not_picked":["SashWhip","Replay:Vibes","Collect"],"picked":"SKIP","floor":14},{"not_picked":["SpiritShield","StSpp:Patience"],"picked":"Alpha","floor":16},{"not_picked":["Replay:AtTheReady+1","Replay:Vibes"],"picked":"Replay:ManipulateFuture+1","floor":18},{"not_picked":["Replay:BluntJabs","DeceiveReality"],"picked":"Crescendo+1","floor":24}],"player_experience":644577,"relics_obtained":[{"floor":9,"key":"Replay:Bottled Eggs"},{"floor":10,"key":"StSpp:PetrifiedCaterpillar"},{"floor":11,"key":"Shuriken"},{"floor":22,"key":"Omamori"},{"floor":26,"key":"Gremlin Horn"}],"event_choices":[{"damage_healed":0,"gold_gain":0,"cards_transformed":["Strike_P"],"player_choice":"Transformed","damage_taken":0,"max_hp_gain":0,"max_hp_loss":0,"event_name":"Transmorgrifier","floor":3,"gold_loss":0,"cards_obtained":["DevaForm"]},{"damage_healed":0,"gold_gain":0,"player_choice":"Disagree","damage_taken":0,"max_hp_gain":0,"max_hp_loss":0,"event_name":"conspire:LoneGhost","floor":7,"gold_loss":0},{"damage_healed":0,"gold_gain":99,"player_choice":"Steal","damage_taken":0,"max_hp_gain":0,"max_hp_loss":0,"event_name":"betterThird:BetterNest","floor":19,"gold_loss":0},{"damage_healed":0,"gold_gain":0,"player_choice":"Invest 1","damage_taken":0,"max_hp_gain":0,"max_hp_loss":0,"event_name":"conspire:Investor","floor":21,"gold_loss":0},{"damage_healed":0,"gold_gain":0,"player_choice":"Simplicity","damage_taken":0,"max_hp_gain":0,"max_hp_loss":4,"event_name":"betterThird:BetterWriting","floor":25,"gold_loss":0}],"is_beta":false,"boss_relics":[{"not_picked":["Fusion Hammer","StSpp:PileOfSugar","conspire:SeveredTorchhead"]}],"items_purged_floors":[20],"is_endless":false,"potions_floor_spawned":[11,14,16],"killed_by":"Gremlin Leader","ascension_level":6}}