{"host":"snn1c4qsf0fj7fzf","time":1611586175,"event":{"mods":["AchievementEnabler","Aspiration","Astrologer","BaseMod","Colored Powertips","Downfall","Hermit","Infinite Spire","Lobotomy","Marisa????????","Minty Spire (QoL Compilation)","Random Character Button","Rare Cards Sparkle","Reimu??????","Reliquary","Replay The Spire","Shop Mod","Spire Arcade","StSLib","The Administrix","The Cursed","The Gatherer","The Hierophant","The Poker Player","The Runesmith","Wandering Minibosses"],"gold_per_floor":[218,143,158,258,4,85,120,120,146,146,146],"floor_reached":10,"language":"ENG","playtime":357,"items_purged":["Strike_B","Strike_B"],"score":70,"play_id":"cd8f77a1-3b8e-4ea4-925a-a42da51f3b15","local_time":"20210125224935","is_ascension_mode":true,"campfire_choices":[{"data":"BasicCrystalCard","floor":8,"key":"SMITH"}],"circlet_count":0,"master_deck":["Strike_B","Strike_B","Defend_B","Defend_B","Defend_B","Defend_B","Zap","Dualcast","Sweeping Beam","Ball Lightning","BasicCrystalCard+1","Steam"],"relics":["Cracked Core","reliquary:BrokenClock","Strawberry","infinitespire:WardingShard","reliquary:ExpiredCoupon"],"acts_visited":["Exordium"],"potions_floor_usage":[],"damage_taken":[{"damage":3,"enemies":"2 Louse","floor":1,"turns":3},{"damage":1,"enemies":"Cultist","floor":3,"turns":4},{"damage":35,"enemies":"3 Sentries","floor":7,"turns":5},{"damage":30,"enemies":"Lagavulin","floor":10,"turns":3}],"seed_played":"3359049145492183133","potions_obtained":[],"is_trial":false,"path_per_floor":["M","$","M","?","$","?","E","R","T","E"],"character_chosen":"DEFECT","items_purchased":["reliquary:BrokenClock"],"campfire_rested":0,"item_purchase_floors":[5],"current_hp_per_floor":[72,72,71,71,71,60,25,25,25,0,0],"gold":146,"neow_bonus":"HUNDRED_GOLD","is_daily":false,"chose_seed":false,"campfire_upgraded":1,"win_rate":0.0,"timestamp":1611586175,"path_taken":["M","$","M","?","?","?","E","R","T","E"],"items_purchased_type":["Relic"],"build_version":"2020-12-22","purchased_purges":2,"victory":false,"max_hp_per_floor":[75,75,75,75,75,82,82,82,82,82,82],"card_choices":[{"not_picked":["Turbo","White Noise"],"picked":"Sweeping Beam","floor":1},{"not_picked":["Glacier","Darkness"],"picked":"Ball Lightning","floor":3},{"not_picked":["Compile Driver","Reinforced Body"],"picked":"BasicCrystalCard","floor":6},{"not_picked":["Beam Cell","Chaos"],"picked":"Steam","floor":7}],"player_experience":318835,"relics_obtained":[{"floor":6,"key":"Strawberry"},{"floor":7,"key":"infinitespire:WardingShard"},{"floor":9,"key":"reliquary:ExpiredCoupon"}],"event_choices":[{"damage_healed":0,"gold_gain":100,"player_choice":"Pray","damage_taken":0,"max_hp_gain":0,"max_hp_loss":0,"event_name":"Golden Shrine","floor":4,"gold_loss":0}],"is_beta":false,"boss_relics":[],"items_purged_floors":[2,5],"is_endless":false,"potions_floor_spawned":[],"killed_by":"Lagavulin","ascension_level":2}}