{"host":"xp5rvh2jwe2ejyfm","time":1611613155,"event":{"mods":["BaseMod","Downfall","Duelist Mod","GifTheSpireLib","Gremlin Mod","Hermit","Hubris","Minty Spire (QoL Compilation)","Robot Space Explorer","StSLib","The Blackbeard","The Clintock","The Construct","The Cursed","The Disciple","The Forsaken","The Hierophant","The Necromancer","The Runesmith","The Servant 0.9.4"],"gold_per_floor":[113,123,151,135,156,156,156,156,156,166,146,146],"floor_reached":11,"language":"ENG","playtime":380,"items_purged":[],"score":67,"play_id":"66e1d452-0660-4e17-a718-76413a16b88b","local_time":"20210125171915","is_ascension_mode":false,"campfire_choices":[{"floor":6,"key":"REST"},{"floor":8,"key":"REST"}],"circlet_count":0,"master_deck":["hierophant:Strike_Hierophant","hierophant:Strike_Hierophant","hierophant:Strike_Hierophant","hierophant:Strike_Hierophant","hierophant:Punish","hierophant:Defend_Hierophant","hierophant:Defend_Hierophant","hierophant:Defend_Hierophant","hierophant:Defend_Hierophant","hierophant:ChurchCoffers","hierophant:MintersHammer","hierophant:HammerAndAnvil","hierophant:Doubloon+1","hierophant:Dazzle","hierophant:Repentance","hierophant:Zeal","hierophant:Doubloon","hierophant:Repentance"],"relics":["hierophant:PropheticMaskRelic"],"acts_visited":["Exordium"],"potions_floor_usage":[],"damage_taken":[{"damage":12,"enemies":"Small Slimes","floor":1,"turns":3},{"damage":22,"enemies":"Jaw Worm","floor":2,"turns":7},{"damage":13,"enemies":"2 Louse","floor":3,"turns":3},{"damage":2,"enemies":"Looter","floor":4,"turns":3},{"damage":18,"enemies":"3 Louse","floor":5,"turns":2},{"damage":18,"enemies":"Exordium Wildlife","floor":10,"turns":5},{"damage":52,"enemies":"Gremlin Nob","floor":11,"turns":4}],"seed_played":"-5596918854618404821","potions_obtained":[{"floor":3,"key":"DistilledChaos"}],"is_trial":false,"path_per_floor":["M","M","M","M","M","R","?","R","T","M","E"],"character_chosen":"HIEROPHANT","items_purchased":[],"campfire_rested":2,"item_purchase_floors":[],"current_hp_per_floor":[63,41,28,26,8,30,30,52,52,34,0,0],"gold":146,"neow_bonus":"ONE_RANDOM_RARE_CARD","is_daily":false,"chose_seed":false,"campfire_upgraded":0,"win_rate":0.0,"timestamp":1611613155,"path_taken":["M","M","M","M","M","R","?","R","T","M","E"],"items_purchased_type":[],"build_version":"2020-12-22","purchased_purges":0,"victory":false,"max_hp_per_floor":[75,75,75,75,75,75,75,75,75,75,75,75],"card_choices":[{"not_picked":["hierophant:SealAway","hierophant:Chorus"],"picked":"hierophant:HammerAndAnvil","floor":1},{"not_picked":["hierophant:OrnateJavelin","hierophant:DisplayOfPower"],"picked":"hierophant:Dazzle","floor":2},{"not_picked":["hierophant:OrnateJavelin","hierophant:Shelter"],"picked":"hierophant:Repentance","floor":3},{"not_picked":["hierophant:Shelter","hierophant:DisplayOfPower"],"picked":"hierophant:Zeal","floor":4},{"not_picked":["hierophant:ArchangelShield","hierophant:RecallFunds"],"picked":"hierophant:Doubloon","floor":5},{"not_picked":["hierophant:Anathema","hierophant:Empathy"],"picked":"hierophant:Repentance","floor":10}],"player_experience":340785,"relics_obtained":[],"event_choices":[{"damage_healed":0,"gold_gain":0,"player_choice":"Searched \u00270\u0027 times","damage_taken":0,"max_hp_gain":0,"max_hp_loss":0,"event_name":"Dead Adventurer","floor":7,"gold_loss":0}],"is_beta":false,"boss_relics":[],"items_purged_floors":[],"is_endless":false,"potions_floor_spawned":[3],"killed_by":"Gremlin Nob","ascension_level":0}}