{"host":"s9n53dspxjwkh5no","time":1611551888,"event":{"mods":["AchievementEnabler","Aspiration","Bard","BaseMod","Beaked The Cultist","Better Altar","Better Match","Better Note","Better Sensory Stone","Better Skull","Better Third Choice","BetterRewards","Colored Map","Colored Powertips","Conspire","Disable Question Mark Monsters","Downfall","Halation","Hermit","Hubris","Jorbs\u0027s Wanderer Trilogy","Koishi","Marisa????????","Marked Mod","Melee Mod","Minty Spire (QoL Compilation)","Permanent Neow","Quick Restart","RRrroohrrRGHHhhh!!","Random Character Button","Rare Cards Sparkle","Reimu??????","Relic Stats","Remilia??????","Replay The Spire","Shade Mod","Small Relic Pack","Spicy Shops","Spire Arcade","StSLib","The Animator","The Bug Knight","The Construct","The Disciple","The Hierophant","The Mystic","The Runesmith","The Senshi","The Servant 0.9.4","The Valiant","The Wild Card","TheBandit","TheVacant","Wandering Minibosses"],"gold_per_floor":[112,112,112,131,54,54,163,163,210,222,358,358,375,395,395,497,497,512,95,95,110,9,120,137,137,185,185,201,201,221,221,221],"floor_reached":31,"language":"ENG","playtime":1212,"items_purged":[],"score":265,"play_id":"46040e30-c4ab-44c2-9452-5795d1edab52","local_time":"20210124221808","is_ascension_mode":false,"campfire_choices":[{"data":"Stigmanizer","floor":6,"key":"SMITH"},{"floor":8,"key":"REST"},{"floor":15,"key":"REST"},{"floor":25,"key":"REST"},{"floor":27,"key":"RECALL"}],"circlet_count":0,"master_deck":["Strike_P","Strike_P","Strike_P","Strike_P","Defend_P","Defend_P","Defend_P","Defend_P","Eruption","Vigilance","FlurryOfBlows","Stigmanizer+1","ReplayTheSpireMod:Brewmster","hermit:Coalescence","theVacant:OnSecondThought","stsjorbsmod:HedgeWizard+1","animator:ZankiKiguchi","sneckomod:IronFang","PowerUp","stsjorbsmod:Fireball","stsjorbsmod:Materialize","Stigmanizer+1","The Bomb+1","animator:Illya+1","JustLucky","Replay:BluntJabs","DemonKingCradle","sneckomod:UnknownClassPURPLE+1","beaked:BraceForImpact","meleeMod_ForwardTilt"],"relics":["PureWater","PrismaticShard","Cauldron","Replay:Kaleidoscope","rorgmod:Ceramic Fish","Replay:Wax Seal","hubris:Spice","PreservedInsect","HollowMod:StagPassRelic","SacredBark","halation:LettersToHer","DollysMirror","Akabeko","GremlinMask"],"acts_visited":["Exordium","TheCity"],"potions_floor_usage":[7,14,14,23,30,31],"damage_taken":[{"damage":22,"enemies":"Jaw Worm","floor":1,"turns":2},{"damage":0,"enemies":"2 Louse","floor":4,"turns":1},{"damage":10,"enemies":"Gremlin Nob","floor":7,"turns":3},{"damage":0,"enemies":"Small Slimes","floor":10,"turns":2},{"damage":11,"enemies":"3 Sentries","floor":11,"turns":3},{"damage":0,"enemies":"Looter","floor":13,"turns":2},{"damage":12,"enemies":"Exordium Thugs","floor":14,"turns":2},{"damage":50,"enemies":"Slime Boss","floor":16,"turns":8},{"damage":0,"enemies":"Shell Parasite","floor":18,"turns":1},{"damage":13,"enemies":"3 Byrds","floor":21,"turns":4},{"damage":34,"enemies":"Slavers","floor":23,"turns":4},{"damage":11,"enemies":"Snake Plant","floor":24,"turns":3},{"damage":10,"enemies":"Centurion and Healer","floor":28,"turns":3},{"damage":1,"enemies":"3 Cultists","floor":30,"turns":3},{"damage":38,"enemies":"Snake Plant","floor":31,"turns":4}],"seed_played":"5456363791901474982","potions_obtained":[{"floor":7,"key":"Death Potion"},{"floor":11,"key":"Flashbang"},{"floor":23,"key":"SteroidPotion"},{"floor":28,"key":"DuplicationPotion"}],"is_trial":false,"path_per_floor":["M","?","?","M","$","R","E","R","T","M","E","?","M","M","R","B",null,"M","$","?","M","$","E","M","R","T","R","M","?","M","M"],"character_chosen":"WATCHER","items_purchased":["PrismaticShard","Cauldron","rorgmod:Ceramic Fish","FlurryOfBlows","Replay:Wax Seal","halation:LettersToHer","DollysMirror","The Bomb","JustLucky","Replay:BluntJabs"],"campfire_rested":3,"item_purchase_floors":[0,0,0,0,5,19,19,19,22,22],"current_hp_per_floor":[50,50,50,50,50,50,48,72,72,72,61,61,61,49,73,23,80,80,80,80,67,67,33,22,46,46,46,36,36,35,0,0],"gold":221,"neow_bonus":"","is_daily":false,"chose_seed":false,"campfire_upgraded":1,"win_rate":0.0,"timestamp":1611551888,"path_taken":["M","?","?","M","$","R","E","R","T","M","E","?","M","M","R","BOSS","M","$","?","M","?","E","M","R","T","R","?","?","?","M"],"items_purchased_type":["Relic","Relic","Relic","Card","Relic","Relic","Relic","Card","Card","Card"],"build_version":"2020-12-22","purchased_purges":0,"victory":false,"max_hp_per_floor":[72,72,72,72,72,72,80,80,80,80,80,80,80,80,80,80,80,80,80,80,80,80,80,80,80,80,80,80,80,80,80,80],"relic_stats":{"counters":[15,45],"PreservedInsect":68,"obtain_stats":[{"rorgmod:Ceramic Fish":0,"aspiration:Nostalgia":0,"SacredBark":17,"GremlinMask":29,"PreservedInsect":9,"Replay:Kaleidoscope":0,"PrismaticShard":0,"HollowMod:StagPassRelic":11,"Akabeko":26,"Cauldron":0,"m_ChordRing":0,"hubris:Spice":7,"DollysMirror":19,"PureWater":0,"Replay:Wax Seal":5,"halation:LettersToHer":19},{"rorgmod:Ceramic Fish":0,"aspiration:Nostalgia":0,"SacredBark":8,"GremlinMask":13,"PreservedInsect":3,"Replay:Kaleidoscope":0,"PrismaticShard":0,"HollowMod:StagPassRelic":5,"Akabeko":12,"Cauldron":0,"m_ChordRing":0,"hubris:Spice":3,"DollysMirror":9,"PureWater":0,"Replay:Wax Seal":2,"halation:LettersToHer":9},{"rorgmod:Ceramic Fish":0,"aspiration:Nostalgia":0,"SacredBark":23,"GremlinMask":38,"PreservedInsect":6,"Replay:Kaleidoscope":0,"PrismaticShard":0,"HollowMod:StagPassRelic":11,"Akabeko":35,"Cauldron":0,"m_ChordRing":0,"hubris:Spice":6,"DollysMirror":24,"PureWater":0,"Replay:Wax Seal":3,"halation:LettersToHer":24}]},"card_choices":[{"not_picked":["hermit:Dive","HollowMod:ShapeofUnn"],"picked":"Stigmanizer","floor":1},{"not_picked":["Deep Breath","ReplayTheSpireMod:Uncanny Aura"],"picked":"ReplayTheSpireMod:Brewmster","floor":2},{"not_picked":["bard:CuttingWords","theWildCard:Unburden"],"picked":"hermit:Coalescence","floor":4},{"not_picked":["bronze:Overload","hierophant:AuricBeam"],"picked":"theVacant:OnSecondThought","floor":7},{"not_picked":["Guardian:PolyBeam","stsjorbsmod:Channel"],"picked":"stsjorbsmod:HedgeWizard","floor":10},{"not_picked":["MillisecondPulsars","sneckomod:UnknownClassMYSTIC_PURPLE"],"picked":"animator:ZankiKiguchi","floor":11},{"not_picked":["ReplayTheSpireMod:Uncanny Aura","mysticmod:Alacrity"],"picked":"sneckomod:IronFang","floor":13},{"not_picked":["Body Slam","animator:Shigure"],"picked":"PowerUp","floor":14},{"not_picked":["HollowMod:LordofShades","animator:Wiz"],"picked":"stsjorbsmod:Fireball","floor":16},{"not_picked":["mysticmod:Riposte","HollowMod:TaintedHusks+1"],"picked":"stsjorbsmod:Materialize","floor":18},{"not_picked":["Slimebound:LeechEnergy","hermit:Misfire+1"],"picked":"animator:Illya+1","floor":21},{"not_picked":["DevilSight+1","champ:StanceDance"],"picked":"DemonKingCradle","floor":23},{"not_picked":["hexamod:InspiringFlames","Koishi:StingingMind+1"],"picked":"sneckomod:UnknownClassPURPLE+1","floor":24},{"not_picked":["bard:InspiringSong","ScarletDevilSign+1"],"picked":"beaked:BraceForImpact","floor":28},{"not_picked":["Slimebound:RollThrough+1","Shade:Patience"],"picked":"meleeMod_ForwardTilt","floor":30}],"player_experience":379866,"relics_obtained":[{"floor":7,"key":"hubris:Spice"},{"floor":9,"key":"PreservedInsect"},{"floor":11,"key":"HollowMod:StagPassRelic"},{"floor":26,"key":"halation:LettersToHer"},{"floor":26,"key":"Akabeko"}],"event_choices":[{"damage_healed":0,"gold_gain":1,"player_choice":"1","damage_taken":0,"max_hp_gain":0,"max_hp_loss":0,"event_name":"betterStone:BetterStone","floor":2,"gold_loss":0},{"damage_healed":0,"gold_gain":0,"player_choice":"Ignored","damage_taken":0,"max_hp_gain":0,"max_hp_loss":0,"event_name":"Transmorgrifier","floor":20,"gold_loss":0},{"damage_healed":0,"gold_gain":0,"player_choice":"Trade","damage_taken":0,"relics_obtained":["GremlinMask"],"max_hp_gain":0,"max_hp_loss":0,"event_name":"FaceTrader","floor":29,"gold_loss":0}],"is_beta":false,"boss_relics":[{"not_picked":["Replay:Wanted Poster","hubris:Spice"],"picked":"SacredBark"}],"items_purged_floors":[],"is_endless":false,"potions_floor_spawned":[7,11,13,23,28],"killed_by":"Snake Plant","ascension_level":0}}