{"host":"1mdoazogr9tl4b3g","time":1611611950,"event":{"mods":["Act Like it!","Aspiration","Bard","BaseMod","Beaked The Cultist","BetterRewards","Block Reminder","Conspire","Glutton Mod","Hermit","Hubris","Infinite Spire","Marisa????????","Mimic Mod","Minty Spire (QoL Compilation)","Rare Cards Sparkle","Relic Sorter","Replay The Spire","Shop Mod","StSLib","The Animator","The Blackbeard","The Bladedancer","The Bug Knight","The Construct","The Cursed","The Disciple","The Hierophant","The Mystic","The Necromancer","The Runesmith","The Servant 0.9.4","The Spell Scribe","Uncapped","Wandering Minibosses"],"gold_per_floor":[111,111,122,44,58,92,92,126,126,140,140,155,167,199,199,302,302,318,332,332,343,343,343,343,360,432,442,442,442,459,469,469,574,574,574],"floor_reached":34,"language":"ENG","playtime":2605,"items_purged":["Strike_R"],"score":471,"play_id":"5f22603b-69bc-4599-a612-c2a64a116aeb","local_time":"20210125155910","is_ascension_mode":true,"campfire_choices":[{"data":"Night Terror","floor":11,"key":"SMITH"},{"data":"Metallicize","floor":11,"key":"SMITH"},{"data":"Cloak And Dagger","floor":15,"key":"SMITH"},{"data":"Metallicize","floor":15,"key":"SMITH"},{"data":"Feed","floor":23,"key":"SMITH"},{"data":"Quick Slash","floor":23,"key":"SMITH"},{"data":"Slice","floor":29,"key":"SMITH"},{"data":"Strike_R","floor":29,"key":"SMITH"},{"floor":32,"key":"REST"}],"circlet_count":0,"master_deck":["Strike_R","Strike_R+1","Defend_R","Defend_R","Defend_R","Bash+1","Slice+1","Quick Slash+1","Cloak And Dagger+1","Metallicize+1","Metallicize+1","Demonic Infusion+1","Feed+1"],"relics":["Burning Blood","aspiration:Nostalgia","m_BookOfShivs","hubris:OldNail","Replay:Arrowhead","aspiration:DSix","Replay:Bottled Steam","aspiration:RunicSpoon","conspire:SlowCooker","aspiration:KaomsHeart"],"acts_visited":["Exordium","TheCity","TheBeyond"],"potions_floor_usage":[14,16],"damage_taken":[{"damage":5,"enemies":"Small Slimes","floor":1,"turns":3},{"damage":5,"enemies":"infinitespire:Voidling","floor":3,"turns":4},{"damage":0,"enemies":"conspire:RoseBush","floor":5,"turns":3},{"damage":11,"enemies":"Gremlin Nob","floor":6,"turns":5},{"damage":20,"enemies":"Lagavulin","floor":8,"turns":5},{"damage":10,"enemies":"Red Slaver","floor":10,"turns":4},{"damage":6,"enemies":"Looter","floor":12,"turns":4},{"damage":8,"enemies":"Blue Slaver","floor":13,"turns":4},{"damage":0,"enemies":"HollowMod:MossKnight","floor":14,"turns":3},{"damage":54,"enemies":"The Guardian","floor":16,"turns":11},{"damage":31,"enemies":"conspire:FuzzyDice","floor":18,"turns":10},{"damage":8,"enemies":"conspire:HollyBat","floor":19,"turns":13},{"damage":33,"enemies":"Snecko","floor":21,"turns":8},{"damage":46,"enemies":"Snake Plant","floor":25,"turns":6},{"damage":17,"enemies":"Chosen and Byrds","floor":27,"turns":8},{"damage":1,"enemies":"conspire:HollyBat","floor":30,"turns":8},{"damage":14,"enemies":"Snecko","floor":31,"turns":4},{"damage":162,"enemies":"hubris:MusketHawk","floor":33,"turns":17}],"seed_played":"-2135891541094411571","potions_obtained":[{"floor":5,"key":"GamblersBrew"},{"floor":12,"key":"construct:ShiftPotion"},{"floor":13,"key":"SteroidPotion"},{"floor":19,"key":"Elixir"},{"floor":27,"key":"Reflective Coating"}],"is_trial":false,"path_per_floor":["M","?","M","$","M","E","?","E","T","M","R","M","M","E","R","B",null,"M","M","?","M","AVR","R","?","M","T","M","?","R","M","M","R","B",null],"character_chosen":"IRONCLAD","items_purchased":["Metallicize"],"campfire_rested":1,"item_purchase_floors":[4],"current_hp_per_floor":[80,80,80,80,80,75,75,61,61,57,57,57,55,61,61,13,80,61,66,103,79,179,179,179,143,143,136,214,214,218,214,222,66,222,222],"gold":574,"neow_bonus":"NOSTALGIA","is_daily":false,"chose_seed":false,"campfire_upgraded":8,"win_rate":0.0,"timestamp":1611611950,"path_taken":["M","?","M","$","?","E","?","E","T","M","R","?","M","E","R","BOSS","M","M","?","?","AVR","R","?","M","T","?","?","R","?","M","R","BOSS"],"items_purchased_type":["Card"],"build_version":"2020-12-22","purchased_purges":1,"victory":false,"max_hp_per_floor":[80,80,80,80,80,80,80,80,80,80,80,80,80,80,80,80,80,86,93,103,106,206,206,206,210,210,214,214,214,218,222,222,222,222,222],"card_choices":[{"not_picked":["Prepared","Sword Boomerang"],"picked":"Feel No Pain","floor":1},{"not_picked":["Warcry","True Grit"],"picked":"Metallicize","floor":3},{"not_picked":["Flex","Dagger Throw","Iron Wave"],"picked":"SKIP","floor":5},{"not_picked":["Sword Boomerang","Heavy Blade","Rampage"],"picked":"SKIP","floor":6},{"not_picked":["Iron Wave","Anger"],"picked":"Night Terror","floor":8},{"not_picked":["Heavy Blade","Shrug It Off","Body Slam"],"picked":"SKIP","floor":10},{"not_picked":["ReplayTheSpireMod:The Works","Twin Strike","conspire:ExplosiveBarrier"],"picked":"SKIP","floor":12},{"not_picked":["Combust","Body Slam","Prepared"],"picked":"SKIP","floor":13},{"not_picked":["Bludgeon","Wild Strike","Heavy Blade"],"picked":"SKIP","floor":14},{"not_picked":["Exhume","Immolate"],"picked":"Feed","floor":16},{"not_picked":["Warcry","Sword Boomerang+1","Anger"],"picked":"SKIP","floor":18},{"not_picked":["Intimidate","Shockwave+1","Iron Wave"],"picked":"SKIP","floor":19},{"not_picked":["Spot Weakness","Clash","Iron Wave"],"picked":"SKIP","floor":21},{"not_picked":["Rage","Ghostly Armor","Warcry"],"picked":"SKIP","floor":25},{"not_picked":["Clash","Entrench+1","Headbutt+1"],"picked":"SKIP","floor":27},{"not_picked":["Bloodletting","Thunderclap","Sever Soul"],"picked":"SKIP","floor":30},{"not_picked":["Intimidate","hubris:StunningStrike","Defy Death"],"picked":"SKIP","floor":31}],"player_experience":391479,"relics_obtained":[{"floor":6,"key":"hubris:OldNail"},{"floor":8,"key":"Replay:Arrowhead"},{"floor":9,"key":"aspiration:DSix"},{"floor":14,"key":"Replay:Bottled Steam"},{"floor":26,"key":"aspiration:KMNothing"}],"event_choices":[{"cards_removed":["Feel No Pain"],"damage_healed":0,"gold_gain":0,"player_choice":"Took Card","damage_taken":0,"max_hp_gain":0,"max_hp_loss":0,"event_name":"NoteForYourself","floor":7,"gold_loss":0,"cards_obtained":["Demonic Infusion"]},{"cards_removed":["Night Terror"],"damage_healed":27,"gold_gain":0,"player_choice":"Offered Rare","damage_taken":0,"max_hp_gain":10,"max_hp_loss":0,"event_name":"Bonfire Elementals","floor":20,"gold_loss":0},{"damage_healed":0,"gold_gain":0,"player_choice":"Forge","damage_taken":0,"max_hp_gain":0,"max_hp_loss":0,"event_name":"Accursed Blacksmith","floor":24,"gold_loss":0,"cards_upgraded":["Bash"]},{"damage_healed":78,"gold_gain":0,"player_choice":"Full Heal","damage_taken":0,"max_hp_gain":0,"max_hp_loss":0,"event_name":"Wheel of Change","floor":28,"gold_loss":0}],"is_beta":false,"boss_relics":[{"not_picked":["Cursed Key","aspiration:SecretTechniqueScroll"],"picked":"aspiration:RunicSpoon"},{"not_picked":["aspiration:KMNothing","aspiration:KMNothing"],"picked":"aspiration:KMNothing"}],"items_purged_floors":[22],"is_endless":false,"potions_floor_spawned":[5,12,13,19,27,31,33],"ascension_level":1}}