{"host":"sav7uxregyirlf69","time":1611593273,"event":{"mods":["AchievementEnabler","BaseMod","Colored Map","DeckTracker","Keyboard Shortcuts","Minty Spire (QoL Compilation)","READ ME - Guardian Mod","StSLib","SuperFastMode"],"gold_per_floor":[119,194,194,209,224,258,258,258,336,354,114,114,128,139,139,218,218,230,244,169,12,12,287,287,187,260,260,280,300,335,354,354,431,431,450,282,282,293,313,339,664,664,664],"floor_reached":42,"language":"KOR","playtime":1150,"items_purged":["Strike_B","Regret","Strike_B"],"score":1071,"play_id":"5ccd2b8b-e3e7-4733-ac16-351760e22818","local_time":"20210126014753","is_ascension_mode":true,"campfire_choices":[{"data":"Zap","floor":8,"key":"SMITH"},{"data":"Blizzard","floor":12,"key":"SMITH"},{"floor":15,"key":"REST"},{"floor":24,"key":"REST"},{"floor":27,"key":"REST"},{"data":"Capacitor","floor":32,"key":"SMITH"}],"circlet_count":0,"master_deck":["AscendersBane","Defend_B","Defend_B","Defend_B","Zap+1","Dualcast","Compile Driver","Cold Snap","Go for the Eyes","Chill","Consume","Capacitor+1","Blizzard+1","Undo","Coolheaded","Electrodynamics","Rainbow","Hologram","Steam","Reboot","Chill","Biased Cognition","Double Energy","All For One","Conserve Battery+1","Turbo","Cold Snap"],"relics":["Cracked Core","NeowsBlessing","Ancient Tea Set","Question Card","Runic Pyramid","DataDisk","Cables","Centennial Puzzle","Philosopher\u0027s Stone","Bottled Tornado","Old Coin"],"acts_visited":["Exordium","TheCity","TheBeyond"],"potions_floor_usage":[6,13,16,28,30],"damage_taken":[{"damage":0,"enemies":"Cultist","floor":1,"turns":1},{"damage":0,"enemies":"Small Slimes","floor":4,"turns":1},{"damage":0,"enemies":"2 Louse","floor":5,"turns":1},{"damage":19,"enemies":"Lagavulin","floor":6,"turns":7},{"damage":3,"enemies":"Looter","floor":10,"turns":3},{"damage":17,"enemies":"Exordium Thugs","floor":13,"turns":4},{"damage":5,"enemies":"2 Fungi Beasts","floor":14,"turns":4},{"damage":7,"enemies":"Hexaghost","floor":16,"turns":12},{"damage":27,"enemies":"2 Thieves","floor":18,"turns":5},{"damage":0,"enemies":"Chosen","floor":19,"turns":6},{"damage":8,"enemies":"Snake Plant","floor":28,"turns":2},{"damage":0,"enemies":"Cultist and Chosen","floor":29,"turns":6},{"damage":5,"enemies":"Gremlin Leader","floor":30,"turns":4},{"damage":14,"enemies":"3 Cultists","floor":31,"turns":4},{"damage":0,"enemies":"Champ","floor":33,"turns":12},{"damage":1,"enemies":"3 Shapes","floor":35,"turns":2},{"damage":2,"enemies":"3 Darklings","floor":38,"turns":4},{"damage":12,"enemies":"Spire Growth","floor":39,"turns":7},{"damage":14,"enemies":"Nemesis","floor":40,"turns":7},{"damage":16,"enemies":"Mind Bloom Boss Battle","floor":41,"turns":9},{"damage":23,"enemies":"Giant Head","floor":42,"turns":9}],"seed_played":"-4100016232109233575","potions_obtained":[{"floor":4,"key":"SteroidPotion"},{"floor":5,"key":"Strength Potion"},{"floor":6,"key":"SkillPotion"},{"floor":13,"key":"Block Potion"},{"floor":18,"key":"DistilledChaos"},{"floor":29,"key":"Explosive Potion"},{"floor":31,"key":"Fire Potion"},{"floor":38,"key":"FocusPotion"}],"is_trial":false,"path_per_floor":["M","?","?","M","M","E","?","R","T","M","$","R","M","M","R","B",null,"M","M","?","$","?","?","R","$","T","R","M","M","E","M","R","B",null,"M","$","?","M","M","E","?","E"],"character_chosen":"DEFECT","items_purchased":["Capacitor","Blizzard","DataDisk","Double Energy"],"campfire_rested":3,"item_purchase_floors":[11,11,21,36],"current_hp_per_floor":[64,53,53,53,53,34,27,27,27,24,24,24,7,2,23,16,57,30,30,30,30,10,10,32,32,32,54,46,46,41,27,27,27,64,63,63,63,61,49,35,19,0,0],"gold":664,"neow_bonus":"THREE_ENEMY_KILL","is_daily":false,"chose_seed":false,"campfire_upgraded":3,"win_rate":0.0,"timestamp":1611593273,"path_taken":["M","?","?","M","M","E","?","R","T","M","?","R","?","M","R","BOSS","M","M","?","$","?","?","R","$","T","R","?","M","E","M","R","BOSS","M","$","?","?","M","E","?","E"],"items_purchased_type":["Card","Card","Relic","Card"],"build_version":"2020-12-22","purchased_purges":3,"victory":false,"max_hp_per_floor":[71,71,71,71,71,71,71,71,71,71,71,71,71,71,71,71,71,71,71,71,71,76,76,76,76,76,76,76,76,76,76,76,76,76,76,76,76,76,76,76,76,76,76],"card_choices":[{"not_picked":["Stack","Turbo"],"picked":"Compile Driver","floor":1},{"not_picked":["Steam","Hologram"],"picked":"Cold Snap","floor":4},{"not_picked":["Storm","Chaos"],"picked":"Go for the Eyes","floor":5},{"not_picked":["Cold Snap","Turbo"],"picked":"Chill","floor":6},{"not_picked":["Gash","Force Field","Static Discharge"],"picked":"Consume","floor":10},{"not_picked":["Sweeping Beam","Chaos","Echo Form"],"picked":"Undo","floor":13},{"not_picked":["Rebound","Gash","Ball Lightning"],"picked":"Coolheaded","floor":14},{"not_picked":["Creative AI","Rainbow","Thunder Strike"],"picked":"Electrodynamics","floor":16},{"not_picked":["Rip and Tear","White Noise","Rebound","Leap"],"picked":"SKIP","floor":18},{"not_picked":["Stack","Barrage","Go for the Eyes+1"],"picked":"Rainbow","floor":19},{"not_picked":["Lockon","Go for the Eyes","Sweeping Beam"],"picked":"Hologram","floor":28},{"not_picked":["Sunder","Skim","White Noise"],"picked":"Steam","floor":29},{"not_picked":["Genetic Algorithm+1","Go for the Eyes","Storm"],"picked":"Reboot","floor":30},{"not_picked":["Ball Lightning","Coolheaded","Leap"],"picked":"Chill","floor":31},{"not_picked":["Amplify","Seek","Creative AI"],"picked":"Biased Cognition","floor":33},{"not_picked":["Ball Lightning","Stack","Streamline","Conserve Battery"],"picked":"SKIP","floor":35},{"not_picked":["Storm","FTL","Tempest+1"],"picked":"Conserve Battery+1","floor":38},{"not_picked":["White Noise","Conserve Battery+1","Barrage+1"],"picked":"Turbo","floor":39},{"not_picked":["Reinforced Body","Turbo","Meteor Strike","Aggregate"],"picked":"SKIP","floor":40},{"not_picked":["Hologram","Sweeping Beam","Rebound+1"],"picked":"Cold Snap","floor":41}],"player_experience":1382289,"relics_obtained":[{"floor":6,"key":"Ancient Tea Set"},{"floor":9,"key":"Question Card"},{"floor":26,"key":"Cables"},{"floor":30,"key":"Centennial Puzzle"},{"floor":40,"key":"Bottled Tornado"},{"floor":41,"key":"Old Coin"}],"event_choices":[{"damage_healed":0,"gold_gain":75,"player_choice":"Gather Gold","damage_taken":11,"max_hp_gain":0,"max_hp_loss":0,"event_name":"World of Goop","floor":2,"gold_loss":0},{"damage_healed":0,"gold_gain":0,"player_choice":"Ignored","damage_taken":0,"max_hp_gain":0,"max_hp_loss":0,"event_name":"Liars Game","floor":3,"gold_loss":0},{"cards_removed":["Strike_B"],"damage_healed":0,"gold_gain":0,"player_choice":"Card Removal","damage_taken":7,"max_hp_gain":0,"max_hp_loss":0,"event_name":"Golden Wing","floor":7,"gold_loss":0},{"cards_removed":["Strike_B"],"damage_healed":0,"gold_gain":0,"player_choice":"Gave Gold","damage_taken":0,"max_hp_gain":0,"max_hp_loss":0,"event_name":"Beggar","floor":20,"gold_loss":75},{"damage_healed":0,"gold_gain":0,"player_choice":"Shed Blood","damage_taken":25,"max_hp_gain":5,"max_hp_loss":0,"event_name":"Forgotten Altar","floor":22,"gold_loss":0},{"damage_healed":0,"gold_gain":275,"player_choice":"Desecrate","damage_taken":0,"max_hp_gain":0,"max_hp_loss":0,"event_name":"Golden Shrine","floor":23,"gold_loss":0,"cards_obtained":["Regret"]},{"damage_healed":0,"gold_gain":0,"cards_transformed":["Defend_B"],"player_choice":"Transformed","damage_taken":0,"max_hp_gain":0,"max_hp_loss":0,"event_name":"Transmorgrifier","floor":37,"gold_loss":0,"cards_obtained":["All For One"]},{"damage_healed":0,"gold_gain":0,"player_choice":"Fight","damage_taken":0,"max_hp_gain":0,"max_hp_loss":0,"event_name":"MindBloom","floor":41,"gold_loss":0}],"is_beta":false,"boss_relics":[{"not_picked":["Runic Dome","Pandora\u0027s Box"],"picked":"Runic Pyramid"},{"not_picked":["Snecko Eye","Busted Crown"],"picked":"Philosopher\u0027s Stone"}],"items_purged_floors":[11,25,36],"is_endless":false,"potions_floor_spawned":[4,5,6,13,14,18,29,31,38],"killed_by":"Giant Head","ascension_level":20}}