{"host":"m1hsm1cztz438mir","time":1611539904,"event":{"mods":["2.2 Compatiblity","AchievementEnabler","Act Like it!","BaseMod","Colored Map","Curses Come First","Downfall","Minty Spire (QoL Compilation)","Relic Stats","Shop Mod","StSLib"],"gold_per_floor":[0,11,30,44,44,100,152,183,194,194,206,244,277,427,447,447,447,447],"floor_reached":16,"language":"ENG","playtime":1236,"items_purged":[],"score":120,"play_id":"f73da758-5bb3-4fac-9357-7e1fa2ef2cd2","local_time":"20210125015824","is_ascension_mode":true,"campfire_choices":[{"floor":10,"key":"RECALL"}],"circlet_count":0,"master_deck":["sneckomod:Strike","sneckomod:Strike","sneckomod:Strike+1","sneckomod:Defend","sneckomod:Defend","sneckomod:Defend","sneckomod:TailWhip","sneckomod:SnekBite","sneckomod:Unknown","Phantasmal Killer","sneckomod:WideSting+1","sneckomod:QuickMove","sneckomod:UnknownRarePower","sneckomod:Unknown3Cost","sneckomod:WideSting","sneckomod:QuickBite","sneckomod:SnakeSap","sneckomod:IronFang","sneckomod:UnendingSupply","downfall:Icky","sneckomod:CheapStock"],"relics":["sneckomod:SneckoSoul","Prayer Wheel","downfall:BrokenWingStatue","Turnip","Whetstone","sneckomod:ConfusingCodex","Art of War"],"acts_visited":["Exordium"],"potions_floor_usage":[6,13,16],"damage_taken":[{"damage":4,"enemies":"Jaw Worm","floor":2,"turns":4},{"damage":0,"enemies":"Small Slimes","floor":3,"turns":3},{"damage":6,"enemies":"2 Louse","floor":4,"turns":3},{"damage":5,"enemies":"Gremlin Nob","floor":6,"turns":3},{"damage":20,"enemies":"3 Sentries","floor":8,"turns":7},{"damage":0,"enemies":"Large Slime","floor":9,"turns":2},{"damage":0,"enemies":"Blue Slaver","floor":11,"turns":2},{"damage":5,"enemies":"Large Slime","floor":12,"turns":5},{"damage":8,"enemies":"Lagavulin","floor":13,"turns":4},{"damage":10,"enemies":"2 Fungi Beasts","floor":15,"turns":3},{"damage":38,"enemies":"DF_ARCHETYPE_STREAMLINE","floor":16,"turns":10}],"seed_played":"3713972449963655697","potions_obtained":[{"floor":2,"key":"Energy Potion"},{"floor":6,"key":"Fire Potion"},{"floor":11,"key":"Energy Potion"},{"floor":12,"key":"SmokeBomb"}],"is_trial":false,"path_per_floor":["R","M","M","M","?","?","T","E","M","R","M","M","E","?","M","B"],"character_chosen":"THE_SNECKO","items_purchased":[],"campfire_rested":0,"item_purchase_floors":[],"current_hp_per_floor":[90,86,86,80,80,75,75,55,55,55,55,50,42,42,32,0,0,0],"gold":447,"neow_bonus":"ONE_RARE_RELIC","is_daily":false,"chose_seed":false,"campfire_upgraded":0,"win_rate":0.0,"timestamp":1611539904,"path_taken":["R","M","M","M","?","?","T","E","?","R","M","M","E","?","M","BOSS"],"items_purchased_type":[],"build_version":"2020-12-22","purchased_purges":0,"victory":false,"max_hp_per_floor":[90,90,90,90,90,90,90,90,90,90,90,90,90,90,90,90,90,90],"relic_stats":{"counters":[11,46],"Prayer Wheel":7,"Turnip":[2],"Art of War":[2],"Whetstone":["sneckomod:Strike","sneckomod:WideSting"],"obtain_stats":[{"downfall:BrokenWingStatue":5,"sneckomod:ConfusingCodex":8,"Prayer Wheel":0,"Turnip":6,"Art of War":13,"Whetstone":7,"sneckomod:SneckoSoul":0},{"downfall:BrokenWingStatue":3,"sneckomod:ConfusingCodex":5,"Prayer Wheel":0,"Turnip":4,"Art of War":9,"Whetstone":4,"sneckomod:SneckoSoul":0},{"downfall:BrokenWingStatue":10,"sneckomod:ConfusingCodex":20,"Prayer Wheel":0,"Turnip":13,"Art of War":33,"Whetstone":13,"sneckomod:SneckoSoul":0}]},"card_choices":[{"not_picked":["sneckomod:RainOfDice","sneckomod:SoulDraw"],"picked":"sneckomod:WideSting","floor":2},{"not_picked":["sneckomod:UnknownUncommonSkill","sneckomod:UnknownCommonSkill"],"picked":"sneckomod:QuickMove","floor":2},{"not_picked":["sneckomod:UnknownCommonAttack","sneckomod:UnknownDraw"],"picked":"sneckomod:UnknownRarePower","floor":3},{"not_picked":["sneckomod:UnknownCommonAttack","sneckomod:UnknownCommonSkill","sneckomod:SoulRoll"],"picked":"SKIP","floor":3},{"not_picked":["sneckomod:WideSting","sneckomod:UnknownStrike","sneckomod:SoulRoll"],"picked":"SKIP","floor":4},{"not_picked":["sneckomod:UnknownDraw","sneckomod:UnknownCommonSkill","sneckomod:SoulRoll"],"picked":"SKIP","floor":4},{"not_picked":["sneckomod:QuickBite","sneckomod:UnknownCommonAttack"],"picked":"sneckomod:Unknown3Cost","floor":6},{"not_picked":["sneckomod:UnknownCommonSkill","sneckomod:UnknownX"],"picked":"sneckomod:WideSting","floor":8},{"not_picked":["sneckomod:Unknown1Cost","sneckomod:QuickMove"],"picked":"sneckomod:QuickBite","floor":9},{"not_picked":["sneckomod:UnknownStrength","sneckomod:ImprovisedGuard","sneckomod:UnknownUncommonAttack"],"picked":"SKIP","floor":9},{"not_picked":["sneckomod:DiceCrush","sneckomod:TrashToTreasure"],"picked":"sneckomod:SnakeSap","floor":11},{"not_picked":["sneckomod:DiceBoulder","sneckomod:UnknownStrike","sneckomod:SoulDraw"],"picked":"SKIP","floor":11},{"not_picked":["sneckomod:UnknownDraw","sneckomod:DiceBlock"],"picked":"sneckomod:IronFang","floor":12},{"not_picked":["sneckomod:DiceBlock","sneckomod:UnknownStrike","sneckomod:UnknownUncommonAttack"],"picked":"SKIP","floor":12},{"not_picked":["sneckomod:WideSting","sneckomod:DiceCrush"],"picked":"sneckomod:UnendingSupply","floor":13},{"not_picked":["sneckomod:Unknown1Cost","sneckomod:UnknownCommonSkill"],"picked":"sneckomod:CheapStock","floor":15},{"not_picked":["sneckomod:UnknownBlock","sneckomod:UnknownUncommonAttack","sneckomod:UnknownExhaust"],"picked":"SKIP","floor":15}],"player_experience":410743,"relics_obtained":[{"floor":6,"key":"Turnip"},{"floor":7,"key":"Whetstone"},{"floor":8,"key":"sneckomod:ConfusingCodex"},{"floor":13,"key":"Art of War"}],"event_choices":[],"is_beta":false,"boss_relics":[],"items_purged_floors":[],"is_endless":false,"potions_floor_spawned":[2,6,11,12],"killed_by":"DF_ARCHETYPE_STREAMLINE","ascension_level":1}}