{"host":"9v3x998ddbx8o276","time":1611569854,"event":{"mods":["AchievementEnabler","BaseMod","Colored Map","Colored Powertips","Highlight Path","Minty Spire (QoL Compilation)","Quick Restart","Rare Cards Sparkle"],"gold_per_floor":[111,122,122,9,9,51,76,76,158,202,202,20,63,90,90,219,219,243,243,272,272,305,305,348,348,383,383,82,107,241,266,266,404,404,438,438,83,92,126,166,166,211,220,220,233,253,28,75,75,75],"floor_reached":51,"language":"ENG","playtime":2644,"items_purged":["Pain","Strike_R"],"score":1320,"play_id":"80ea607f-31ca-4654-b127-c4162f765d95","local_time":"20210125204734","is_ascension_mode":true,"campfire_choices":[{"data":"Feel No Pain","floor":8.0,"key":"SMITH"},{"data":"Barricade","floor":11.0,"key":"SMITH"},{"data":"Feel No Pain","floor":15.0,"key":"SMITH"},{"floor":23.0,"key":"REST"},{"data":"Second Wind","floor":25,"key":"SMITH"},{"data":"Fiend Fire","floor":27,"key":"SMITH"},{"data":"Corruption","floor":32,"key":"SMITH"},{"data":"Discovery","floor":41,"key":"SMITH"},{"data":"Impervious","floor":44,"key":"SMITH"},{"floor":49,"key":"REST"}],"circlet_count":0,"master_deck":["AscendersBane","Strike_R","Strike_R","Strike_R","Strike_R","Defend_R","Defend_R","Defend_R","Defend_R","Bash","Flash of Steel","Pummel","Clothesline","Feel No Pain+1","Second Wind+1","Fiend Fire+1","Sword Boomerang","Barricade+1","Feel No Pain+1","Flame Barrier","Twin Strike","Corruption+1","Pommel Strike","Shrug It Off","Combust+1","Reckless Charge","Flash of Steel","True Grit","Havoc","Anger","True Grit","Flame Barrier+1","Demon Form+1","Rupture+1","Impervious+1","Disarm","Discovery+1","Body Slam","Panache+1","Flash of Steel","Hemokinesis","Brutality+1","Body Slam+1","Shame","Metallicize+1","Demon Form+1"],"relics":["Burning Blood","Golden Idol","CeramicFish","Mummified Hand","Meat on the Bone","Membership Card","Pen Nib","Cursed Key","Frozen Egg 2","Eternal Feather","Smiling Mask","Regal Pillow","OrangePellets","Gambling Chip","White Beast Statue","Snecko Eye","Red Skull","Pear","Mango","Oddly Smooth Stone","Shuriken","Happy Flower","Gremlin Horn"],"acts_visited":["Exordium","TheCity","TheBeyond"],"potions_floor_usage":[24,30,30,40,48,48,50],"damage_taken":[{"damage":1.0,"enemies":"Small Slimes","floor":1.0,"turns":4.0},{"damage":2.0,"enemies":"Jaw Worm","floor":2.0,"turns":3.0},{"damage":30.0,"enemies":"Lagavulin","floor":6.0,"turns":8.0},{"damage":0.0,"enemies":"2 Louse","floor":7.0,"turns":3.0},{"damage":11.0,"enemies":"3 Sentries","floor":10.0,"turns":9.0},{"damage":31.0,"enemies":"Gremlin Nob","floor":13.0,"turns":6.0},{"damage":1.0,"enemies":"Looter","floor":14.0,"turns":3.0},{"damage":33.0,"enemies":"The Guardian","floor":16.0,"turns":20.0},{"damage":15.0,"enemies":"Shell Parasite","floor":18.0,"turns":8.0},{"damage":2.0,"enemies":"Chosen","floor":20.0,"turns":9.0},{"damage":9.0,"enemies":"Centurion and Healer","floor":22.0,"turns":8.0},{"damage":63,"enemies":"Slavers","floor":24,"turns":7},{"damage":12,"enemies":"Chosen and Byrds","floor":29,"turns":5},{"damage":23,"enemies":"Colosseum Slavers","floor":30,"turns":5},{"damage":32,"enemies":"Colosseum Nobs","floor":30,"turns":6},{"damage":23,"enemies":"3 Cultists","floor":31,"turns":6},{"damage":21,"enemies":"Automaton","floor":33,"turns":14},{"damage":11,"enemies":"Orb Walker","floor":35,"turns":3},{"damage":12,"enemies":"3 Darklings","floor":39,"turns":3},{"damage":8,"enemies":"Reptomancer","floor":40,"turns":5},{"damage":16,"enemies":"Nemesis","floor":42,"turns":7},{"damage":39,"enemies":"Jaw Worm Horde","floor":45,"turns":4},{"damage":12,"enemies":"Spire Growth","floor":46,"turns":6},{"damage":35,"enemies":"Reptomancer","floor":48,"turns":6},{"damage":41,"enemies":"Donu and Deca","floor":50,"turns":6}],"seed_played":"3168128701067511445","potions_obtained":[{"floor":2.0,"key":"Block Potion"},{"floor":7.0,"key":"ColorlessPotion"},{"floor":10.0,"key":"FearPotion"},{"floor":14.0,"key":"PowerPotion"},{"floor":20.0,"key":"SteroidPotion"},{"floor":22.0,"key":"Regen Potion"},{"floor":31,"key":"Fire Potion"},{"floor":33,"key":"SneckoOil"},{"floor":40,"key":"Weak Potion"},{"floor":48,"key":"Energy Potion"}],"is_trial":false,"path_per_floor":["M","M","?","$","?","E","M","R","T","E","R","$","E","M","R","B",null,"M","?","M","?","M","R","E","R","T","R","$","M","?","M","R","B",null,"M","?","$","?","M","E","R","E","T","R","M","M","$","E","R","B",null],"character_chosen":"IRONCLAD","items_purchased":["Feel No Pain","Second Wind","Membership Card","Feel No Pain","Regal Pillow","OrangePellets","Flash of Steel","BlessingOfTheForge","True Grit","Havoc","Red Skull","Impervious","Disarm","Discovery","Body Slam","Panache+1","Shuriken","Happy Flower","Metallicize+1"],"campfire_rested":2,"item_purchase_floors":[4,4,12,12,28,28,28,28,28,28,37,37,37,37,37,37,47,47,47],"current_hp_per_floor":[77,80,60,60,60,36,42,42,42,37,37,37,24,41,41,26,67,58,58,62,62,59,80,35,50,50,65,65,59,42,37,55,52,73,68,68,68,63,57,65,89,93,93,104,71,65,65,48,104,69],"gold":75,"neow_bonus":"RANDOM_COLORLESS","is_daily":false,"chose_seed":false,"campfire_upgraded":8,"win_rate":0.0,"timestamp":1611569854,"path_taken":["M","M","?","$","?","E","M","R","T","E","R","?","E","M","R","BOSS","M","?","M","?","M","R","E","R","T","R","$","M","?","M","R","BOSS","M","?","$","?","M","E","R","E","T","R","M","M","$","E","R","BOSS"],"items_purchased_type":["Card","Card","Relic","Card","Relic","Relic","Card","Potion","Card","Card","Relic","Card","Card","Card","Card","Card","Relic","Relic","Card"],"build_version":"2020-12-22","purchased_purges":2,"victory":true,"max_hp_per_floor":[80,80,80,80,80,80,80,80,80,80,80,80,80,80,80,80,80,80,80,80,80,80,80,80,80,80,80,80,80,80,80,80,80,80,80,80,80,80,80,90,90,104,104,104,104,104,104,104,104,104],"card_choices":[{"not_picked":["Madness","Enlightenment"],"picked":"Flash of Steel","floor":0.0},{"not_picked":["Shockwave","Intimidate"],"picked":"Pummel","floor":1.0},{"not_picked":["Warcry","Anger"],"picked":"Clothesline","floor":2.0},{"not_picked":["Havoc","Dropkick"],"picked":"Fiend Fire","floor":6.0},{"not_picked":["Power Through","Wild Strike"],"picked":"Sword Boomerang","floor":7.0},{"not_picked":["Limit Break","Sword Boomerang"],"picked":"Barricade","floor":10.0},{"not_picked":["Fire Breathing","Warcry"],"picked":"Flame Barrier","floor":13.0},{"not_picked":["Clash","Headbutt"],"picked":"Twin Strike","floor":14.0},{"not_picked":["Juggernaut","Offering"],"picked":"Corruption","floor":16.0},{"not_picked":["Thunderclap","Shrug It Off"],"picked":"Pommel Strike","floor":18.0},{"not_picked":["Thunderclap+1","Searing Blow+1"],"picked":"Shrug It Off","floor":20.0},{"not_picked":["Sword Boomerang","Infernal Blade"],"picked":"Combust+1","floor":22.0},{"not_picked":["Dropkick","Fire Breathing+1"],"picked":"Reckless Charge","floor":24},{"not_picked":["Clash","Wild Strike"],"picked":"Anger","floor":29},{"not_picked":["Armaments+1","Sword Boomerang"],"picked":"True Grit","floor":30},{"not_picked":["Combust+1","Iron Wave"],"picked":"Flame Barrier+1","floor":31},{"not_picked":["Limit Break","Barricade+1"],"picked":"Demon Form+1","floor":33},{"not_picked":["Clash","Flex"],"picked":"Rupture+1","floor":35},{"not_picked":["Panacea","Secret Technique"],"picked":"Flash of Steel","floor":38},{"not_picked":["Pommel Strike","Sever Soul+1"],"picked":"Hemokinesis","floor":39},{"not_picked":["Intimidate+1","Carnage+1"],"picked":"Brutality+1","floor":40},{"not_picked":["Perfected Strike+1","Wild Strike+1"],"picked":"Body Slam+1","floor":42},{"not_picked":["Thunderclap+1","Flex","Heavy Blade"],"picked":"SKIP","floor":45},{"not_picked":["Wild Strike","Clash+1","Reckless Charge"],"picked":"SKIP","floor":46},{"not_picked":["Limit Break","Anger"],"picked":"Demon Form+1","floor":48}],"player_experience":1704228,"relics_obtained":[{"floor":6.0,"key":"CeramicFish"},{"floor":9.0,"key":"Mummified Hand"},{"floor":10.0,"key":"Meat on the Bone"},{"floor":13.0,"key":"Pen Nib"},{"floor":24,"key":"Eternal Feather"},{"floor":26,"key":"Smiling Mask"},{"floor":30,"key":"Gambling Chip"},{"floor":30,"key":"White Beast Statue"},{"floor":40,"key":"Pear"},{"floor":42,"key":"Mango"},{"floor":43,"key":"Oddly Smooth Stone"},{"floor":48,"key":"Gremlin Horn"}],"event_choices":[{"damage_healed":0.0,"max_hp_gain":0.0,"max_hp_loss":0.0,"gold_gain":0.0,"event_name":"Golden Idol","player_choice":"Take Damage","floor":3.0,"gold_loss":0.0,"damage_taken":20.0,"relics_obtained":["Golden Idol"]},{"damage_healed":0.0,"max_hp_gain":0.0,"max_hp_loss":0.0,"gold_gain":0.0,"event_name":"Liars Game","player_choice":"Ignored","floor":5.0,"gold_loss":0.0,"damage_taken":0.0},{"damage_healed":0.0,"max_hp_gain":0.0,"max_hp_loss":0.0,"gold_gain":0.0,"event_name":"The Mausoleum","player_choice":"Opened","floor":19.0,"gold_loss":0.0,"damage_taken":0.0,"relics_obtained":["Frozen Egg 2"]},{"damage_healed":0.0,"max_hp_gain":0.0,"max_hp_loss":0.0,"gold_gain":0.0,"event_name":"Vampires","player_choice":"Ignored","floor":21.0,"gold_loss":0.0,"damage_taken":0.0},{"damage_healed":0,"gold_gain":0,"player_choice":"Fight","damage_taken":0,"max_hp_gain":0,"max_hp_loss":0,"event_name":"Colosseum","floor":30,"gold_loss":0},{"damage_healed":0,"gold_gain":0,"player_choice":"Fought Nobs","damage_taken":0,"max_hp_gain":0,"max_hp_loss":0,"event_name":"Colosseum","floor":30,"gold_loss":0},{"damage_healed":0,"gold_gain":0,"player_choice":"Ignored","damage_taken":0,"max_hp_gain":0,"max_hp_loss":0,"event_name":"Tomb of Lord Red Mask","floor":36,"gold_loss":0},{"damage_healed":0,"gold_gain":0,"player_choice":"Memory 2","damage_taken":5,"max_hp_gain":0,"max_hp_loss":0,"event_name":"SensoryStone","floor":38,"gold_loss":0}],"is_beta":false,"boss_relics":[{"not_picked":["Busted Crown","Black Star"],"picked":"Cursed Key"},{"not_picked":["Mark of Pain","Velvet Choker"],"picked":"Snecko Eye"}],"items_purged_floors":[28,37],"is_endless":false,"potions_floor_spawned":[2,7,10,14,20,22,29,30,31,33,35,39,40,42,45,46,48],"ascension_level":11}}