{"host":"vyjryxuuuxkt43k4","time":1611590837,"event":{"mods":["AchievementEnabler","BaseMod","Colored Map","DeckTracker","Keyboard Shortcuts","Minty Spire (QoL Compilation)","Permanent Neow","Quick Restart","Rare Cards Sparkle","StSLib","SuperFastMode","everything is the same but u backflip on backflip"],"gold_per_floor":[369,383,17,35,46,46,79,79,79,79,8,38,38,49,49,124,124,134,59,76,76,126,151,46,46,46,65,91,11,43,62,62,136,136,149,166,183,183,58,58,58,84,84,84,100,100,100],"floor_reached":46,"language":"KOR","playtime":1345,"items_purged":["Strike_R","Strike_R"],"score":1082,"play_id":"3445cd24-bf30-45c3-a81f-a912389b6e01","local_time":"20210126010717","is_ascension_mode":true,"campfire_choices":[{"data":"Apotheosis","floor":6.0,"key":"SMITH"},{"floor":8.0,"key":"REST"},{"data":"Whirlwind","floor":13.0,"key":"SMITH"},{"data":"Demon Form","floor":15.0,"key":"SMITH"},{"data":"Corruption","floor":25.0,"key":"SMITH"},{"floor":32.0,"key":"REST"},{"data":"Double Tap","floor":40.0,"key":"SMITH"},{"data":"Feel No Pain","floor":44.0,"key":"SMITH"}],"circlet_count":0,"master_deck":["AscendersBane","Strike_R","Defend_R","Defend_R","Defend_R","Defend_R","Bash","Perfected Strike","Apotheosis+1","Flame Barrier","Whirlwind+1","Twin Strike","Double Tap+1","Shrug It Off","Demon Form+1","Corruption+1","Burning Pact","Intimidate","Pommel Strike","Impervious","Reaper","Headbutt+1","Whirlwind","Feel No Pain+1","Disarm","Secret Weapon"],"relics":["Burning Blood","Chemical X","The Courier","Kunai","Eternal Feather","Philosopher\u0027s Stone","Vajra","Centennial Puzzle","Blue Candle","Sundial","Champion Belt","SlaversCollar","Oddly Smooth Stone"],"acts_visited":["Exordium","TheCity","TheBeyond"],"potions_floor_usage":[],"damage_taken":[{"damage":6.0,"enemies":"2 Louse","floor":1.0,"turns":3.0},{"damage":1.0,"enemies":"Cultist","floor":2.0,"turns":3.0},{"damage":4.0,"enemies":"Jaw Worm","floor":4.0,"turns":4.0},{"damage":10.0,"enemies":"Blue Slaver","floor":5.0,"turns":4.0},{"damage":49.0,"enemies":"Gremlin Nob","floor":7.0,"turns":5.0},{"damage":32.0,"enemies":"Lagavulin","floor":12.0,"turns":5.0},{"damage":4.0,"enemies":"Red Slaver","floor":14.0,"turns":3.0},{"damage":31.0,"enemies":"Hexaghost","floor":16.0,"turns":6.0},{"damage":12.0,"enemies":"Spheric Guardian","floor":18.0,"turns":4.0},{"damage":19.0,"enemies":"3 Byrds","floor":20.0,"turns":3.0},{"damage":0.0,"enemies":"Book of Stabbing","floor":23.0,"turns":3.0},{"damage":19.0,"enemies":"Cultist and Chosen","floor":27.0,"turns":5.0},{"damage":23.0,"enemies":"Slavers","floor":28.0,"turns":3.0},{"damage":7.0,"enemies":"Gremlin Leader","floor":30.0,"turns":3.0},{"damage":1.0,"enemies":"Centurion and Healer","floor":31.0,"turns":3.0},{"damage":28.0,"enemies":"Automaton","floor":33.0,"turns":5.0},{"damage":1.0,"enemies":"Orb Walker","floor":35.0,"turns":2.0},{"damage":52.0,"enemies":"3 Shapes","floor":36.0,"turns":4.0},{"damage":24.0,"enemies":"Jaw Worm Horde","floor":37.0,"turns":4.0},{"damage":27.0,"enemies":"Giant Head","floor":42.0,"turns":6.0},{"damage":19.0,"enemies":"4 Shapes","floor":45.0,"turns":3.0},{"damage":68,"enemies":"Spire Growth","floor":46,"turns":4}],"seed_played":"5833363621401027518","potions_obtained":[{"floor":1.0,"key":"FairyPotion"},{"floor":4.0,"key":"Weak Potion"},{"floor":16.0,"key":"PowerPotion"},{"floor":20.0,"key":"Energy Potion"},{"floor":23.0,"key":"FearPotion"},{"floor":30.0,"key":"SpeedPotion"},{"floor":35.0,"key":"Swift Potion"},{"floor":42.0,"key":"Ancient Potion"}],"is_trial":false,"path_per_floor":["M","M","$","M","M","R","E","R","T","?","$","E","R","M","R","B",null,"M","?","M","T","?","E","$","R","T","M","E","$","E","M","R","B",null,"M","M","M","?","$","R","?","E","T","R","M","M"],"character_chosen":"IRONCLAD","items_purchased":["Apotheosis","Chemical X","Double Tap","Energy Potion","Feel No Pain","Disarm"],"campfire_rested":2,"item_purchase_floors":[3,3,11,24,39,39],"current_hp_per_floor":[50,55,55,57,53,53,10,32,32,32,32,28,37,39,48,23,62,56,56,43,43,43,49,49,58,58,45,28,28,27,32,66,44,67,72,62,58,58,58,71,71,64,64,71,58,0,0],"gold":100,"neow_bonus":"TWO_FIFTY_GOLD","is_daily":false,"chose_seed":false,"campfire_upgraded":6,"win_rate":0.0,"timestamp":1611590837,"path_taken":["M","M","$","M","M","R","E","R","T","?","$","E","R","M","R","BOSS","M","?","M","?","?","E","?","R","T","?","E","$","E","M","R","BOSS","M","M","M","?","$","R","?","E","T","R","M","M"],"items_purchased_type":["Card","Relic","Card","Potion","Card","Card"],"build_version":"2020-12-22","purchased_purges":2,"victory":false,"max_hp_per_floor":[75,75,75,75,75,75,75,75,75,75,75,75,75,75,75,75,75,75,75,75,75,75,75,75,75,75,75,75,75,75,75,75,75,75,75,75,75,71,71,71,71,71,71,71,71,71,71],"card_choices":[{"not_picked":["Inflame","Dark Embrace"],"picked":"Perfected Strike","floor":1.0},{"not_picked":["Heavy Blade","Clothesline","Thunderclap"],"picked":"SKIP","floor":2.0},{"not_picked":["Flex","Ghostly Armor"],"picked":"Flame Barrier","floor":4.0},{"not_picked":["Anger","True Grit"],"picked":"Whirlwind","floor":5.0},{"not_picked":["Flex","Iron Wave"],"picked":"Twin Strike","floor":7.0},{"not_picked":["Searing Blow","Hemokinesis"],"picked":"Shrug It Off","floor":12.0},{"not_picked":["True Grit","Spot Weakness"],"picked":"Demon Form","floor":14.0},{"not_picked":["Berserk","Feed"],"picked":"Corruption","floor":16.0},{"not_picked":["Wild Strike","Heavy Blade","Cleave"],"picked":"SKIP","floor":18.0},{"not_picked":["Shrug It Off","Sword Boomerang"],"picked":"Burning Pact","floor":20.0},{"not_picked":["Headbutt","Demon Form"],"picked":"Intimidate","floor":23.0},{"not_picked":["Clothesline","Warcry"],"picked":"Pommel Strike","floor":27.0},{"not_picked":["Havoc","Iron Wave","Shrug It Off"],"picked":"SKIP","floor":28.0},{"not_picked":["Evolve+1","Uppercut"],"picked":"Impervious","floor":30.0},{"not_picked":["Spot Weakness","Shrug It Off","Headbutt"],"picked":"SKIP","floor":31.0},{"not_picked":["Corruption","Immolate"],"picked":"Reaper","floor":33.0},{"not_picked":["Reckless Charge","Infernal Blade"],"picked":"Headbutt+1","floor":35.0},{"not_picked":["Dropkick","Wild Strike","Uppercut"],"picked":"SKIP","floor":36.0},{"not_picked":["Pummel","Cleave"],"picked":"Whirlwind","floor":37.0},{"not_picked":["Jack Of All Trades","Bandage Up"],"picked":"Secret Weapon","floor":41.0},{"not_picked":["Clothesline+1","Sword Boomerang+1","Pommel Strike+1"],"picked":"SKIP","floor":42.0},{"not_picked":["Warcry","Havoc","Carnage+1"],"picked":"SKIP","floor":45.0}],"player_experience":344835,"relics_obtained":[{"floor":7.0,"key":"The Courier"},{"floor":9.0,"key":"Kunai"},{"floor":12.0,"key":"Eternal Feather"},{"floor":21.0,"key":"Vajra"},{"floor":23.0,"key":"Centennial Puzzle"},{"floor":26.0,"key":"Blue Candle"},{"floor":28.0,"key":"Sundial"},{"floor":30.0,"key":"Champion Belt"},{"floor":42.0,"key":"Oddly Smooth Stone"}],"event_choices":[{"cards_removed":["Strike_R"],"damage_healed":0.0,"max_hp_gain":0.0,"max_hp_loss":0.0,"gold_gain":0.0,"event_name":"Purifier","player_choice":"Purged","floor":10.0,"gold_loss":0.0,"damage_taken":0.0},{"cards_removed":["Strike_R"],"damage_healed":0.0,"max_hp_gain":0.0,"max_hp_loss":0.0,"gold_gain":0.0,"event_name":"Beggar","player_choice":"Gave Gold","floor":19.0,"gold_loss":75.0,"damage_taken":0.0},{"damage_healed":0.0,"max_hp_gain":0.0,"max_hp_loss":0.0,"gold_gain":50.0,"event_name":"Nest","player_choice":"Stole From Cult","floor":22.0,"gold_loss":0.0,"damage_taken":0.0},{"damage_healed":0.0,"max_hp_gain":0.0,"max_hp_loss":4.0,"gold_gain":0.0,"event_name":"Winding Halls","player_choice":"Max HP","floor":38.0,"gold_loss":0.0,"damage_taken":0.0},{"damage_healed":0.0,"max_hp_gain":0.0,"max_hp_loss":0.0,"gold_gain":0.0,"event_name":"SensoryStone","player_choice":"Memory 1","floor":41.0,"gold_loss":0.0,"damage_taken":0.0}],"is_beta":false,"boss_relics":[{"not_picked":["Black Star","Busted Crown"],"picked":"Philosopher\u0027s Stone"},{"not_picked":["Mark of Pain","Black Blood"],"picked":"SlaversCollar"}],"items_purged_floors":[24,29],"is_endless":false,"potions_floor_spawned":[1,4,16,20,23,30,35,42],"killed_by":"Spire Growth","ascension_level":20}}