{"host":"72lt20yb89m1ezcj","time":1611552490,"event":{"mods":["2.2 Compatiblity","AchievementEnabler","AlwaysNeverKeys","BaseMod","Better Note","BetterRewards","Block Reminder","Colored Powertips","Highlight Path","Minty Spire (QoL Compilation)","Rare Cards Sparkle","Reorder Act Four","StSLib","everything is the same but u backflip on backflip","slay the spire mod where everything is the same but ironclad has a cowboy hat"],"gold_per_floor":[116,128,143,160,177,206,177,202,202,49,49,59,59,69,69,166,166,178,178,198,208,219,219,236,236,236,268,268,36,56,69,69,69,69],"floor_reached":33,"language":"ENG","playtime":1767,"items_purged":[],"score":283,"play_id":"7309e765-4cc5-4419-bff6-508188aed592","local_time":"20210124232810","is_ascension_mode":false,"campfire_choices":[{"floor":11.0,"key":"REST"},{"floor":15.0,"key":"RECALL"},{"floor":23,"key":"REST"},{"floor":25,"key":"REST"},{"floor":28,"key":"REST"},{"data":"Infernal Blade","floor":32,"key":"SMITH"}],"circlet_count":0,"master_deck":["Strike_R","Strike_R","Strike_R","Strike_R","Defend_R","Defend_R","Defend_R","Defend_R","Bash","Flex","Shrug It Off","Warcry","Thunderclap","Flame Barrier","Rampage","Entrench","Rampage","Shrug It Off","Iron Wave","Double Tap","Rage","Perfected Strike+1","Sword Boomerang+1","Twin Strike+1","Clumsy","Infernal Blade+1","Blind","Immolate","Spot Weakness+1"],"relics":["Burning Blood","Bag of Marbles","Turnip","Ice Cream","Orichalcum","Blue Candle","Cursed Key","Strawberry","Charon\u0027s Ashes"],"acts_visited":["Exordium","TheCity"],"potions_floor_usage":[],"damage_taken":[{"damage":1.0,"enemies":"Cultist","floor":1.0,"turns":3.0},{"damage":7.0,"enemies":"Small Slimes","floor":2.0,"turns":4.0},{"damage":8.0,"enemies":"Jaw Worm","floor":3.0,"turns":4.0},{"damage":12.0,"enemies":"Exordium Thugs","floor":4.0,"turns":3.0},{"damage":1.0,"enemies":"2 Fungi Beasts","floor":5.0,"turns":5.0},{"damage":21.0,"enemies":"Lagavulin","floor":6.0,"turns":8.0},{"damage":20.0,"enemies":"Gremlin Nob","floor":8.0,"turns":4.0},{"damage":7.0,"enemies":"Red Slaver","floor":12.0,"turns":3.0},{"damage":16.0,"enemies":"Exordium Thugs","floor":14.0,"turns":4.0},{"damage":60.0,"enemies":"Hexaghost","floor":16.0,"turns":12.0},{"damage":17.0,"enemies":"Spheric Guardian","floor":18.0,"turns":6.0},{"damage":0.0,"enemies":"Chosen","floor":20.0,"turns":5.0},{"damage":23.0,"enemies":"3 Cultists","floor":21.0,"turns":6.0},{"damage":27,"enemies":"Snake Plant","floor":22,"turns":4},{"damage":19,"enemies":"Centurion and Healer","floor":24,"turns":9},{"damage":42,"enemies":"Book of Stabbing","floor":27,"turns":6},{"damage":0,"enemies":"3 Cultists","floor":30,"turns":1},{"damage":9,"enemies":"Snake Plant","floor":31,"turns":2},{"damage":75,"enemies":"Automaton","floor":33,"turns":10}],"seed_played":"-3888094889268131729","potions_obtained":[{"floor":2.0,"key":"BlessingOfTheForge"},{"floor":4.0,"key":"Regen Potion"},{"floor":5.0,"key":"Weak Potion"},{"floor":12.0,"key":"EssenceOfSteel"},{"floor":22,"key":"PowerPotion"},{"floor":24,"key":"Fire Potion"}],"is_trial":false,"path_per_floor":["M","M","M","M","M","E","?","E","T","$","R","M","?","M","R","B",null,"M","?","M","M","M","R","M","R","T","E","R","$","M","M","R","B"],"character_chosen":"IRONCLAD","items_purchased":["Orichalcum","Blind","Immolate"],"campfire_rested":4,"item_purchase_floors":[10,29,29],"current_hp_per_floor":[80,79,77,71,76,61,61,47,47,47,71,70,67,57,57,8,80,69,69,75,58,37,61,48,72,79,43,69,69,75,72,72,0,0],"gold":69,"neow_bonus":"TRANSFORM_CARD","is_daily":false,"chose_seed":false,"campfire_upgraded":1,"win_rate":0.0,"timestamp":1611552490,"path_taken":["M","M","M","M","M","E","?","E","T","$","R","M","?","M","R","BOSS","M","?","?","M","M","R","M","R","T","E","R","$","M","M","R","BOSS"],"items_purchased_type":["Relic","Card","Card"],"build_version":"2020-12-22","purchased_purges":0,"victory":false,"max_hp_per_floor":[80,80,80,80,80,80,80,80,80,80,80,80,80,80,80,80,80,80,80,80,80,80,80,80,80,87,87,87,87,87,87,87,87,87],"card_choices":[{"not_picked":["Dark Embrace","Flex"],"picked":"Shrug It Off","floor":1.0},{"not_picked":["Burning Pact","Searing Blow"],"picked":"Warcry","floor":2.0},{"not_picked":["Battle Trance","Wild Strike"],"picked":"Thunderclap","floor":3.0},{"not_picked":["Body Slam","Ghostly Armor"],"picked":"Flame Barrier","floor":4.0},{"not_picked":["True Grit","Dual Wield"],"picked":"Rampage","floor":5.0},{"not_picked":["Sever Soul","Power Through"],"picked":"Entrench","floor":6.0},{"not_picked":["Pommel Strike","Carnage"],"picked":"Rampage","floor":8.0},{"not_picked":["Havoc","Barricade"],"picked":"Shrug It Off","floor":12.0},{"not_picked":["Armaments","Sentinel"],"picked":"Iron Wave","floor":14.0},{"not_picked":["Barricade","Immolate"],"picked":"Double Tap","floor":16.0},{"not_picked":["Sword Boomerang","Burning Pact+1","Havoc+1"],"picked":"SKIP","floor":18.0},{"not_picked":["Headbutt+1","Clothesline"],"picked":"Rage","floor":20.0},{"not_picked":["Reckless Charge+1","Headbutt+1"],"picked":"Perfected Strike+1","floor":21},{"not_picked":["Carnage","Whirlwind"],"picked":"Sword Boomerang+1","floor":22},{"not_picked":["Headbutt","Pommel Strike"],"picked":"Twin Strike+1","floor":24},{"not_picked":["Flame Barrier","Dark Embrace+1"],"picked":"Infernal Blade","floor":27},{"not_picked":["Evolve","Searing Blow","Second Wind"],"picked":"SKIP","floor":30},{"not_picked":["Thunderclap","Shrug It Off+1"],"picked":"Spot Weakness+1","floor":31}],"player_experience":751042,"relics_obtained":[{"floor":6.0,"key":"Bag of Marbles"},{"floor":8.0,"key":"Turnip"},{"floor":9.0,"key":"Ice Cream"},{"floor":26,"key":"Strawberry"},{"floor":27,"key":"Charon\u0027s Ashes"}],"event_choices":[{"damage_healed":0.0,"max_hp_gain":0.0,"max_hp_loss":0.0,"gold_gain":0.0,"event_name":"World of Goop","player_choice":"Left Gold","floor":7.0,"gold_loss":29.0,"damage_taken":0.0},{"damage_healed":0.0,"max_hp_gain":0.0,"max_hp_loss":0.0,"gold_gain":0.0,"event_name":"Scrap Ooze","player_choice":"Success","floor":13.0,"gold_loss":0.0,"damage_taken":3.0,"relics_obtained":["Blue Candle"]},{"damage_healed":0.0,"max_hp_gain":0.0,"max_hp_loss":0.0,"gold_gain":0.0,"event_name":"Match and Keep!","player_choice":"0 cards matched","floor":19.0,"gold_loss":0.0,"damage_taken":0.0,"cards_obtained":[]}],"is_beta":false,"boss_relics":[{"not_picked":["SacredBark","Philosopher\u0027s Stone"],"picked":"Cursed Key"}],"items_purged_floors":[],"is_endless":false,"potions_floor_spawned":[2,4,5,12,22,24,27],"killed_by":"Automaton","ascension_level":0}}