{"host":"6eo4thp7fob519hm","time":1611598173,"event":{"mods":["BaseMod","Block Reminder","Colored Map","Colored Powertips","DeckTracker","Googly Eyes","Highlight Path","Minty Spire (QoL Compilation)","Quick Restart"],"gold_per_floor":[116,116,130,145,145,175,175,191,191,226,206,226,239,266,266,371,371,391,341,360,375,300,300,300,300],"floor_reached":24,"language":"ENG","playtime":818,"items_purged":[],"score":218,"play_id":"0b25c65c-d88c-4bec-b5d8-d5d86786c85f","local_time":"20210125233933","is_ascension_mode":false,"campfire_choices":[{"data":"Infernal Blade","floor":7,"key":"SMITH"},{"floor":15,"key":"REST"},{"data":"Armaments","floor":23,"key":"SMITH"}],"circlet_count":0,"master_deck":["Strike_R","Strike_R","Strike_R","Strike_R","Defend_R","Defend_R","Defend_R","Defend_R","Bash+1","Double Tap","Flex","Infernal Blade+1","Shrug It Off","Brutality","Thunderclap","Combust","Pommel Strike","Immolate","Armaments+1","Pommel Strike+1"],"relics":["Burning Blood","Bottled Lightning","Centennial Puzzle","Mercury Hourglass","Ice Cream","Mummified Hand","Coffee Dripper"],"acts_visited":["Exordium","TheCity"],"potions_floor_usage":[14,14],"damage_taken":[{"damage":15,"enemies":"Jaw Worm","floor":1,"turns":4},{"damage":1,"enemies":"Cultist","floor":3,"turns":3},{"damage":0,"enemies":"Small Slimes","floor":4,"turns":3},{"damage":26,"enemies":"3 Sentries","floor":6,"turns":6},{"damage":5,"enemies":"Looter","floor":8,"turns":3},{"damage":44,"enemies":"Gremlin Nob","floor":10,"turns":5},{"damage":0,"enemies":"Gremlin Gang","floor":12,"turns":1},{"damage":0,"enemies":"Blue Slaver","floor":13,"turns":1},{"damage":20,"enemies":"Lagavulin","floor":14,"turns":3},{"damage":19,"enemies":"Slime Boss","floor":16,"turns":6},{"damage":6,"enemies":"Spheric Guardian","floor":18,"turns":3},{"damage":11,"enemies":"3 Byrds","floor":20,"turns":2},{"damage":30,"enemies":"Snake Plant","floor":21,"turns":4},{"damage":52,"enemies":"Gremlin Leader","floor":24,"turns":4}],"seed_played":"2489748121955251918","potions_obtained":[{"floor":8,"key":"Explosive Potion"},{"floor":10,"key":"SteroidPotion"},{"floor":12,"key":"AttackPotion"},{"floor":16,"key":"PowerPotion"},{"floor":18,"key":"Dexterity Potion"},{"floor":21,"key":"LiquidBronze"}],"is_trial":false,"path_per_floor":["M","?","M","M","T","E","R","M","T","E","?","M","M","E","R","B",null,"M","?","M","M","?","R","E"],"character_chosen":"IRONCLAD","items_purchased":[],"campfire_rested":1,"item_purchase_floors":[],"current_hp_per_floor":[71,71,76,80,80,60,60,61,61,23,23,29,35,21,45,32,80,80,80,75,51,51,51,0,0],"gold":300,"neow_bonus":"ONE_RANDOM_RARE_CARD","is_daily":false,"chose_seed":false,"campfire_upgraded":2,"win_rate":0.0,"timestamp":1611598173,"path_taken":["M","?","M","?","?","E","R","M","T","E","?","M","M","E","R","BOSS","M","?","M","?","?","R","E"],"items_purchased_type":[],"build_version":"2020-12-22","purchased_purges":0,"victory":false,"max_hp_per_floor":[80,80,80,80,80,80,80,80,80,80,80,80,80,80,80,80,80,80,80,80,80,80,80,80,80],"card_choices":[{"not_picked":["Anger","Havoc"],"picked":"Flex","floor":1},{"not_picked":["Evolve","Entrench","Warcry"],"picked":"SKIP","floor":3},{"not_picked":["Carnage","Pommel Strike"],"picked":"Infernal Blade","floor":4},{"not_picked":["Dropkick","Heavy Blade"],"picked":"Shrug It Off","floor":6},{"not_picked":["Clothesline","Disarm"],"picked":"Brutality","floor":8},{"not_picked":["Flex","Corruption"],"picked":"Thunderclap","floor":10},{"not_picked":["Feel No Pain","Havoc"],"picked":"Combust","floor":12},{"not_picked":["Heavy Blade","Clash"],"picked":"Pommel Strike","floor":13},{"not_picked":["Dark Embrace","Cleave","Wild Strike"],"picked":"SKIP","floor":14},{"not_picked":["Impervious","Limit Break"],"picked":"Immolate","floor":16},{"not_picked":["Entrench","Sentinel"],"picked":"Armaments","floor":18},{"not_picked":["Battle Trance","Flame Barrier"],"picked":"Pommel Strike+1","floor":20},{"not_picked":["Heavy Blade","Pommel Strike+1","Hemokinesis+1"],"picked":"SKIP","floor":21}],"player_experience":590555,"relics_obtained":[{"floor":5,"key":"Bottled Lightning"},{"floor":6,"key":"Centennial Puzzle"},{"floor":9,"key":"Mercury Hourglass"},{"floor":10,"key":"Ice Cream"},{"floor":14,"key":"Mummified Hand"}],"event_choices":[{"damage_healed":0,"gold_gain":0,"player_choice":"Upgraded","damage_taken":0,"max_hp_gain":0,"max_hp_loss":0,"event_name":"Upgrade Shrine","floor":2,"gold_loss":0,"cards_upgraded":["Bash"]},{"damage_healed":0,"gold_gain":0,"player_choice":"Left Gold","damage_taken":0,"max_hp_gain":0,"max_hp_loss":0,"event_name":"World of Goop","floor":11,"gold_loss":20},{"damage_healed":0,"gold_gain":0,"player_choice":"Bet on Murderer","damage_taken":0,"max_hp_gain":0,"max_hp_loss":0,"event_name":"The Joust","floor":19,"gold_loss":50},{"cards_removed":["Strike_R"],"damage_healed":0,"gold_gain":0,"player_choice":"Gave Gold","damage_taken":0,"max_hp_gain":0,"max_hp_loss":0,"event_name":"Beggar","floor":22,"gold_loss":75}],"is_beta":false,"boss_relics":[{"not_picked":["Astrolabe","Calling Bell"],"picked":"Coffee Dripper"}],"items_purged_floors":[],"is_endless":false,"potions_floor_spawned":[8,10,12,16,18,21],"killed_by":"Gremlin Leader","ascension_level":0}}