{"host":"3j2m8n0ywf988fwb","time":1611560130,"event":{"mods":["2.2 Compatiblity","AchievementEnabler","Act Like it!","Aspiration","Astrologer","BaseMod","Beaked The Cultist","Better Altar","Better Match","Better Note","Better Sensory Stone","Better Skull","Better Third Choice","CCEM","ChefMod","Colored Map","Colored Powertips","Conspire","Dark Map","Energized Spire","Evolution","Fireblade Mod","GifTheSpireLib","Googly Eyes","Halation","Hallownest","Highlight Path","Hubris","Infinite Spire","Jedi Mod","Marisa????????","Marked Mod","Mimic Mod","Minty Spire (QoL Compilation)","Random Character Button","Relic Stats","Reliquary","Replay The Spire","Robot Space Explorer","Shop Mod","Somnambulant","Spire Arcade","StSLib","Stuff the Spire","The Bug Knight","The Hierophant","The Marked","The Runesmith","TheFirefly","Unceasing Turn Reminder","everything is the same but u backflip on backflip"],"gold_per_floor":[113,127,139,139,150,182,132,158,195,195,229,247,274,284,284,382,382,395,395,395,395,405,432,432,450,490,525,525,525],"floor_reached":28,"language":"ENG","playtime":1115,"items_purged":[],"score":396,"play_id":"dbc94535-75dc-46ae-904f-fff6181a580c","local_time":"20210125013530","is_ascension_mode":true,"campfire_choices":[{"data":"StuffTheSpire:Incineration","floor":10,"key":"SMITH"}],"circlet_count":0,"master_deck":["Sword Boomerang+1","Sword Boomerang","Sword Boomerang","Sword Boomerang","Sword Boomerang","Defend_R","Defend_R","Defend_R","Defend_R","Bash","StuffTheSpire:Incineration+1","Flex","Pummel","Thunderclap","Twin Strike","jedi:MakeshiftSword","Ghostly Armor","StuffTheSpire:Incineration","jedi:harder+1","Havoc","conspire:NecroticWound","StuffTheSpire:Incineration","Feed","Spot Weakness+1","Overencumbered","Twin Strike+1","Shrug It Off","Replay:Hysterical Blindness","StuffTheSpire:Incineration","Rampage","Sword Boomerang"],"relics":["Burning Blood","EVO:Axolotl","halation:PlatinumPhoenix","energizedSpire:CursedPentagram","hubris:OldNail","Happy Flower","Orichalcum","hubris:ChampionShield","StuffTheSpire:GrapeVine","hubris:TerracottaHorce","reliquary:PartyBalloon","jedi:Pinwheel","jedi:HeartOfTheCards","CaptainsWheel"],"acts_visited":["Exordium","TheCity"],"potions_floor_usage":[11,27,28],"damage_taken":[{"damage":0,"enemies":"Cultist","floor":1,"turns":3},{"damage":26,"enemies":"conspire:RoseBush","floor":2,"turns":2},{"damage":3,"enemies":"2 Louse","floor":3,"turns":2},{"damage":1,"enemies":"Looter","floor":5,"turns":2},{"damage":22,"enemies":"Replay:BlueRogue","floor":6,"turns":5},{"damage":17,"enemies":"HollowMod:MossKnight","floor":8,"turns":8},{"damage":4,"enemies":"Red Slaver","floor":9,"turns":4},{"damage":24,"enemies":"Lagavulin","floor":11,"turns":4},{"damage":8,"enemies":"Red Slaver","floor":12,"turns":2},{"damage":21,"enemies":"Gremlin Nob","floor":13,"turns":4},{"damage":0,"enemies":"Exordium Thugs","floor":14,"turns":2},{"damage":4,"enemies":"Slime Boss","floor":16,"turns":6},{"damage":14,"enemies":"Spheric Guardian","floor":18,"turns":4},{"damage":8,"enemies":"Shell Parasite","floor":22,"turns":3},{"damage":6,"enemies":"Replay:Snechameleon","floor":23,"turns":4},{"damage":35,"enemies":"Snecko","floor":25,"turns":5},{"damage":4,"enemies":"Centurion and Healer","floor":26,"turns":4},{"damage":33,"enemies":"Slavers","floor":27,"turns":3},{"damage":17,"enemies":"Colosseum Slavers","floor":28,"turns":1}],"seed_played":"431263711498852286","potions_obtained":[{"floor":6,"key":"Venom Potion"},{"floor":8,"key":"jedi:StrikingPotion"},{"floor":13,"key":"Toxic Potion"},{"floor":16,"key":"Elixir"},{"floor":21,"key":"Regen Potion"},{"floor":22,"key":"LifebloodPotion"},{"floor":27,"key":"Strength Potion"}],"is_trial":false,"path_per_floor":["M","M","M","?","M","E","?","E","MIM","R","E","M","E","M","R_BF","B",null,"M","?","?","?","M","E","?","M","MIM","E","?"],"character_chosen":"IRONCLAD","items_purchased":[],"campfire_rested":0,"item_purchase_floors":[],"current_hp_per_floor":[80,60,63,63,68,52,52,41,43,43,25,23,8,14,38,40,70,65,65,65,65,63,63,63,37,39,12,0,0],"gold":525,"neow_bonus":"DOUBLE_BOSS_RELIC","is_daily":false,"chose_seed":false,"campfire_upgraded":1,"win_rate":0.0,"timestamp":1611560130,"path_taken":["M","M","?","?","?","E","?","E","MIM","R","E","?","E","M","R_BF","BOSS","M","?","?","?","?","E","?","M","MIM","E","?"],"items_purchased_type":[],"build_version":"2020-12-22","purchased_purges":0,"victory":false,"max_hp_per_floor":[80,80,80,80,80,80,80,80,80,80,80,80,80,80,80,80,80,83,83,83,83,83,83,83,86,86,86,86,86],"relic_stats":{"Happy Flower":[15],"counters":[19,68],"Orichalcum":[108],"obtain_stats":[{"Happy Flower":8,"halation:PlatinumPhoenix":0,"reliquary:PartyBalloon":20,"StuffTheSpire:GrapeVine":13,"EVO:Axolotl":0,"Orichalcum":9,"jedi:Pinwheel":23,"jedi:HeartOfTheCards":26,"Burning Blood":0,"hubris:TerracottaHorce":17,"CaptainsWheel":27,"energizedSpire:CursedPentagram":0,"hubris:ChampionShield":11,"hubris:OldNail":6},{"Happy Flower":6,"halation:PlatinumPhoenix":0,"reliquary:PartyBalloon":13,"StuffTheSpire:GrapeVine":10,"EVO:Axolotl":0,"Orichalcum":7,"jedi:Pinwheel":15,"jedi:HeartOfTheCards":17,"Burning Blood":0,"hubris:TerracottaHorce":12,"CaptainsWheel":18,"energizedSpire:CursedPentagram":0,"hubris:ChampionShield":8,"hubris:OldNail":5},{"Happy Flower":22,"halation:PlatinumPhoenix":0,"reliquary:PartyBalloon":48,"StuffTheSpire:GrapeVine":36,"EVO:Axolotl":0,"Orichalcum":26,"jedi:Pinwheel":55,"jedi:HeartOfTheCards":64,"Burning Blood":0,"hubris:TerracottaHorce":44,"CaptainsWheel":67,"energizedSpire:CursedPentagram":0,"hubris:ChampionShield":30,"hubris:OldNail":14}],"Burning Blood":102},"card_choices":[{"not_picked":["Flex","Shrug It Off"],"picked":"StuffTheSpire:Incineration","floor":1},{"not_picked":["Fire Breathing","Combust"],"picked":"Flex","floor":2},{"not_picked":["Clothesline","Iron Wave"],"picked":"Pummel","floor":3},{"not_picked":["Flex","Intimidate"],"picked":"Thunderclap","floor":5},{"not_picked":["jedi:fear","ReplayTheSpireMod:Strike From Hell"],"picked":"Twin Strike","floor":6},{"not_picked":["ReplayTheSpireMod:Limb From Limb","Dark Embrace"],"picked":"jedi:MakeshiftSword","floor":8},{"not_picked":["Wild Strike","Abandon"],"picked":"Ghostly Armor","floor":9},{"not_picked":["Pommel Strike","Clothesline"],"picked":"StuffTheSpire:Incineration","floor":11},{"not_picked":["Perfected Strike","Warcry"],"picked":"jedi:harder","floor":12},{"not_picked":["Entrench","ReplayTheSpireMod:Strike From Hell"],"picked":"Havoc","floor":13},{"not_picked":["Sword Boomerang","Twin Strike"],"picked":"StuffTheSpire:Incineration","floor":14},{"not_picked":["jedi:strikingstrike","jedi:bloodyhammer"],"picked":"Feed","floor":16},{"not_picked":["Twin Strike","jedi:collectorstrike"],"picked":"Spot Weakness+1","floor":18},{"not_picked":["jedi:controlledanger","Body Slam+1"],"picked":"Twin Strike+1","floor":22},{"not_picked":["True Grit","Clash"],"picked":"Shrug It Off","floor":23},{"not_picked":["Defy Death","Clash"],"picked":"StuffTheSpire:Incineration","floor":25},{"not_picked":["Warcry","Clash"],"picked":"Rampage","floor":26},{"not_picked":["Body Slam+1","Offering"],"picked":"Sword Boomerang","floor":27}],"player_experience":1091564,"relics_obtained":[{"floor":6,"key":"hubris:OldNail"},{"floor":8,"key":"Happy Flower"},{"floor":9,"key":"Orichalcum"},{"floor":11,"key":"hubris:ChampionShield"},{"floor":13,"key":"StuffTheSpire:GrapeVine"},{"floor":23,"key":"jedi:Pinwheel"},{"floor":26,"key":"jedi:HeartOfTheCards"},{"floor":27,"key":"CaptainsWheel"}],"event_choices":[{"damage_healed":0,"gold_gain":0,"player_choice":"Forge","damage_taken":0,"max_hp_gain":0,"max_hp_loss":0,"event_name":"Accursed Blacksmith","floor":4,"gold_loss":0,"cards_upgraded":["Sword Boomerang"]},{"cards_removed":["Sickly"],"damage_healed":0,"gold_gain":0,"player_choice":"Card Removal","damage_taken":0,"max_hp_gain":0,"max_hp_loss":0,"event_name":"The Cleric","floor":7,"gold_loss":50},{"damage_healed":0,"gold_gain":0,"player_choice":"Ignored","damage_taken":0,"max_hp_gain":0,"max_hp_loss":0,"event_name":"betterNote:BetterNote","floor":19,"gold_loss":0,"cards_obtained":["Zap"]},{"damage_healed":0,"gold_gain":0,"player_choice":"Got Potions","damage_taken":0,"max_hp_gain":0,"max_hp_loss":0,"event_name":"Lab","floor":21,"gold_loss":0},{"damage_healed":0,"gold_gain":0,"player_choice":"Fight","damage_taken":0,"max_hp_gain":0,"max_hp_loss":0,"event_name":"Colosseum","floor":28,"gold_loss":0}],"is_beta":false,"boss_relics":[{"not_picked":["halation:LoveArrow","halation:Risk"],"picked":"hubris:TerracottaHorce"}],"items_purged_floors":[],"is_endless":false,"potions_floor_spawned":[6,8,13,16,18,22,27],"killed_by":"Colosseum Slavers","ascension_level":4}}