{"host":"bpkhhmvsfrvlto2l","time":1611600503,"event":{"mods":["2.2 Compatiblity","AchievementEnabler","Act Like it!","AlwaysNeverKeys","Aspiration","BaseMod","Better Silent Start","Challenge The Spire","Colored Map","Colored Powertips","Custom Start","Energized Spire","Friendly Minions","GifTheSpireLib","Halation","Hubris","Infinite Spire","Ironclad Rager","Mimic Mod","Minty Spire (QoL Compilation)","Permanent Neow","Quick Restart","Random Character Button","Relic Sorter","Replay The Spire","Spikes Relics","StSLib","Stuff the Spire","Swap Starting Deck Mod","Trackpad"],"gold_per_floor":[117,117,82,82,82,82,110,110,110,126,151,163,163,173,173,173,173],"floor_reached":16,"language":"ENG","playtime":356,"items_purged":[],"score":185,"play_id":"26cde6dd-5b13-4a58-9b85-e74649e6567b","local_time":"20210125134823","is_ascension_mode":true,"campfire_choices":[{"data":"Rage","floor":6,"key":"SMITH"},{"data":"Twin Strike","floor":13,"key":"SMITH"},{"data":"Rage","floor":15,"key":"SMITH"}],"circlet_count":0,"master_deck":["Anger","Twin Strike+1","Twin Strike","Twin Strike","Twin Strike","Rage","Rage","Rage+1","Rage+1","Flex+1","StuffTheSpire:CuriosityCurse"],"relics":["Burning Blood","hubris:Metronome","hubris:AstralHammer","GiantMaggot","aspiration:HiddenCompartment"],"acts_visited":["Exordium"],"potions_floor_usage":[16,16],"damage_taken":[{"damage":0,"enemies":"Small Slimes","floor":1,"turns":2},{"damage":10,"enemies":"3 Sentries","floor":7,"turns":6},{"damage":0,"enemies":"2 Louse","floor":10,"turns":2},{"damage":5,"enemies":"Lagavulin","floor":11,"turns":5},{"damage":0,"enemies":"Jaw Worm","floor":12,"turns":1},{"damage":9,"enemies":"Gremlin Gang","floor":14,"turns":4},{"damage":51,"enemies":"The Guardian","floor":16,"turns":8}],"seed_played":"-6216135256533734131","potions_obtained":[{"floor":7,"key":"DuplicationPotion"},{"floor":11,"key":"Doom Potion"},{"floor":14,"key":"PowerPotion"}],"is_trial":false,"path_per_floor":["M","$","?","?","?","R","E","?","T","M","E","M","R","M","R","B"],"character_chosen":"IRONCLAD","items_purchased":[],"campfire_rested":0,"item_purchase_floors":[],"current_hp_per_floor":[46,46,66,71,71,71,67,67,67,73,74,80,80,77,77,26,26],"gold":173,"neow_bonus":"","is_daily":false,"chose_seed":false,"campfire_upgraded":3,"win_rate":0.0,"timestamp":1611600503,"path_taken":["M","$","?","?","?","R","E","?","T","M","E","M","R","?","R","BOSS"],"items_purchased_type":[],"build_version":"2020-12-22","purchased_purges":0,"victory":false,"max_hp_per_floor":[80,80,80,85,85,85,85,85,85,85,85,85,85,85,85,85,85],"card_choices":[],"player_experience":115648,"relics_obtained":[{"floor":7,"key":"hubris:Metronome"},{"floor":9,"key":"GiantMaggot"},{"floor":11,"key":"aspiration:HiddenCompartment"}],"event_choices":[{"damage_healed":20,"gold_gain":0,"player_choice":"Healed","damage_taken":0,"max_hp_gain":0,"max_hp_loss":0,"event_name":"The Cleric","floor":3,"gold_loss":35},{"damage_healed":0,"gold_gain":0,"player_choice":"Donut","damage_taken":0,"max_hp_gain":5,"max_hp_loss":0,"event_name":"Big Fish","floor":4,"gold_loss":0}],"is_beta":false,"boss_relics":[],"items_purged_floors":[],"is_endless":false,"potions_floor_spawned":[7,11,14],"killed_by":"The Guardian","ascension_level":5}}