{"host":"dl7h25vjpuplx29g","time":1611591576,"event":{"mods":["BaseMod","Colored Map","Minty Spire (QoL Compilation)","StSLib"],"gold_per_floor":[116,116,130,130,144,179,179,194,219,235,69,69,21,56,56,56,56],"floor_reached":16,"language":"JPN","playtime":854,"items_purged":[],"score":207,"play_id":"c561ee71-0f57-4729-b8fd-f75a2e3e98aa","local_time":"20210126011936","is_ascension_mode":true,"campfire_choices":[{"data":"Defragment","floor":7,"key":"SMITH"},{"floor":12,"key":"REST"},{"data":"Reinforced Body","floor":15,"key":"SMITH"}],"circlet_count":0,"master_deck":["AscendersBane","Strike_B","Strike_B","Strike_B","Defend_B","Defend_B","Defend_B","Defend_B","Zap","Dualcast","Core Surge","Chill","Gash","Defragment+1","Turbo","BootSequence","Stack","Chill","Reinforced Body+1"],"relics":["Cracked Core","Omamori","Blood Vial","Anchor","Medical Kit","Potion Belt"],"acts_visited":["Exordium"],"potions_floor_usage":[6,16,16],"damage_taken":[{"damage":1.0,"enemies":"Small Slimes","floor":1.0,"turns":3.0},{"damage":0.0,"enemies":"Cultist","floor":3.0,"turns":3.0},{"damage":7.0,"enemies":"Jaw Worm","floor":5.0,"turns":3.0},{"damage":19,"enemies":"Lagavulin","floor":6,"turns":7},{"damage":6,"enemies":"Looter","floor":8,"turns":3},{"damage":3,"enemies":"Blue Slaver","floor":10,"turns":3},{"damage":9,"enemies":"Exordium Thugs","floor":13,"turns":5},{"damage":9,"enemies":"3 Sentries","floor":14,"turns":19},{"damage":42,"enemies":"Slime Boss","floor":16,"turns":5}],"seed_played":"-692427455871626371","potions_obtained":[{"floor":5.0,"key":"Strength Potion"},{"floor":6,"key":"Explosive Potion"},{"floor":13,"key":"Fire Potion"}],"is_trial":false,"path_per_floor":["M","?","M","?","M","E","R","M","T","M","$","R","M","E","R","B"],"character_chosen":"DEFECT","items_purchased":["Medical Kit"],"campfire_rested":1,"item_purchase_floors":[11],"current_hp_per_floor":[63,56,56,56,49,30,30,26,26,25,25,46,39,32,32,0,0],"gold":56,"neow_bonus":"ONE_RANDOM_RARE_CARD","is_daily":false,"chose_seed":false,"campfire_upgraded":2,"win_rate":0.0,"timestamp":1611591576,"path_taken":["M","?","M","?","?","E","R","M","T","?","$","R","M","E","R","BOSS"],"items_purchased_type":["Relic"],"build_version":"2020-12-22","purchased_purges":0,"victory":false,"max_hp_per_floor":[71,71,71,71,71,71,71,71,71,71,71,71,71,71,71,71,71],"card_choices":[{"not_picked":["Barrage","Scrape"],"picked":"Chill","floor":1.0},{"not_picked":["Stack","Leap"],"picked":"Gash","floor":3.0},{"not_picked":["Doom and Gloom","Stack"],"picked":"Defragment","floor":5.0},{"not_picked":["Hologram","Steam Power"],"picked":"Turbo","floor":6},{"not_picked":["Hello World","Reprogram"],"picked":"BootSequence","floor":8},{"not_picked":["Beam Cell","Gash"],"picked":"Stack","floor":10},{"not_picked":["Heatsinks","BootSequence"],"picked":"Chill","floor":13},{"not_picked":["Gash","Go for the Eyes"],"picked":"Reinforced Body","floor":14}],"player_experience":1651381,"relics_obtained":[{"floor":4.0,"key":"Omamori"},{"floor":6,"key":"Blood Vial"},{"floor":9,"key":"Anchor"},{"floor":14,"key":"Potion Belt"}],"event_choices":[{"cards_removed":["Strike_B"],"damage_healed":0.0,"max_hp_gain":0.0,"max_hp_loss":0.0,"gold_gain":0.0,"event_name":"Golden Wing","player_choice":"Card Removal","floor":2.0,"gold_loss":0.0,"damage_taken":7.0},{"damage_healed":0.0,"max_hp_gain":0.0,"max_hp_loss":0.0,"gold_gain":0.0,"event_name":"Wheel of Change","player_choice":"Relic","floor":4.0,"gold_loss":0.0,"damage_taken":0.0}],"is_beta":false,"boss_relics":[],"items_purged_floors":[],"is_endless":false,"potions_floor_spawned":[5,6,13],"killed_by":"Slime Boss","ascension_level":17}}