{"host":"7gewg82ormp6yt4e","time":1611580118,"event":{"mods":["BaseMod","Block Reminder","Colored Map","DeckTracker","Highlight Path","Minty Spire (QoL Compilation)","Relic Stats","StSLib","ojb\u0027s Info Mod"],"gold_per_floor":[118,131,142,11,25,25,58,58,58,70,120,140,40,65,65,139,139,150,200,217,142,57,57,57],"floor_reached":23,"language":"JPN","playtime":1081,"items_purged":["Regret","Pain"],"score":402,"play_id":"b8cb004a-de4a-4492-b2e7-71a1869b87b6","local_time":"20210125220838","is_ascension_mode":true,"campfire_choices":[{"data":"Sunder","floor":6,"key":"SMITH"},{"data":"Defragment","floor":15,"key":"SMITH"}],"circlet_count":0,"master_deck":["AscendersBane","Zap","Dualcast","Master of Strategy","Cold Snap","Sunder+1","White Noise","Leap","Conserve Battery","Defragment+1","Ball Lightning","Biased Cognition","Tempest","Redo","Beam Cell","Rebound","Amplify","Machine Learning","Machine Learning","BootSequence","Conserve Battery","Capacitor","Hologram"],"relics":["Cracked Core","Anchor","WarpedTongs","Ornamental Fan","Prayer Wheel","Pandora\u0027s Box","Cables"],"acts_visited":["Exordium","TheCity"],"potions_floor_usage":[7,7,14,16,23,23],"damage_taken":[{"damage":3,"enemies":"Cultist","floor":1,"turns":3},{"damage":0,"enemies":"2 Louse","floor":2,"turns":2},{"damage":4,"enemies":"Small Slimes","floor":3,"turns":2},{"damage":6,"enemies":"Red Slaver","floor":5,"turns":4},{"damage":2,"enemies":"3 Sentries","floor":7,"turns":5},{"damage":1,"enemies":"Blue Slaver","floor":10,"turns":3},{"damage":7,"enemies":"3 Louse","floor":12,"turns":3},{"damage":11,"enemies":"Gremlin Nob","floor":14,"turns":3},{"damage":13,"enemies":"Slime Boss","floor":16,"turns":8},{"damage":27,"enemies":"3 Byrds","floor":18,"turns":5},{"damage":2,"enemies":"Spheric Guardian","floor":20,"turns":3},{"damage":33,"enemies":"Gremlin Leader","floor":23,"turns":6}],"seed_played":"4538459107216323735","potions_obtained":[{"floor":3,"key":"Strength Potion"},{"floor":12,"key":"AttackPotion"},{"floor":14,"key":"SteroidPotion"},{"floor":16,"key":"Strength Potion"},{"floor":18,"key":"AttackPotion"}],"is_trial":false,"path_per_floor":["M","M","M","$","M","R","E","?","T","M","?","M","$","E","R","B",null,"M","?","M","?","?","E"],"character_chosen":"DEFECT","items_purchased":["BlessingOfTheForge"],"campfire_rested":0,"item_purchase_floors":[4],"current_hp_per_floor":[61,61,57,57,51,51,49,49,49,48,41,34,34,23,23,10,56,29,29,27,27,27,0,0],"gold":57,"neow_bonus":"RANDOM_COLORLESS_2","is_daily":false,"chose_seed":false,"campfire_upgraded":2,"win_rate":0.0,"timestamp":1611580118,"path_taken":["M","M","?","$","M","R","E","?","T","?","?","M","$","E","R","BOSS","M","?","M","?","?","E"],"items_purchased_type":["Potion"],"build_version":"2020-12-22","purchased_purges":2,"victory":false,"max_hp_per_floor":[71,71,71,71,71,71,71,71,71,71,71,71,71,71,71,71,71,71,71,71,71,71,71,71],"relic_stats":{"counters":[12,47],"Ornamental Fan":[8],"Prayer Wheel":2,"Pandora\u0027s Box":["Tempest","Redo","Beam Cell","Rebound","Amplify","Machine Learning","Machine Learning","Scrape"],"obtain_stats":[{"Anchor":7,"Ornamental Fan":9,"Prayer Wheel":14,"Pandora\u0027s Box":17,"Cracked Core":0,"WarpedTongs":8,"Cables":22},{"Anchor":5,"Ornamental Fan":5,"Prayer Wheel":8,"Pandora\u0027s Box":9,"Cracked Core":0,"WarpedTongs":5,"Cables":11},{"Anchor":16,"Ornamental Fan":16,"Prayer Wheel":25,"Pandora\u0027s Box":33,"Cracked Core":0,"WarpedTongs":16,"Cables":41}],"WarpedTongs":[31],"Cables":[6,5,1,0,0]},"card_choices":[{"not_picked":["Thinking Ahead","Chrysalis"],"picked":"Master of Strategy","floor":0},{"not_picked":["Undo","Redo"],"picked":"Cold Snap","floor":1},{"not_picked":["Redo","Hello World"],"picked":"Sunder","floor":2},{"not_picked":["Static Discharge","Genetic Algorithm"],"picked":"White Noise","floor":3},{"not_picked":["Tempest","Steam"],"picked":"Leap","floor":5},{"not_picked":["Lockon","Go for the Eyes"],"picked":"Conserve Battery","floor":7},{"not_picked":["Rebound","Steam","Barrage"],"picked":"SKIP","floor":10},{"not_picked":["Rebound","Barrage"],"picked":"Defragment","floor":12},{"not_picked":["Auto Shields","Reboot"],"picked":"Ball Lightning","floor":14},{"not_picked":["Buffer","Multi-Cast"],"picked":"Biased Cognition","floor":16},{"not_picked":["Hologram","Hello World+1"],"picked":"BootSequence","floor":18},{"not_picked":["Compile Driver","Streamline"],"picked":"Conserve Battery","floor":18},{"not_picked":["Beam Cell","Doom and Gloom"],"picked":"Capacitor","floor":20},{"not_picked":["Streamline","Tempest"],"picked":"Hologram","floor":20}],"player_experience":2686244,"relics_obtained":[{"floor":7,"key":"Anchor"},{"floor":9,"key":"Ornamental Fan"},{"floor":14,"key":"Prayer Wheel"}],"event_choices":[{"damage_healed":0,"gold_gain":0,"player_choice":"Rummage","damage_taken":0,"relics_obtained":["WarpedTongs"],"max_hp_gain":0,"max_hp_loss":0,"event_name":"Accursed Blacksmith","floor":8,"gold_loss":0,"cards_obtained":["Pain"]},{"damage_healed":0,"gold_gain":50,"player_choice":"Touch","damage_taken":7,"max_hp_gain":0,"max_hp_loss":0,"event_name":"FaceTrader","floor":11,"gold_loss":0},{"damage_healed":0,"gold_gain":50,"player_choice":"Stole From Cult","damage_taken":0,"max_hp_gain":0,"max_hp_loss":0,"event_name":"Nest","floor":19,"gold_loss":0},{"cards_removed":["Scrape"],"damage_healed":0,"gold_gain":0,"player_choice":"Gave Gold","damage_taken":0,"max_hp_gain":0,"max_hp_loss":0,"event_name":"Beggar","floor":21,"gold_loss":75},{"damage_healed":0,"gold_gain":0,"player_choice":"Obtained Relic","damage_taken":0,"relics_obtained":["Cables"],"max_hp_gain":0,"max_hp_loss":0,"event_name":"Addict","floor":22,"gold_loss":85}],"is_beta":false,"boss_relics":[{"not_picked":["Calling Bell","Fusion Hammer"],"picked":"Pandora\u0027s Box"}],"items_purged_floors":[4,13],"is_endless":false,"potions_floor_spawned":[3,5,12,14,16,18],"killed_by":"Gremlin Leader","ascension_level":20}}