{"host":"1vzdexsn8vtq5lt7","time":1611544486,"event":{"mods":["ATMod(阿瑾Mod)","Act Like it!","Ascension Reborn","BaseMod","Colored Map","Colored Powertips","Conspire","Downfall","Easy Mod","Energized Spire","Minty Spire (QoL Compilation)","Quick Restart","Relic Filter Mod","Relic Stats","Replay The Spire","StSLib","SuperFastMode","TestMod","The Marked","[IsaacMod]以撒尖塔","【功能Mod】Neow奖励","【功能Mod】混沌之环修复补丁","【功能Mod】精心准备","【遗物卡牌】REMEMod","没有小屋子和绿帽子啦"],"gold_per_floor":[199,213,213,229,249,276,276,308,322,322,722,722,738,758,772,772,772,772],"floor_reached":16,"language":"ZHS","playtime":409,"items_purged":[],"score":114,"play_id":"6c03f4b0-4fbd-48ee-a7a1-265a85f2f9c6","local_time":"20210125111446","is_ascension_mode":true,"campfire_choices":[{"data":"Slimebound:Split","floor":1,"key":"SMITH"},{"data":"Slimebound:Overexert","floor":12,"key":"SMITH"}],"circlet_count":0,"master_deck":["EasyMod:card_1","Slimebound:Strike_Slimebound","Slimebound:Strike_Slimebound","Slimebound:Strike_Slimebound","Slimebound:Tackle","Slimebound:Defend_Slimebound","Slimebound:Defend_Slimebound","Slimebound:Defend_Slimebound","Slimebound:Defend_Slimebound","Slimebound:Split+1","Slimebound:CorrosiveSpit","Slimebound:Overexert+1","Slimebound:LivingWall","Slimebound:PressTheAttack","Slimebound:LeadByExample","Slimebound:SplitMire","Slimebound:SplitAcid","Slimebound:Gluttony","Slimebound:SplitBruiser"],"relics":["Slimebound:AbsorbEndCombat","HushsDoor","REME_ComplimentaryCards","AT_ATBox","GuppysTail","testmod-Brilliant","testmod-BalancedPeriapt","BookofShadows","ReplayTheSpireMod:Lightbulb","testmod-Justice"],"acts_visited":["Exordium"],"potions_floor_usage":[6,16],"damage_taken":[{"damage":0,"enemies":"Small Slimes","floor":2,"turns":1},{"damage":1,"enemies":"Jaw Worm","floor":4,"turns":3},{"damage":0,"enemies":"conspire:RoseBush","floor":5,"turns":2},{"damage":19,"enemies":"Gremlin Nob","floor":6,"turns":4},{"damage":19,"enemies":"Lagavulin","floor":8,"turns":5},{"damage":12,"enemies":"Blue Slaver","floor":9,"turns":3},{"damage":0,"enemies":"2 Fungi Beasts","floor":13,"turns":1},{"damage":0,"enemies":"Exordium Thugs","floor":14,"turns":1},{"damage":2,"enemies":"Blue Slaver","floor":15,"turns":2},{"damage":40,"enemies":"DF_ARCHETYPE_STREAMLINE","floor":16,"turns":6}],"seed_played":"7689538373376548814","potions_obtained":[{"floor":5,"key":"Fire Potion"},{"floor":8,"key":"Swift Potion"},{"floor":9,"key":"Ancient Potion"}],"is_trial":false,"path_per_floor":["R","M","?","M","M","E","T","E","M","T","?","R","M","M","M","B"],"character_chosen":"SLIMEBOUND","items_purchased":[],"campfire_rested":0,"item_purchase_floors":[],"current_hp_per_floor":[65,65,70,69,69,52,52,35,25,25,25,25,25,25,23,0,0,0],"gold":772,"neow_bonus":"HUNDRED_GOLD","is_daily":false,"chose_seed":false,"campfire_upgraded":2,"win_rate":0.0,"timestamp":1611544486,"path_taken":["R","M","?","M","M","E","T","E","M","?","?","R","M","M","M","BOSS"],"items_purchased_type":[],"build_version":"2020-12-22","purchased_purges":0,"victory":false,"max_hp_per_floor":[65,65,70,70,70,70,70,70,70,70,70,70,70,70,70,70,70,70],"relic_stats":{"counters":[10,26],"obtain_stats":[{"KeepersGift":0,"GuppysTail":0,"testmod-Brilliant":0,"BookofShadows":7,"testmod-TestBox":0,"AT_ATBox":0,"Slimebound:AbsorbEndCombat":0,"testmod-BalancedPeriapt":6,"testmod-Justice":10,"HushsDoor":0,"ReplayTheSpireMod:Lightbulb":8,"REME_ComplimentaryCards":0},{"KeepersGift":0,"GuppysTail":0,"testmod-Brilliant":0,"BookofShadows":4,"testmod-TestBox":0,"AT_ATBox":0,"Slimebound:AbsorbEndCombat":0,"testmod-BalancedPeriapt":4,"testmod-Justice":6,"HushsDoor":0,"ReplayTheSpireMod:Lightbulb":5,"REME_ComplimentaryCards":0},{"KeepersGift":0,"GuppysTail":0,"testmod-Brilliant":0,"BookofShadows":10,"testmod-TestBox":0,"AT_ATBox":0,"Slimebound:AbsorbEndCombat":0,"testmod-BalancedPeriapt":10,"testmod-Justice":16,"HushsDoor":0,"ReplayTheSpireMod:Lightbulb":14,"REME_ComplimentaryCards":0}]},"card_choices":[{"not_picked":["Slimebound:GoopSpray","Slimebound:SamplingLick"],"picked":"Slimebound:LivingWall","floor":2},{"not_picked":["Slimebound:ComboTackle","Slimebound:Chomp"],"picked":"Slimebound:PressTheAttack","floor":4},{"not_picked":["Slimebound:HauntingLick","Slimebound:ItLooksTasty"],"picked":"Slimebound:LeadByExample","floor":5},{"not_picked":["Slimebound:GoopSpray","Slimebound:SlimeTap"],"picked":"Slimebound:SplitMire","floor":6},{"not_picked":["Slimebound:DisruptingSlam","Slimebound:Replication","Slimebound:GoopSpray"],"picked":"SKIP","floor":8},{"not_picked":["Slimebound:SplitMire","Slimebound:RallyTheTroops"],"picked":"Slimebound:SplitAcid","floor":9},{"not_picked":["Slimebound:GoopSpray","Slimebound:LeechingTouch","Slimebound:HauntingLick"],"picked":"SKIP","floor":13},{"not_picked":["Slimebound:DisruptingSlam","Slimebound:SplitLeeching"],"picked":"Slimebound:Gluttony","floor":14},{"not_picked":["Slimebound:PressTheAttack","Slimebound:SpikyOuterGoop"],"picked":"Slimebound:SplitBruiser","floor":15}],"player_experience":221888,"relics_obtained":[{"floor":6,"key":"testmod-BalancedPeriapt"},{"floor":7,"key":"BookofShadows"},{"floor":8,"key":"ReplayTheSpireMod:Lightbulb"},{"floor":10,"key":"testmod-Justice"}],"event_choices":[{"damage_healed":0,"gold_gain":0,"player_choice":"Donut","damage_taken":0,"max_hp_gain":5,"max_hp_loss":0,"event_name":"Big Fish","floor":3,"gold_loss":0},{"damage_healed":0,"gold_gain":400,"player_choice":"Sell","damage_taken":0,"max_hp_gain":0,"max_hp_loss":0,"event_name":"恩洛斯的盘子","floor":11,"relics_lost":["testmod-TestBox"],"gold_loss":0}],"is_beta":false,"boss_relics":[],"items_purged_floors":[],"is_endless":false,"potions_floor_spawned":[5,8,9,14],"killed_by":"DF_ARCHETYPE_STREAMLINE","ascension_level":0}}