{"host":"mgcaznjmey5ghza1","time":1611607187,"event":{"mods":["BaseMod","Downfall","Hero for Fun","Minty Spire (QoL Compilation)","Quick Restart","StSLib","The Saiyan"],"gold_per_floor":[112,132,150,81,81,81,116,116,116,116,136,147,147,162,162,263,263,237,90,70,88,98,133,133,146,146,163,163,163,177,196,196,296,296,315,146,157,62,62,62,96,27,95,95,115,115,115],"floor_reached":46,"language":"ENG","playtime":3157,"items_purged":[],"score":499,"play_id":"7d09c571-2f02-4872-97f2-8f175ab1a49d","local_time":"20210125153947","is_ascension_mode":false,"campfire_choices":[{"data":"Outmaneuver","floor":6,"key":"SMITH"},{"data":"Strike_G","floor":8,"key":"SMITH"},{"data":"Strike_G","floor":10,"key":"SMITH"},{"floor":15,"key":"REST"},{"floor":24,"key":"REST"},{"floor":32,"key":"REST"},{"data":"Infinite Blades","floor":40,"key":"SMITH"},{"data":"Poisoned Stab","floor":44,"key":"SMITH"}],"circlet_count":0,"master_deck":["Strike_G+1","Strike_G+1","Strike_G","Strike_G","Strike_G","Defend_G","Defend_G","Defend_G","Defend_G","Defend_G","Survivor","Neutralize","Outmaneuver+1","Infinite Blades+1","Infinite Blades+1","After Image","Poisoned Stab","Backstab","Deflect","Wraith Form v2","Poisoned Stab","Blade Dance+1","Deflect+1","Terror","Bouncing Flask+1","Poisoned Stab+1","Poisoned Stab+1","Poisoned Stab","Footwork","Footwork","Poisoned Stab"],"relics":["Ring of the Snake","NeowsBlessing","Tough Bandages","Meat on the Bone","Black Star","Snake Skull","Lizard Tail","MealTicket","Toxic Egg 2","Sozu","PreservedInsect","Centennial Puzzle","Bag of Preparation","HornCleat"],"acts_visited":["Exordium","TheCity","TheBeyond"],"potions_floor_usage":[18,25,29,29,33,35],"damage_taken":[{"damage":0,"enemies":"Cultist","floor":1,"turns":1},{"damage":0,"enemies":"Small Slimes","floor":2,"turns":1},{"damage":0,"enemies":"Jaw Worm","floor":3,"turns":1},{"damage":21,"enemies":"3 Sentries","floor":7,"turns":9},{"damage":3,"enemies":"Red Slaver","floor":11,"turns":4},{"damage":9,"enemies":"Looter","floor":12,"turns":4},{"damage":0,"enemies":"3 Louse","floor":14,"turns":3},{"damage":43,"enemies":"Hexaghost","floor":16,"turns":13},{"damage":16,"enemies":"2 Thieves","floor":18,"turns":5},{"damage":6,"enemies":"Chosen","floor":21,"turns":5},{"damage":16,"enemies":"Snecko","floor":22,"turns":6},{"damage":65,"enemies":"Gremlin Leader","floor":23,"turns":7},{"damage":24,"enemies":"Shelled Parasite and Fungi","floor":25,"turns":7},{"damage":11,"enemies":"Cultist and Chosen","floor":27,"turns":6},{"damage":0,"enemies":"3 Cultists","floor":29,"turns":1},{"damage":28,"enemies":"Centurion and Healer","floor":30,"turns":6},{"damage":31,"enemies":"Shelled Parasite and Fungi","floor":31,"turns":5},{"damage":47,"enemies":"Champ","floor":33,"turns":12},{"damage":28,"enemies":"3 Shapes","floor":35,"turns":5},{"damage":6,"enemies":"Orb Walker","floor":37,"turns":3},{"damage":46,"enemies":"Giant Head","floor":41,"turns":8},{"damage":34,"enemies":"Spire Growth","floor":45,"turns":5},{"damage":26,"enemies":"Jaw Worm Horde","floor":46,"turns":3}],"seed_played":"-8072735344079602761","potions_obtained":[{"floor":2,"key":"SmokeBomb"},{"floor":16,"key":"Explosive Potion"},{"floor":18,"key":"FairyPotion"},{"floor":20,"key":"SneckoOil"},{"floor":27,"key":"Strength Potion"},{"floor":30,"key":"DuplicationPotion"},{"floor":33,"key":"Energy Potion"}],"is_trial":false,"path_per_floor":["M","M","M","$","?","R","E","R","T","R","M","M","?","M","R","B",null,"M","$","?","M","M","E","R","M","T","M","?","M","M","M","R","B",null,"M","$","M","$","?","R","E","$","T","R","M","M"],"character_chosen":"THE_SILENT","items_purchased":["Infinite Blades","Snake Skull","PreservedInsect","Poisoned Stab","Poisoned Stab","Footwork","Footwork"],"campfire_rested":3,"item_purchase_floors":[4,19,36,36,38,38,42],"current_hp_per_floor":[70,70,70,70,70,70,49,49,49,49,46,37,37,37,58,27,70,54,54,54,48,44,15,36,24,24,25,25,37,21,38,59,24,70,42,57,51,66,66,66,32,47,47,47,25,0,0],"gold":115,"neow_bonus":"THREE_ENEMY_KILL","is_daily":false,"chose_seed":false,"campfire_upgraded":5,"win_rate":0.0,"timestamp":1611607187,"path_taken":["M","M","M","?","?","R","E","R","T","R","?","M","?","M","R","BOSS","M","?","?","?","M","E","R","M","T","M","?","M","?","M","R","BOSS","M","$","?","$","?","R","E","$","T","R","M","M"],"items_purchased_type":["Card","Relic","Relic","Card","Card","Card","Card"],"build_version":"2020-12-22","purchased_purges":0,"victory":false,"max_hp_per_floor":[70,70,70,70,70,70,70,70,70,70,70,70,70,70,70,70,70,70,70,70,70,70,70,70,70,70,70,70,70,70,70,70,70,70,70,70,70,70,70,70,70,70,70,70,70,70,70],"card_choices":[{"not_picked":["Deflect","Tactician"],"picked":"Outmaneuver","floor":1},{"not_picked":["Well Laid Plans","Finisher"],"picked":"Quick Slash","floor":2},{"not_picked":["Dodge and Roll","Flechettes"],"picked":"Infinite Blades","floor":3},{"not_picked":["Sucker Punch","Dodge and Roll"],"picked":"Slice","floor":7},{"not_picked":["Backflip","Prepared"],"picked":"After Image","floor":11},{"not_picked":["Eviscerate","Slice"],"picked":"Poisoned Stab","floor":12},{"not_picked":["Finisher","Heel Hook"],"picked":"Deflect","floor":14},{"not_picked":["Phantasmal Killer","Bullet Time"],"picked":"Wraith Form v2","floor":16},{"not_picked":["Dodge and Roll","Caltrops"],"picked":"Poisoned Stab","floor":18},{"not_picked":["Leg Sweep","Heel Hook","Expertise"],"picked":"SKIP","floor":21},{"not_picked":["Crippling Poison","Slice"],"picked":"Blade Dance+1","floor":22},{"not_picked":["Slice+1","Doppelganger"],"picked":"Deflect+1","floor":23},{"not_picked":["PiercingWail","Deadly Poison"],"picked":"Terror","floor":25},{"not_picked":["Underhanded Strike","Predator","Dodge and Roll+1"],"picked":"SKIP","floor":27},{"not_picked":["Escape Plan+1","Expertise+1","Reflex+1"],"picked":"SKIP","floor":30},{"not_picked":["Eviscerate","Deadly Poison+1"],"picked":"Bouncing Flask+1","floor":31},{"not_picked":["Distraction+1","Expertise+1","Backflip+1"],"picked":"SKIP","floor":35},{"not_picked":["Deadly Poison+1","Predator"],"picked":"Poisoned Stab+1","floor":37},{"not_picked":["Underhanded Strike+1","Bullet Time+1","Choke+1"],"picked":"SKIP","floor":41},{"not_picked":["Slice","Quick Slash+1"],"picked":"Poisoned Stab","floor":45}],"player_experience":4693,"relics_obtained":[{"floor":7,"key":"Tough Bandages"},{"floor":9,"key":"Meat on the Bone"},{"floor":23,"key":"Lizard Tail"},{"floor":23,"key":"MealTicket"},{"floor":26,"key":"Toxic Egg 2"},{"floor":41,"key":"Centennial Puzzle"},{"floor":41,"key":"Bag of Preparation"},{"floor":43,"key":"HornCleat"}],"event_choices":[{"damage_healed":0,"gold_gain":0,"player_choice":"Forge","damage_taken":0,"max_hp_gain":0,"max_hp_loss":0,"event_name":"Accursed Blacksmith","floor":5,"gold_loss":0,"cards_upgraded":["Infinite Blades"]},{"damage_healed":0,"gold_gain":0,"cards_transformed":["Quick Slash"],"player_choice":"Transformed","damage_taken":0,"max_hp_gain":0,"max_hp_loss":0,"event_name":"Transmorgrifier","floor":13,"gold_loss":0,"cards_obtained":["Backstab"]},{"damage_healed":0,"gold_gain":0,"player_choice":"Bought 1 Potion","damage_taken":0,"max_hp_gain":0,"max_hp_loss":0,"event_name":"The Woman in Blue","floor":20,"gold_loss":0},{"damage_healed":0,"gold_gain":0,"player_choice":"Ignored","damage_taken":0,"max_hp_gain":0,"max_hp_loss":0,"event_name":"NoteForYourself","floor":28,"gold_loss":0},{"cards_removed":["Slice"],"damage_healed":0,"gold_gain":0,"player_choice":"Removed Attack","damage_taken":0,"max_hp_gain":0,"max_hp_loss":0,"event_name":"Falling","floor":39,"gold_loss":0}],"is_beta":false,"boss_relics":[{"not_picked":["SacredBark","Astrolabe"],"picked":"Black Star"},{"not_picked":["Philosopher\u0027s Stone","Snecko Eye"],"picked":"Sozu"}],"items_purged_floors":[],"is_endless":false,"potions_floor_spawned":[2,16,18,21,27,29,30,33,41],"killed_by":"Jaw Worm Horde","ascension_level":0}}