{"host":"delta","time":1611578806,"event":{"mods":["Act Like it!","Arknights The Spire","BaseMod","Lobotomy","Minty Spire (QoL Compilation)","StSLib"],"gold_per_floor":[115,129,148,161,180,180,191,203,226,240,254,279,298,325,325,428,428,428,428],"floor_reached":18,"language":"ZHS","playtime":1502,"items_purged":[],"score":170,"play_id":"8ded3469-7f75-4d39-ba5f-bec871684e44","local_time":"20210125204646","is_ascension_mode":false,"campfire_choices":[{"data":"Battle Trance","floor":6.0,"key":"SMITH"},{"data":"Sword Boomerang","floor":15.0,"key":"SMITH"}],"circlet_count":0,"master_deck":["Strike_R","Strike_R","Strike_R","Strike_R","Defend_R","Defend_R","Defend_R","Defend_R+1","Bash","VoidDream","Battle Trance+1","Murderer","Armaments","CrumblingArmor","Barricade","CENSORED","True Grit+1","Blood for Blood","FairyFestival","Heavy Blade","MHz","Thunderclap","WallGazer","QueenBee","DreamingCurrent","Sword Boomerang+1","BeautyBeast","Berserk"],"relics":["Burning Blood","CogitoBucket","HellTrain","Strawberry","War Paint","PreservedInsect","Mark of Pain"],"acts_visited":["Exordium","TheCity"],"potions_floor_usage":[18,18],"damage_taken":[{"damage":2.0,"enemies":"2 Louse","floor":1.0,"turns":5.0},{"damage":1.0,"enemies":"Cultist","floor":2.0,"turns":3.0},{"damage":9.0,"enemies":"Jaw Worm","floor":3.0,"turns":4.0},{"damage":51.0,"enemies":"Exordium Thugs","floor":4.0,"turns":6.0},{"damage":28.0,"enemies":"Red Slaver","floor":5.0,"turns":4.0},{"damage":23.0,"enemies":"Looter","floor":7.0,"turns":5.0},{"damage":42.0,"enemies":"2 Fungi Beasts","floor":8.0,"turns":5.0},{"damage":13.0,"enemies":"Lots of Slimes","floor":10.0,"turns":5.0},{"damage":12.0,"enemies":"Blue Slaver","floor":11.0,"turns":4.0},{"damage":2.0,"enemies":"3 Louse","floor":13.0,"turns":3.0},{"damage":31.0,"enemies":"3 Sentries","floor":14.0,"turns":5.0},{"damage":145.0,"enemies":"The Guardian","floor":16.0,"turns":6.0}],"seed_played":"-886304687389404183","potions_obtained":[{"floor":3.0,"key":"EssenceOfSteel"},{"floor":5.0,"key":"ColorlessPotion"},{"floor":8.0,"key":"Energy Potion"},{"floor":14.0,"key":"Swift Potion"}],"is_trial":false,"path_per_floor":["M","M","M","M","M","R","M","M","T","M","M","T","M","E","R","B",null,"M"],"character_chosen":"IRONCLAD","items_purchased":[],"campfire_rested":0,"item_purchase_floors":[],"current_hp_per_floor":[80,80,77,32,44,44,49,44,51,74,83,83,87,81,81,20,87,0,0],"gold":428,"neow_bonus":"","is_daily":false,"chose_seed":false,"campfire_upgraded":2,"win_rate":0.0,"timestamp":1611578806,"path_taken":["M","M","M","M","M","R","M","?","T","M","M","?","M","E","R","BOSS","BOSS","M"],"items_purchased_type":[],"build_version":"2020-12-18","purchased_purges":0,"victory":false,"max_hp_per_floor":[80,80,80,80,80,80,80,80,87,87,87,87,87,87,87,87,87,87,87],"card_choices":[{"not_picked":["SpiderBud","Wellcheers"],"picked":"VoidDream","floor":1.0},{"not_picked":["Twin Strike","Wild Strike"],"picked":"Battle Trance","floor":1.0},{"not_picked":["PunishingBird","Rudolta"],"picked":"Murderer","floor":2.0},{"not_picked":["Clothesline","Reckless Charge"],"picked":"Armaments","floor":2.0},{"not_picked":["OSAHOGD","HeroicMonk"],"picked":"CrumblingArmor","floor":3.0},{"not_picked":["Wild Strike","Inflame"],"picked":"Barricade","floor":3.0},{"not_picked":["Variant","SpiderBud"],"picked":"CENSORED","floor":4.0},{"not_picked":["Heavy Blade","Warcry"],"picked":"True Grit","floor":4.0},{"not_picked":["Wellcheers","Bloodbath"],"picked":"Funeral","floor":5.0},{"not_picked":["Battle Trance","Clash"],"picked":"Blood for Blood","floor":5.0},{"not_picked":["BigBadWolf","Alriune"],"picked":"FairyFestival","floor":7.0},{"not_picked":["Sword Boomerang","Iron Wave"],"picked":"Heavy Blade","floor":7.0},{"not_picked":["UniverseFragment","MeatLantern"],"picked":"MHz","floor":8.0},{"not_picked":["Warcry","Limit Break"],"picked":"Thunderclap","floor":8.0},{"not_picked":["Bloodbath","Woodsman"],"picked":"WallGazer","floor":10.0},{"not_picked":["Perfected Strike","Battle Trance","True Grit"],"picked":"SKIP","floor":10.0},{"not_picked":["Bloodbath","BeautyBeast"],"picked":"QueenBee","floor":11.0},{"not_picked":["Blood for Blood","Metallicize","Havoc"],"picked":"SKIP","floor":11.0},{"not_picked":["Alriune","PunishingBird"],"picked":"DreamingCurrent","floor":13.0},{"not_picked":["Second Wind","Blood for Blood"],"picked":"Sword Boomerang","floor":13.0},{"not_picked":["Yin","ShyLook"],"picked":"BeautyBeast","floor":14.0},{"not_picked":["Warcry","Blood for Blood","Twin Strike"],"picked":"SKIP","floor":14.0},{"not_picked":["Warcry","Blood for Blood","Twin Strike"],"picked":"SKIP","floor":14.0},{"not_picked":["Impervious","Exhume"],"picked":"Berserk","floor":16}],"player_experience":322299,"relics_obtained":[{"floor":9.0,"key":"Strawberry"},{"floor":12.0,"key":"War Paint"},{"floor":14.0,"key":"PreservedInsect"}],"event_choices":[],"is_beta":true,"boss_relics":[{"not_picked":["Black Star","Pandora\u0027s Box"],"picked":"Mark of Pain"}],"items_purged_floors":[],"is_endless":false,"potions_floor_spawned":[3,5,8,14],"killed_by":"Spheric Guardian","ascension_level":0}}