{"host":"7nm1ow5v9mg4ehcw","time":1611606428,"event":{"mods":["BaseMod","Highlight Path","Minty Spire (QoL Compilation)","StSLib"],"gold_per_floor":[112,112,112,60,73,114,114,140,164,205,205,218,60,78,78,167,167,186,186,186,200,214,257,257,290,317,355,368,368,389,423,423,513,513,533,503,528,453,24,24,44,44,70,70,105,130,170,185,185,185,185,185,27,68,68],"floor_reached":56,"language":"ENG","playtime":3182,"items_purged":["Writhe","Injury"],"score":2197,"play_id":"78f239ac-7c21-4070-b22e-5893b26d8bd8","local_time":"20210125212708","is_ascension_mode":true,"campfire_choices":[{"floor":7,"key":"REST"},{"floor":11,"key":"REST"},{"data":"Flex","floor":15,"key":"SMITH"},{"floor":24,"key":"REST"},{"data":"Limit Break","floor":32,"key":"SMITH"},{"data":"Inflame","floor":40,"key":"SMITH"},{"floor":42,"key":"RECALL"},{"data":"Metallicize","floor":44,"key":"SMITH"},{"data":"Brutality","floor":49,"key":"SMITH"},{"data":"Shrug It Off","floor":52,"key":"SMITH"}],"circlet_count":0,"master_deck":["AscendersBane","Strike_R","Strike_R","Strike_R","Strike_R","Strike_R","Defend_R","Defend_R","Defend_R","Defend_R","Bash","Cleave","Shockwave","Shrug It Off+1","Cleave","Inflame+1","Seeing Red","Flex+1","Reaper","Bandage Up","Clothesline","Impervious","Limit Break+1","Brutality+1","Intimidate+1","Metallicize+1","Whirlwind","Shrug It Off","Rupture","Impervious"],"relics":["Burning Blood","Pen Nib","Golden Idol","CultistMask","Pocketwatch","Odd Mushroom","Lantern","Bag of Marbles","ClockworkSouvenir","Velvet Choker","Sundial","Bronze Scales","Ornamental Fan","PreservedInsect","Oddly Smooth Stone","Runic Cube","Gambling Chip","Centennial Puzzle","Lizard Tail","White Beast Statue","Toy Ornithopter"],"acts_visited":["Exordium","TheCity","TheBeyond","TheEnding"],"potions_floor_usage":[8,16,23,25,30,31,33,45,46,50,55,55],"damage_taken":[{"damage":2,"enemies":"Jaw Worm","floor":1,"turns":3},{"damage":16,"enemies":"2 Louse","floor":5,"turns":2},{"damage":50,"enemies":"3 Sentries","floor":6,"turns":10},{"damage":10,"enemies":"The Mushroom Lair","floor":8,"turns":3},{"damage":32,"enemies":"Gremlin Nob","floor":10,"turns":5},{"damage":0,"enemies":"Cultist","floor":12,"turns":3},{"damage":7,"enemies":"Large Slime","floor":14,"turns":5},{"damage":0,"enemies":"Slime Boss","floor":16,"turns":5},{"damage":12,"enemies":"Chosen","floor":18,"turns":4},{"damage":28,"enemies":"Shell Parasite","floor":21,"turns":5},{"damage":0,"enemies":"3 Cultists","floor":22,"turns":2},{"damage":7,"enemies":"Gremlin Leader","floor":23,"turns":5},{"damage":52,"enemies":"Slavers","floor":25,"turns":5},{"damage":20,"enemies":"Gremlin Leader","floor":27,"turns":6},{"damage":22,"enemies":"Centurion and Healer","floor":28,"turns":4},{"damage":0,"enemies":"Cultist and Chosen","floor":30,"turns":4},{"damage":34,"enemies":"Book of Stabbing","floor":31,"turns":5},{"damage":51,"enemies":"Collector","floor":33,"turns":8},{"damage":12,"enemies":"Orb Walker","floor":35,"turns":4},{"damage":19,"enemies":"3 Darklings","floor":37,"turns":5},{"damage":35,"enemies":"Spire Growth","floor":41,"turns":4},{"damage":12,"enemies":"Nemesis","floor":45,"turns":3},{"damage":27,"enemies":"Maw","floor":46,"turns":7},{"damage":2,"enemies":"Reptomancer","floor":47,"turns":4},{"damage":0,"enemies":"Jaw Worm Horde","floor":48,"turns":1},{"damage":54,"enemies":"Time Eater","floor":50,"turns":7},{"damage":34,"enemies":"Shield and Spear","floor":54,"turns":6},{"damage":101,"enemies":"The Heart","floor":55,"turns":8}],"seed_played":"-956307912942044011","potions_obtained":[{"floor":6,"key":"Fire Potion"},{"floor":8,"key":"DuplicationPotion"},{"floor":10,"key":"Dexterity Potion"},{"floor":23,"key":"Fruit Juice"},{"floor":28,"key":"SkillPotion"},{"floor":30,"key":"Energy Potion"},{"floor":31,"key":"Strength Potion"},{"floor":36,"key":"CultistPotion"},{"floor":36,"key":"Ancient Potion"},{"floor":41,"key":"SkillPotion"},{"floor":45,"key":"PowerPotion"},{"floor":47,"key":"SpeedPotion"},{"floor":48,"key":"PowerPotion"},{"floor":54,"key":"BloodPotion"}],"is_trial":false,"path_per_floor":["M","?","?","$","M","E","R","?","T","E","R","M","$","M","R","B",null,"M","?","?","M","M","E","R","E","T","E","M","?","M","E","R","B",null,"M","?","M","$","$","R","M","R","T","R","E","M","E","M","R","B",null,"R","$","E","B",null],"character_chosen":"IRONCLAD","items_purchased":["Cleave","ClockworkSouvenir","Gambling Chip","Rupture","Impervious"],"campfire_rested":3,"item_purchase_floors":[4,13,39,53,53],"current_hp_per_floor":[72,72,72,72,62,18,40,36,36,10,32,38,38,37,37,43,67,65,65,47,29,35,50,72,59,59,55,63,63,80,75,75,47,72,80,80,75,75,75,75,51,51,51,51,70,73,80,80,80,36,69,69,69,64,29],"gold":68,"neow_bonus":"RANDOM_COMMON_RELIC","is_daily":false,"chose_seed":false,"campfire_upgraded":6,"win_rate":0.0,"timestamp":1611606428,"path_taken":["M","?","?","$","?","E","R","?","T","E","R","M","$","M","R","BOSS","M","?","?","?","M","E","R","E","T","E","M","?","M","E","R","BOSS","M","?","M","?","$","R","M","R","T","R","E","M","E","?","R","BOSS","R","$","E","BOSS"],"items_purchased_type":["Card","Relic","Relic","Card","Card"],"build_version":"2020-12-22","purchased_purges":2,"victory":true,"max_hp_per_floor":[75,75,75,75,75,75,75,75,75,75,75,75,75,75,75,75,75,75,75,75,75,75,75,75,75,75,75,75,75,80,80,80,80,80,80,80,80,80,80,80,80,80,80,80,80,80,80,80,80,80,80,80,80,80,80],"card_choices":[{"not_picked":["Twin Strike","Warcry","Dual Wield"],"picked":"SKIP","floor":1},{"not_picked":["Reckless Charge","Wild Strike"],"picked":"Shockwave","floor":5},{"not_picked":["Iron Wave","Sentinel"],"picked":"Shrug It Off","floor":6},{"not_picked":["Perfected Strike","Sword Boomerang"],"picked":"Cleave","floor":8},{"not_picked":["Thunderclap","Heavy Blade"],"picked":"Inflame","floor":10},{"not_picked":["Twin Strike","Body Slam"],"picked":"Seeing Red","floor":12},{"not_picked":["Clothesline","Juggernaut"],"picked":"Flex","floor":14},{"not_picked":["Corruption","Barricade"],"picked":"Reaper","floor":16},{"not_picked":["Rage","Iron Wave","Clash"],"picked":"SKIP","floor":18},{"not_picked":["True Grit","Searing Blow","Cleave"],"picked":"SKIP","floor":21},{"not_picked":["Cleave","Headbutt+1"],"picked":"Clothesline","floor":22},{"not_picked":["Combust","Ghostly Armor"],"picked":"Impervious","floor":23},{"not_picked":["Perfected Strike","Shockwave","Headbutt"],"picked":"SKIP","floor":25},{"not_picked":["Perfected Strike","Headbutt","Clothesline"],"picked":"SKIP","floor":27},{"not_picked":["Clash+1","Body Slam","Headbutt"],"picked":"SKIP","floor":28},{"not_picked":["Anger","Dark Embrace+1","Body Slam"],"picked":"SKIP","floor":30},{"not_picked":["Anger","Headbutt"],"picked":"Limit Break","floor":31},{"not_picked":["Limit Break","Berserk"],"picked":"Brutality","floor":33},{"not_picked":["Feel No Pain","Carnage+1"],"picked":"Intimidate+1","floor":35},{"not_picked":["Warcry+1","Wild Strike"],"picked":"Metallicize","floor":37},{"not_picked":["Searing Blow+1","Cleave","Perfected Strike"],"picked":"SKIP","floor":41},{"not_picked":["Bloodletting","Flex"],"picked":"Whirlwind","floor":45},{"not_picked":["Juggernaut","Body Slam+1","Second Wind+1"],"picked":"SKIP","floor":46},{"not_picked":["Dual Wield","Body Slam"],"picked":"Shrug It Off","floor":47},{"not_picked":["Sword Boomerang","True Grit","Uppercut+1"],"picked":"SKIP","floor":48},{"not_picked":["Sword Boomerang","True Grit","Uppercut+1"],"picked":"SKIP","floor":48},{"not_picked":["Uppercut","Pummel+1","Warcry"],"picked":"SKIP","floor":54}],"player_experience":346947,"relics_obtained":[{"floor":6,"key":"Pocketwatch"},{"floor":8,"key":"Odd Mushroom"},{"floor":9,"key":"Lantern"},{"floor":10,"key":"Bag of Marbles"},{"floor":23,"key":"Sundial"},{"floor":25,"key":"Bronze Scales"},{"floor":27,"key":"Ornamental Fan"},{"floor":31,"key":"Oddly Smooth Stone"},{"floor":43,"key":"Centennial Puzzle"},{"floor":45,"key":"Lizard Tail"},{"floor":47,"key":"White Beast Statue"},{"floor":54,"key":"Toy Ornithopter"}],"event_choices":[{"damage_healed":0,"gold_gain":0,"player_choice":"Take Wound","damage_taken":0,"relics_obtained":["Golden Idol"],"max_hp_gain":0,"max_hp_loss":0,"event_name":"Golden Idol","floor":2,"gold_loss":0,"cards_obtained":["Injury"]},{"damage_healed":0,"gold_gain":0,"player_choice":"Trade","damage_taken":0,"relics_obtained":["CultistMask"],"max_hp_gain":0,"max_hp_loss":0,"event_name":"FaceTrader","floor":3,"gold_loss":0},{"damage_healed":0,"gold_gain":0,"player_choice":"Fought Mushrooms","damage_taken":0,"max_hp_gain":0,"max_hp_loss":0,"event_name":"Mushrooms","floor":8,"gold_loss":0},{"damage_healed":0,"gold_gain":0,"player_choice":"Ignored","damage_taken":0,"max_hp_gain":0,"max_hp_loss":0,"event_name":"Ghosts","floor":19,"gold_loss":0},{"damage_healed":0,"gold_gain":0,"player_choice":"POTION CARD ","damage_taken":18,"max_hp_gain":0,"max_hp_loss":0,"event_name":"Knowing Skull","floor":20,"potions_obtained":["Weak Potion"],"gold_loss":0,"cards_obtained":["Bandage Up"]},{"damage_healed":0,"gold_gain":0,"player_choice":"Opened","damage_taken":0,"relics_obtained":["PreservedInsect"],"max_hp_gain":0,"max_hp_loss":0,"event_name":"The Mausoleum","floor":29,"gold_loss":0,"cards_obtained":["Writhe"]},{"damage_healed":0,"gold_gain":0,"player_choice":"Bought 2 Potions","damage_taken":0,"max_hp_gain":0,"max_hp_loss":0,"event_name":"The Woman in Blue","floor":36,"gold_loss":0}],"is_beta":false,"boss_relics":[{"not_picked":["Ectoplasm","Busted Crown"],"picked":"Velvet Choker"},{"not_picked":["SacredBark","Runic Pyramid"],"picked":"Runic Cube"}],"items_purged_floors":[38,39],"is_endless":false,"potions_floor_spawned":[6,8,10,23,28,30,31,41,45,47,48,54],"ascension_level":16}}