{"host":"vyjryxuuuxkt43k4","time":1611545131,"event":{"mods":["AchievementEnabler","BaseMod","Colored Map","DeckTracker","Keyboard Shortcuts","Minty Spire (QoL Compilation)","Permanent Neow","Quick Restart","Rare Cards Sparkle","StSLib","SuperFastMode","everything is the same but u backflip on backflip"],"gold_per_floor":[10,20,35,35,49,82,82,102,126,126,159,176,26,70,70,180,180,204,229,229,254,266,266,288,288,315,315,329,45,45,79,79,79,79],"floor_reached":33,"language":"KOR","playtime":1549,"items_purged":["Strike_G"],"score":448,"play_id":"b9483fe6-5ffe-426b-8a08-5ae55b4a456e","local_time":"20210125122531","is_ascension_mode":true,"campfire_choices":[{"data":"A Thousand Cuts","floor":7,"key":"SMITH"},{"floor":10,"key":"REST"},{"floor":15,"key":"REST"},{"data":"Venomology","floor":23,"key":"SMITH"},{"data":"Catalyst","floor":25,"key":"SMITH"},{"data":"Noxious Fumes","floor":27,"key":"SMITH"},{"data":"Bouncing Flask","floor":30,"key":"SMITH"},{"floor":32,"key":"REST"}],"circlet_count":0,"master_deck":["AscendersBane","Strike_G","Strike_G","Strike_G","Strike_G","Defend_G","Defend_G","Defend_G","Defend_G","Defend_G","Survivor","Neutralize","A Thousand Cuts+1","Skewer","Deadly Poison","Dash","All Out Attack","Bane","Catalyst+1","Dodge and Roll","Noxious Fumes+1","Backstab","Venomology+1","Distraction+1","Crippling Poison","PiercingWail+1","Bouncing Flask+1","Deep Breath","After Image"],"relics":["Ring of the Snake","Centennial Puzzle","Omamori","Bronze Scales","Boot","Lantern","CeramicFish","Cursed Key","Smiling Mask","Strange Spoon","Akabeko"],"acts_visited":["Exordium","TheCity"],"potions_floor_usage":[6,11,14,18,18,19,22,22,24,28,31,33,33],"damage_taken":[{"damage":1,"enemies":"Small Slimes","floor":1,"turns":5},{"damage":0,"enemies":"Cultist","floor":2,"turns":4},{"damage":3,"enemies":"2 Louse","floor":3,"turns":3},{"damage":4,"enemies":"Exordium Wildlife","floor":5,"turns":6},{"damage":35,"enemies":"Lagavulin","floor":6,"turns":7},{"damage":1,"enemies":"Looter","floor":8,"turns":4},{"damage":27,"enemies":"Gremlin Nob","floor":11,"turns":4},{"damage":3,"enemies":"3 Louse","floor":12,"turns":2},{"damage":5,"enemies":"3 Sentries","floor":14,"turns":4},{"damage":17,"enemies":"The Guardian","floor":16,"turns":8},{"damage":10,"enemies":"Spheric Guardian","floor":18,"turns":4},{"damage":7,"enemies":"Chosen","floor":19,"turns":4},{"damage":4,"enemies":"Snecko","floor":21,"turns":5},{"damage":0,"enemies":"3 Cultists","floor":22,"turns":4},{"damage":3,"enemies":"Sentry and Sphere","floor":24,"turns":5},{"damage":0,"enemies":"Snake Plant","floor":28,"turns":4},{"damage":24,"enemies":"Gremlin Leader","floor":31,"turns":5},{"damage":51,"enemies":"Automaton","floor":33,"turns":8}],"seed_played":"-5665948753649912116","potions_obtained":[{"floor":1,"key":"SteroidPotion"},{"floor":3,"key":"Swift Potion"},{"floor":12,"key":"Block Potion"},{"floor":16,"key":"DuplicationPotion"},{"floor":19,"key":"Block Potion"},{"floor":22,"key":"Ancient Potion"},{"floor":24,"key":"BlessingOfTheForge"}],"is_trial":false,"path_per_floor":["M","M","M","?","M","E","R","M","T","R","E","M","$","E","R","B",null,"M","M","?","M","M","R","M","R","T","R","M","$","R","E","R","B"],"character_chosen":"THE_SILENT","items_purchased":["Lantern","Strange Spoon","Deep Breath"],"campfire_rested":3,"item_purchase_floors":[13,29,29],"current_hp_per_floor":[62,62,59,59,55,20,20,19,19,40,13,10,10,5,26,9,55,45,38,61,57,57,57,54,54,54,54,54,54,54,30,51,0,0],"gold":79,"neow_bonus":"THREE_RARE_CARDS","is_daily":false,"chose_seed":false,"campfire_upgraded":5,"win_rate":0.0,"timestamp":1611545131,"path_taken":["M","M","M","?","?","E","R","M","T","R","E","M","$","E","R","BOSS","M","M","?","M","M","R","M","R","T","R","M","$","R","E","R","BOSS"],"items_purchased_type":["Relic","Relic","Card"],"build_version":"2020-12-22","purchased_purges":1,"victory":false,"max_hp_per_floor":[70,70,70,70,70,70,70,70,70,70,70,70,70,70,70,70,70,70,70,70,70,70,70,70,70,70,70,70,70,70,70,70,70,70],"card_choices":[{"not_picked":["Wraith Form v2","Burst"],"picked":"A Thousand Cuts","floor":0},{"not_picked":["Well Laid Plans","Eviscerate"],"picked":"Skewer","floor":1},{"not_picked":["Blur","Underhanded Strike"],"picked":"Deadly Poison","floor":2},{"not_picked":["Bane","Dodge and Roll"],"picked":"Dash","floor":3},{"not_picked":["Backflip","Slice"],"picked":"All Out Attack","floor":5},{"not_picked":["Eviscerate","Dagger Spray"],"picked":"Bane","floor":6},{"not_picked":["Bane","Predator"],"picked":"Catalyst","floor":8},{"not_picked":["Skewer","Prepared"],"picked":"Dodge and Roll","floor":11},{"not_picked":["Caltrops","Escape Plan"],"picked":"Noxious Fumes","floor":12},{"not_picked":["Dagger Throw","Distraction"],"picked":"Backstab","floor":14},{"not_picked":["Night Terror","Glass Knife"],"picked":"Venomology","floor":16},{"not_picked":["Flying Knee","Calculated Gamble"],"picked":"Distraction+1","floor":18},{"not_picked":["Calculated Gamble","Poisoned Stab"],"picked":"Crippling Poison","floor":19},{"not_picked":["Venomology","Poisoned Stab"],"picked":"PiercingWail+1","floor":21},{"not_picked":["Dagger Throw","Setup","Sucker Punch+1"],"picked":"SKIP","floor":22},{"not_picked":["Poisoned Stab+1","Blade Dance"],"picked":"Bouncing Flask","floor":24},{"not_picked":["Dash","Slice","Deadly Poison"],"picked":"SKIP","floor":28},{"not_picked":["Bane","Dagger Spray"],"picked":"After Image","floor":31}],"player_experience":307557,"relics_obtained":[{"floor":4,"key":"Centennial Puzzle"},{"floor":6,"key":"Omamori"},{"floor":9,"key":"Bronze Scales"},{"floor":11,"key":"Boot"},{"floor":14,"key":"CeramicFish"},{"floor":26,"key":"Smiling Mask"},{"floor":31,"key":"Akabeko"}],"event_choices":[{"damage_healed":0,"gold_gain":0,"player_choice":"Relic","damage_taken":0,"max_hp_gain":0,"max_hp_loss":0,"event_name":"Wheel of Change","floor":4,"gold_loss":0},{"damage_healed":23,"gold_gain":0,"player_choice":"Heal","damage_taken":0,"max_hp_gain":0,"max_hp_loss":0,"event_name":"The Library","floor":20,"gold_loss":0}],"is_beta":false,"boss_relics":[{"not_picked":["SacredBark","Tiny House"],"picked":"Cursed Key"}],"items_purged_floors":[29],"is_endless":false,"potions_floor_spawned":[1,3,5,12,16,19,22,24],"killed_by":"Automaton","ascension_level":11}}