{"host":"rj1j8apb2x4vafcu","time":1611601527,"event":{"mods":["AchievementEnabler","Act Like it!","BaseMod","Colored Map","Colored Powertips","Minty Spire (QoL Compilation)","Rare Cards Sparkle","StSLib"],"gold_per_floor":[114,114,124,124,104,104,120,147,147,147,25,50,62,93,93,188,188,202,221,221,221,236,236,267,267,294,294,313,46,61,6,6,110,110,125,144,194,194,206,206,241,8,8,8,8,8],"floor_reached":45,"language":"ENG","playtime":2636,"items_purged":["Defend_G","Strike_G","Defend_G"],"score":582,"play_id":"b0731a67-cac1-43c5-902f-56151d7d30d0","local_time":"20210125170527","is_ascension_mode":true,"campfire_choices":[{"data":"Backflip","floor":6,"key":"SMITH"},{"data":"Blur","floor":10,"key":"SMITH"},{"floor":15,"key":"REST"},{"floor":23,"key":"REST"},{"data":"After Image","floor":25,"key":"SMITH"},{"floor":27,"key":"REST"},{"floor":32,"key":"REST"},{"floor":40,"key":"REST"}],"circlet_count":0,"master_deck":["Strike_G","Defend_G","Defend_G","Survivor","Neutralize","Quick Slash+1","Bouncing Flask+1","Terror+1","Accuracy+1","Backflip+1","Deflect","Blur+1","Footwork","Infinite Blades","Poisoned Stab","Prepared","Night Terror","Acrobatics","Footwork","After Image+1","Cloak And Dagger+1","Accuracy","Backflip","Tactician","Corpse Explosion","Slice+1","Reflex","Heel Hook+1","Madness","Madness","Deflect+1","Catalyst","Well Laid Plans"],"relics":["Astrolabe","Bag of Preparation","Vajra","The Courier","Paper Crane","Matryoshka","WristBlade","Incense Burner","InkBottle","Happy Flower","TwistedFunnel","Black Star","Prayer Wheel","Molten Egg 2","StoneCalendar","Membership Card","Meat on the Bone","Darkstone Periapt"],"acts_visited":["Exordium","TheCity","TheBeyond"],"potions_floor_usage":[16,16,24,24,33,33,36],"damage_taken":[{"damage":1,"enemies":"2 Louse","floor":1,"turns":2},{"damage":0,"enemies":"Cultist","floor":3,"turns":3},{"damage":0,"enemies":"Small Slimes","floor":7,"turns":2},{"damage":5,"enemies":"Gremlin Nob","floor":8,"turns":3},{"damage":11,"enemies":"3 Sentries","floor":12,"turns":7},{"damage":6,"enemies":"Looter","floor":13,"turns":2},{"damage":2,"enemies":"Lagavulin","floor":14,"turns":5},{"damage":11,"enemies":"Hexaghost","floor":16,"turns":5},{"damage":14,"enemies":"Shell Parasite","floor":18,"turns":5},{"damage":14,"enemies":"Spheric Guardian","floor":19,"turns":4},{"damage":14,"enemies":"Snecko","floor":22,"turns":5},{"damage":43,"enemies":"Gremlin Leader","floor":24,"turns":5},{"damage":25,"enemies":"3 Cultists","floor":28,"turns":6},{"damage":0,"enemies":"Centurion and Healer","floor":30,"turns":6},{"damage":0,"enemies":"Automaton","floor":33,"turns":8},{"damage":18,"enemies":"3 Shapes","floor":35,"turns":5},{"damage":10,"enemies":"3 Darklings","floor":36,"turns":2},{"damage":8,"enemies":"Mind Bloom Boss Battle","floor":37,"turns":6},{"damage":15,"enemies":"Sphere and 2 Shapes","floor":39,"turns":6},{"damage":15,"enemies":"Nemesis","floor":41,"turns":7},{"damage":19,"enemies":"Transient","floor":45,"turns":3}],"seed_played":"461867052930013383","potions_obtained":[{"floor":1,"key":"Explosive Potion"},{"floor":5,"key":"LiquidMemories"},{"floor":8,"key":"LiquidMemories"},{"floor":16,"key":"CultistPotion"},{"floor":22,"key":"DuplicationPotion"},{"floor":24,"key":"EssenceOfSteel"},{"floor":35,"key":"Energy Potion"},{"floor":39,"key":"Dexterity Potion"}],"is_trial":false,"path_per_floor":["M","?","M","?","?","R","M","E","T","R","$","E","M","E","R","B",null,"M","M","?","?","M","R","E","R","T","R","M","$","M","$","R","B",null,"M","M","?","?","M","R","E","$","T","?","M"],"character_chosen":"THE_SILENT","items_purchased":["Footwork","TwistedFunnel","Accuracy","Backflip","Tactician","Membership Card","Catalyst","Well Laid Plans"],"campfire_rested":5,"item_purchase_floors":[11,29,29,29,31,42,42,42],"current_hp_per_floor":[69,62,62,59,59,59,59,54,54,54,54,43,37,35,56,45,70,56,42,42,42,28,49,6,6,6,27,2,2,2,2,23,23,70,52,42,34,25,10,31,16,16,16,16,0,0],"gold":8,"neow_bonus":"BOSS_RELIC","is_daily":false,"chose_seed":false,"campfire_upgraded":3,"win_rate":0.0,"timestamp":1611601527,"path_taken":["M","?","M","?","?","R","?","E","T","R","$","E","M","E","R","BOSS","M","M","?","?","M","R","E","R","T","R","M","$","?","?","R","BOSS","M","M","?","?","M","R","E","$","T","?","M"],"items_purchased_type":["Card","Relic","Card","Card","Card","Relic","Card","Card"],"build_version":"2020-12-22","purchased_purges":3,"victory":false,"max_hp_per_floor":[70,70,70,70,70,70,70,70,70,70,70,70,70,70,70,70,70,70,70,70,70,70,70,70,70,70,70,70,70,70,70,70,70,70,70,70,70,70,70,70,70,70,70,70,70,70],"card_choices":[{"not_picked":["Dagger Spray","Flying Knee"],"picked":"Accuracy","floor":1},{"not_picked":["PiercingWail","Predator"],"picked":"Backflip","floor":3},{"not_picked":["All Out Attack","Dodge and Roll"],"picked":"Deflect","floor":7},{"not_picked":["Blade Dance","Flying Knee"],"picked":"Blur","floor":8},{"not_picked":["Venomology","Heel Hook"],"picked":"Infinite Blades","floor":12},{"not_picked":["Backstab","Sucker Punch"],"picked":"Poisoned Stab","floor":13},{"not_picked":["Dagger Spray","PiercingWail"],"picked":"Prepared","floor":14},{"not_picked":["Die Die Die","Phantasmal Killer"],"picked":"Night Terror","floor":16},{"not_picked":["Underhanded Strike","PiercingWail"],"picked":"Acrobatics","floor":18},{"not_picked":["Sucker Punch","Outmaneuver"],"picked":"Footwork","floor":19},{"not_picked":["Prepared","Deflect"],"picked":"After Image","floor":22},{"not_picked":["Finisher","Sucker Punch"],"picked":"Cloak And Dagger+1","floor":24},{"not_picked":["Predator","Outmaneuver+1","Dodge and Roll"],"picked":"SKIP","floor":28},{"not_picked":["Flying Knee","Dagger Throw"],"picked":"Bane","floor":30},{"not_picked":["Storm of Steel","Die Die Die"],"picked":"Corpse Explosion","floor":33},{"not_picked":["Dagger Spray+1","Expertise"],"picked":"Slice+1","floor":35},{"not_picked":["Acrobatics","Outmaneuver+1"],"picked":"Reflex","floor":36},{"not_picked":["PiercingWail+1","Backflip"],"picked":"Heel Hook+1","floor":37},{"not_picked":["Footwork+1","Endless Agony"],"picked":"Deflect+1","floor":39},{"not_picked":["Outmaneuver+1","Doppelganger","Distraction+1"],"picked":"SKIP","floor":39},{"not_picked":["Dagger Spray+1","Quick Slash+1","Flying Knee+1"],"picked":"SKIP","floor":41}],"player_experience":124068,"relics_obtained":[{"floor":8,"key":"Vajra"},{"floor":9,"key":"The Courier"},{"floor":12,"key":"Paper Crane"},{"floor":14,"key":"Matryoshka"},{"floor":24,"key":"Incense Burner"},{"floor":26,"key":"InkBottle"},{"floor":26,"key":"Happy Flower"},{"floor":37,"key":"Prayer Wheel"},{"floor":41,"key":"Molten Egg 2"},{"floor":41,"key":"StoneCalendar"},{"floor":43,"key":"Meat on the Bone"},{"floor":43,"key":"Darkstone Periapt"}],"event_choices":[{"cards_removed":["Strike_G"],"damage_healed":0,"gold_gain":0,"player_choice":"Card Removal","damage_taken":7,"max_hp_gain":0,"max_hp_loss":0,"event_name":"Golden Wing","floor":2,"gold_loss":0},{"damage_healed":0,"gold_gain":0,"player_choice":"Success","damage_taken":3,"relics_obtained":["Bag of Preparation"],"max_hp_gain":0,"max_hp_loss":0,"event_name":"Scrap Ooze","floor":4,"gold_loss":0},{"damage_healed":0,"gold_gain":0,"player_choice":"Bought 1 Potion","damage_taken":0,"max_hp_gain":0,"max_hp_loss":0,"event_name":"The Woman in Blue","floor":5,"gold_loss":0},{"damage_healed":0,"gold_gain":0,"player_choice":"Ignored","damage_taken":0,"max_hp_gain":0,"max_hp_loss":0,"event_name":"Ghosts","floor":20,"gold_loss":0},{"damage_healed":0,"gold_gain":0,"player_choice":"Forge","damage_taken":0,"max_hp_gain":0,"max_hp_loss":0,"event_name":"Accursed Blacksmith","floor":21,"gold_loss":0,"cards_upgraded":["Accuracy"]},{"damage_healed":0,"gold_gain":0,"player_choice":"Fight","damage_taken":0,"max_hp_gain":0,"max_hp_loss":0,"event_name":"MindBloom","floor":37,"gold_loss":0},{"damage_healed":0,"gold_gain":0,"player_choice":"Embrace Madness","damage_taken":9,"max_hp_gain":0,"max_hp_loss":0,"event_name":"Winding Halls","floor":38,"gold_loss":0,"cards_obtained":["Madness","Madness"]},{"cards_removed":["Bane"],"damage_healed":0,"gold_gain":0,"player_choice":"Removed Attack","damage_taken":0,"max_hp_gain":0,"max_hp_loss":0,"event_name":"Falling","floor":44,"gold_loss":0}],"is_beta":false,"boss_relics":[{"not_picked":["Busted Crown","Empty Cage"],"picked":"WristBlade"},{"not_picked":["Coffee Dripper","SlaversCollar"],"picked":"Black Star"}],"items_purged_floors":[11,29,42],"is_endless":false,"potions_floor_spawned":[1,8,16,22,24,35,39],"killed_by":"Transient","ascension_level":2}}