{"host":"ooa7gbxz3ilj1hm6","time":1611560839,"event":{"mods":["BaseMod","Colored Map","Downfall","Highlight Path","Minty Spire (QoL Compilation)","StSLib"],"gold_per_floor":[0,15,115,47,63,63,63,23,42,42,77,94,104,104,121,222,222,22,37,137,147,159,159,183,199,41,41,41,41],"floor_reached":27,"language":"ENG","playtime":1359,"items_purged":[],"score":240,"play_id":"20cf09b3-f6ed-47f1-8e41-3365305ac9bd","local_time":"20210125004719","is_ascension_mode":false,"campfire_choices":[{"data":"Slimebound:Darklings","floor":1,"key":"SMITH"},{"floor":6,"key":"RECALL"},{"data":"Slimebound:SelfFormingGoo","floor":10,"key":"SMITH"},{"data":"Slimebound:Darklings","floor":18,"key":"SMITH"}],"circlet_count":0,"master_deck":["Slimebound:Strike_Slimebound","Slimebound:Strike_Slimebound","Slimebound:Strike_Slimebound","Slimebound:Tackle","Slimebound:Defend_Slimebound","Slimebound:Defend_Slimebound","Slimebound:Defend_Slimebound","Slimebound:Defend_Slimebound","Slimebound:Split","Slimebound:CorrosiveSpit","Slimebound:Darklings+1","Slimebound:SlimeSpikes","Slimebound:SplitMire","Slimebound:SplitLeeching","Slimebound:Repurpose","Slimebound:SelfFormingGoo+1","Slimebound:SplitAcid","Slimebound:SplitSpecialist","Slimebound:GrowthPunch","Slimebound:Darklings+1","Slimebound:DivideAndConquer"],"relics":["Slimebound:AbsorbEndCombat","Busted Crown","downfall:HeartBlessingRed","downfall:HeartBlessingBlue","downfall:RedIOU","MealTicket","Blood Vial"],"acts_visited":["Exordium","TheCity"],"potions_floor_usage":[16],"damage_taken":[{"damage":6,"enemies":"Jaw Worm","floor":2,"turns":4},{"damage":3,"enemies":"downfall:FleeingMerchant","floor":4,"turns":4},{"damage":0,"enemies":"Cultist","floor":5,"turns":3},{"damage":10,"enemies":"downfall:FleeingMerchant","floor":8,"turns":4},{"damage":7,"enemies":"Small Slimes","floor":9,"turns":3},{"damage":29,"enemies":"Gremlin Nob","floor":11,"turns":4},{"damage":8,"enemies":"Red Slaver","floor":12,"turns":4},{"damage":8,"enemies":"Blue Slaver","floor":13,"turns":4},{"damage":9,"enemies":"Exordium Wildlife","floor":15,"turns":5},{"damage":19,"enemies":"IC_STATUS_ARCHETYPE","floor":16,"turns":8},{"damage":6,"enemies":"3 Byrds","floor":19,"turns":4},{"damage":15,"enemies":"Snake Plant","floor":21,"turns":4},{"damage":33,"enemies":"Snecko","floor":22,"turns":5},{"damage":42,"enemies":"Sentry and Sphere","floor":25,"turns":5},{"damage":5,"enemies":"downfall:FleeingMerchant","floor":26,"turns":4},{"damage":24,"enemies":"Snake Plant","floor":27,"turns":2}],"seed_played":"3383050102605687830","potions_obtained":[{"floor":5,"key":"Slimebound:SlimyTonguePotion"},{"floor":11,"key":"SkillPotion"},{"floor":12,"key":"Slimebound:SlimyTonguePotion"},{"floor":16,"key":"Energy Potion"},{"floor":21,"key":"bronze:BurnAndBuffPotion"}],"is_trial":false,"path_per_floor":["R","M","?","$","M","R","T","$","M","R","E","M","M","?","M","B",null,"R","M","?","M","M","?","T","M","$","M"],"character_chosen":"SLIMEBOUND","items_purchased":["Slimebound:SplitLeeching","Slimebound:SplitAcid","Blood Vial"],"campfire_rested":0,"item_purchase_floors":[4,8,26],"current_hp_per_floor":[65,63,63,64,65,65,65,59,54,54,27,33,39,44,37,36,70,80,74,74,61,44,44,44,2,16,0,0,0],"gold":41,"neow_bonus":"THREE_RARE_CARDS","is_daily":false,"chose_seed":false,"campfire_upgraded":3,"win_rate":0.0,"timestamp":1611560839,"path_taken":["R","M","?","$","M","R","T","?","M","R","E","M","M","?","M","BOSS","R","M","?","M","?","?","T","M","$","M"],"items_purchased_type":["Card","Card","Relic"],"build_version":"2020-12-22","purchased_purges":0,"victory":false,"max_hp_per_floor":[65,65,65,65,65,65,65,65,65,65,65,65,65,70,70,70,70,80,80,80,80,80,80,80,80,80,80,80,80],"card_choices":[{"not_picked":["Slimebound:RallyTheTroops","Slimebound:MassFeed"],"picked":"Slimebound:Darklings","floor":0},{"not_picked":["Slimebound:LeechingTouch","Slimebound:LeechEnergy"],"picked":"Slimebound:SlimeSpikes","floor":2},{"not_picked":["Slimebound:SamplingLick","Slimebound:SplitBruiser"],"picked":"Slimebound:SplitMire","floor":4},{"not_picked":["Slimebound:DivideAndConquer","Slimebound:Dissolve"],"picked":"Slimebound:Repurpose","floor":5},{"not_picked":["Slimebound:HauntingLick","Slimebound:SamplingLick"],"picked":"Slimebound:SelfFormingGoo","floor":8},{"not_picked":["Slimebound:SamplingLick","Slimebound:FinishingTackle","Slimebound:SplitAcid"],"picked":"SKIP","floor":9},{"not_picked":["Slimebound:LivingWall","Slimebound:LeechingTouch"],"picked":"Slimebound:SplitSpecialist","floor":11},{"not_picked":["Slimebound:LeechEnergy","Slimebound:SplitBruiser","Slimebound:DisruptingSlam"],"picked":"SKIP","floor":12},{"not_picked":["Slimebound:SplitLeeching","Slimebound:SamplingLick"],"picked":"Slimebound:GrowthPunch","floor":13},{"not_picked":["Slimebound:HauntingLick","Slimebound:GoopTackle","Slimebound:ComboTackle"],"picked":"SKIP","floor":15},{"not_picked":["Slimebound:DouseInSlime","Slimebound:Overexert"],"picked":"Slimebound:Darklings","floor":16},{"not_picked":[],"picked":"Slimebound:DivideAndConquer","floor":19},{"not_picked":["Slimebound:Schlurp"],"picked":"SKIP","floor":21},{"not_picked":["Slimebound:Nibble"],"picked":"SKIP","floor":22},{"not_picked":["Slimebound:FinishingTackle"],"picked":"SKIP","floor":25},{"not_picked":["Slimebound:Nibble"],"picked":"SKIP","floor":26}],"player_experience":28989,"relics_obtained":[{"floor":11,"key":"Meat on the Bone"},{"floor":24,"key":"MealTicket"}],"event_choices":[{"damage_healed":0,"gold_gain":0,"player_choice":"Donut","damage_taken":0,"max_hp_gain":5,"max_hp_loss":0,"event_name":"Big Fish","floor":14,"gold_loss":0}],"is_beta":false,"boss_relics":[{"not_picked":["Cursed Key","Tiny House"],"picked":"Busted Crown"}],"items_purged_floors":[],"is_endless":false,"potions_floor_spawned":[5,11,12,15,16,21,25],"killed_by":"Snake Plant","ascension_level":0}}