{"host":"jwbw4f4imxd0v0b0","time":1611552867,"event":{"mods":["BaseMod","Colored Map","Highlight Path","Minty Spire (QoL Compilation)","Relic Stats","StSLib"],"gold_per_floor":[117,192,205,305,323,355,355,355,355,355,335,370,384,416,416,515,515,535,229,240,168,178,208,208,208,232,232,29,29,52,78,78,186,186,209,60,86,86,98,136,136,176,176,197,236,247,34,59,59,59],"floor_reached":51,"language":"ENG","playtime":4558,"items_purged":["Strike_B","Writhe"],"score":1081,"play_id":"b41a8630-de8c-4bee-818a-129cd28ebf76","local_time":"20210124233427","is_ascension_mode":true,"campfire_choices":[{"data":"Ball Lightning","floor":8,"key":"SMITH"},{"data":"Double Energy","floor":10,"key":"SMITH"},{"data":"Genetic Algorithm","floor":15,"key":"SMITH"},{"data":"Capacitor","floor":27,"key":"SMITH"},{"data":"Loop","floor":29,"key":"SMITH"},{"data":"Seek","floor":32,"key":"SMITH"},{"data":"Darkness","floor":41,"key":"SMITH"},{"data":"Defragment","floor":49,"key":"SMITH"}],"circlet_count":0,"master_deck":["Strike_B","Strike_B","Strike_B","Defend_B","Defend_B","Defend_B","Defend_B","Zap","Dualcast","Ball Lightning+1","Go for the Eyes","Skim","Double Energy+1","Steam","Genetic Algorithm+1","Barrage","Seek+1","Cold Snap","Cold Snap+1","Leap","Darkness+1","Sweeping Beam+1","Redo+1","Capacitor+1","White Noise+1","Loop+1","Coolheaded+1","Biased Cognition+1","Chaos+1","Compile Driver","White Noise+1","Hologram+1","Defragment+1","Electrodynamics","Fission","Barrage+1"],"relics":["Cracked Core","Symbiotic Virus","Oddly Smooth Stone","Question Card","Anchor","Coffee Dripper","Orrery","Strawberry","Bird Faced Urn","InkBottle","CeramicFish","ClockworkSouvenir","Sundial","Nuclear Battery","Pear","Gambling Chip","Mummified Hand","Dead Branch","Lee\u0027s Waffle"],"acts_visited":["Exordium","TheCity","TheBeyond"],"potions_floor_usage":[6,12,14,16,23,33,50,50],"damage_taken":[{"damage":2,"enemies":"Jaw Worm","floor":1,"turns":4},{"damage":2,"enemies":"2 Louse","floor":3,"turns":2},{"damage":0,"enemies":"Cultist","floor":5,"turns":3},{"damage":20,"enemies":"Lagavulin","floor":6,"turns":6},{"damage":7,"enemies":"3 Sentries","floor":12,"turns":6},{"damage":0,"enemies":"3 Louse","floor":13,"turns":3},{"damage":16,"enemies":"Gremlin Nob","floor":14,"turns":3},{"damage":9,"enemies":"Slime Boss","floor":16,"turns":7},{"damage":14,"enemies":"Spheric Guardian","floor":18,"turns":4},{"damage":0,"enemies":"3 Byrds","floor":20,"turns":4},{"damage":1,"enemies":"Shelled Parasite and Fungi","floor":22,"turns":5},{"damage":7,"enemies":"Book of Stabbing","floor":23,"turns":5},{"damage":1,"enemies":"Snake Plant","floor":30,"turns":5},{"damage":30,"enemies":"Slavers","floor":31,"turns":5},{"damage":7,"enemies":"Champ","floor":33,"turns":10},{"damage":0,"enemies":"Orb Walker","floor":35,"turns":3},{"damage":0,"enemies":"3 Darklings","floor":37,"turns":5},{"damage":0,"enemies":"Writhing Mass","floor":39,"turns":5},{"damage":25,"enemies":"Giant Head","floor":40,"turns":9},{"damage":37,"enemies":"Reptomancer","floor":42,"turns":7},{"damage":0,"enemies":"4 Shapes","floor":44,"turns":5},{"damage":16,"enemies":"Giant Head","floor":45,"turns":8},{"damage":8,"enemies":"Maw","floor":46,"turns":4},{"damage":0,"enemies":"Transient","floor":48,"turns":5},{"damage":0,"enemies":"Time Eater","floor":50,"turns":5}],"seed_played":"3231320653783579793","potions_obtained":[{"floor":0,"key":"Regen Potion"},{"floor":0,"key":"DistilledChaos"},{"floor":0,"key":"Regen Potion"},{"floor":11,"key":"FearPotion"},{"floor":14,"key":"Strength Potion"},{"floor":18,"key":"BlessingOfTheForge"},{"floor":31,"key":"Dexterity Potion"},{"floor":33,"key":"BlessingOfTheForge"},{"floor":44,"key":"Block Potion"}],"is_trial":false,"path_per_floor":["M","?","M","?","M","E","?","R","T","R","?","E","M","E","R","B",null,"M","$","M","$","M","E","T","?","T","R","$","R","M","E","R","B",null,"M","$","M","?","M","E","R","E","T","M","E","M","$","M","R","B",null],"character_chosen":"DEFECT","items_purchased":["LiquidMemories","Orrery","Capacitor","ClockworkSouvenir","SpeedPotion","FocusPotion","Lee\u0027s Waffle","Fission"],"campfire_rested":0,"item_purchase_floors":[19,19,21,28,28,36,47,47],"current_hp_per_floor":[66,55,53,53,53,47,52,52,52,52,52,45,45,29,29,35,69,55,55,55,55,54,54,54,54,54,54,54,54,59,35,35,34,74,78,78,86,86,87,74,74,47,47,57,53,59,104,104,104,104],"gold":59,"neow_bonus":"THREE_SMALL_POTIONS","is_daily":false,"chose_seed":false,"campfire_upgraded":8,"win_rate":0.0,"timestamp":1611552867,"path_taken":["M","?","M","?","?","E","?","R","T","R","?","E","M","E","R","BOSS","M","$","?","$","M","E","?","?","T","R","$","R","M","E","R","BOSS","M","$","M","?","M","E","R","E","T","?","E","M","$","M","R","BOSS"],"items_purchased_type":["Potion","Relic","Card","Relic","Potion","Potion","Relic","Card"],"build_version":"2020-12-22","purchased_purges":2,"victory":true,"max_hp_per_floor":[75,75,75,75,75,75,80,80,80,80,80,80,80,80,80,80,80,80,80,80,80,80,87,87,87,87,87,87,87,87,87,87,87,87,87,87,87,87,87,97,97,97,97,97,97,97,104,104,104,104],"relic_stats":{"Lee\u0027s Waffle":45,"counters":[25,128],"Sundial":[8],"Mummified Hand":[50],"Bird Faced Urn":[79],"CeramicFish":90,"Gambling Chip":[15],"Dead Branch":[12],"Question Card":24,"obtain_stats":[{"Lee\u0027s Waffle":47,"Pear":40,"CeramicFish":26,"Dead Branch":45,"Oddly Smooth Stone":9,"Question Card":12,"ClockworkSouvenir":28,"Nuclear Battery":34,"Anchor":14,"Sundial":31,"Mummified Hand":43,"Strawberry":23,"Bird Faced Urn":24,"Gambling Chip":42,"Orrery":19,"Coffee Dripper":17,"Cracked Core":0,"Symbiotic Virus":6,"InkBottle":25},{"Lee\u0027s Waffle":23,"Pear":19,"CeramicFish":12,"Dead Branch":22,"Oddly Smooth Stone":4,"Question Card":5,"ClockworkSouvenir":12,"Nuclear Battery":15,"Anchor":7,"Sundial":14,"Mummified Hand":20,"Strawberry":12,"Bird Faced Urn":12,"Gambling Chip":20,"Orrery":9,"Coffee Dripper":8,"Cracked Core":0,"Symbiotic Virus":4,"InkBottle":12},{"Lee\u0027s Waffle":118,"Pear":94,"CeramicFish":52,"Dead Branch":114,"Oddly Smooth Stone":15,"Question Card":21,"ClockworkSouvenir":52,"Nuclear Battery":72,"Anchor":27,"Sundial":62,"Mummified Hand":101,"Strawberry":52,"Bird Faced Urn":52,"Gambling Chip":101,"Orrery":38,"Coffee Dripper":34,"Cracked Core":0,"Symbiotic Virus":15,"InkBottle":52}],"InkBottle":[43]},"card_choices":[{"not_picked":["Hologram","Gash"],"picked":"Ball Lightning","floor":1},{"not_picked":["Tempest","Barrage"],"picked":"Go for the Eyes","floor":3},{"not_picked":["Heatsinks","Go for the Eyes"],"picked":"Skim","floor":5},{"not_picked":["Steam Power","Tempest"],"picked":"Double Energy","floor":6},{"not_picked":["Gash","Reprogram"],"picked":"Steam","floor":12},{"not_picked":["Skim","Conserve Battery","Cold Snap"],"picked":"Genetic Algorithm","floor":13},{"not_picked":["Ball Lightning","Steam","Redo"],"picked":"Barrage","floor":14},{"not_picked":["Buffer","Multi-Cast","Amplify"],"picked":"Seek","floor":16},{"not_picked":["Turbo","Conserve Battery","Darkness+1"],"picked":"Cold Snap","floor":18},{"not_picked":["Aggregate","Coolheaded","Conserve Battery"],"picked":"Cold Snap+1","floor":19},{"not_picked":["Gash","Cold Snap","Streamline+1"],"picked":"Leap","floor":19},{"not_picked":["Rebound","Consume","Ball Lightning"],"picked":"Darkness","floor":19},{"not_picked":["Stack","Skim","Steam"],"picked":"Sweeping Beam+1","floor":19},{"not_picked":["Turbo","Gash","Hyperbeam"],"picked":"Redo+1","floor":20},{"not_picked":["Static Discharge","Fusion","Redo"],"picked":"White Noise+1","floor":22},{"not_picked":["Melter","BootSequence","Heatsinks+1"],"picked":"Loop","floor":23},{"not_picked":["Tempest","Aggregate+1","Beam Cell"],"picked":"Coolheaded+1","floor":30},{"not_picked":["Ball Lightning+1","Hello World","Coolheaded+1","Beam Cell"],"picked":"SKIP","floor":31},{"not_picked":["Thunder Strike","Rainbow","Seek"],"picked":"Biased Cognition","floor":33},{"not_picked":["Conserve Battery","Barrage","Sweeping Beam"],"picked":"Chaos+1","floor":35},{"not_picked":["Steam+1","Ball Lightning","Sweeping Beam+1"],"picked":"Compile Driver","floor":37},{"not_picked":["Leap+1","Conserve Battery+1","Redo","Rebound+1"],"picked":"SKIP","floor":39},{"not_picked":["Rip and Tear","BootSequence+1","Darkness"],"picked":"White Noise+1","floor":40},{"not_picked":["Gash+1","Leap","Compile Driver"],"picked":"Hologram+1","floor":42},{"not_picked":["Meteor Strike","Beam Cell+1","Stack"],"picked":"Defragment","floor":44},{"not_picked":["Recycle","Turbo+1","Redo+1"],"picked":"Electrodynamics","floor":45},{"not_picked":["Barrage","Steam+1","Blizzard","Coolheaded"],"picked":"SKIP","floor":46},{"not_picked":["Ball Lightning+1","Leap","Turbo"],"picked":"Barrage+1","floor":48}],"player_experience":1139696,"relics_obtained":[{"floor":6,"key":"Symbiotic Virus"},{"floor":9,"key":"Oddly Smooth Stone"},{"floor":12,"key":"Question Card"},{"floor":14,"key":"Anchor"},{"floor":23,"key":"Strawberry"},{"floor":24,"key":"Bird Faced Urn"},{"floor":26,"key":"CeramicFish"},{"floor":31,"key":"Sundial"},{"floor":40,"key":"Pear"},{"floor":42,"key":"Gambling Chip"},{"floor":43,"key":"Mummified Hand"},{"floor":45,"key":"Dead Branch"}],"event_choices":[{"damage_healed":0,"gold_gain":75,"player_choice":"Gather Gold","damage_taken":11,"max_hp_gain":0,"max_hp_loss":0,"event_name":"World of Goop","floor":2,"gold_loss":0},{"damage_healed":0,"gold_gain":100,"player_choice":"Pray","damage_taken":0,"max_hp_gain":0,"max_hp_loss":0,"event_name":"Golden Shrine","floor":4,"gold_loss":0},{"damage_healed":0,"gold_gain":0,"player_choice":"Donut","damage_taken":0,"max_hp_gain":5,"max_hp_loss":0,"event_name":"Big Fish","floor":7,"gold_loss":0},{"damage_healed":0,"gold_gain":0,"player_choice":"Bought 1 Potion","damage_taken":0,"max_hp_gain":0,"max_hp_loss":0,"event_name":"The Woman in Blue","floor":11,"gold_loss":0},{"damage_healed":0,"gold_gain":0,"player_choice":"Opened","damage_taken":0,"relics_obtained":["InkBottle"],"max_hp_gain":0,"max_hp_loss":0,"event_name":"The Mausoleum","floor":25,"gold_loss":0,"cards_obtained":["Writhe"]},{"damage_healed":0,"gold_gain":0,"player_choice":"Forge","damage_taken":0,"max_hp_gain":0,"max_hp_loss":0,"event_name":"Accursed Blacksmith","floor":38,"gold_loss":0,"cards_upgraded":["Biased Cognition"]}],"is_beta":false,"boss_relics":[{"not_picked":["Pandora\u0027s Box","Calling Bell"],"picked":"Coffee Dripper"},{"not_picked":["Tiny House","Cursed Key"],"picked":"Nuclear Battery"}],"items_purged_floors":[19,36],"is_endless":false,"potions_floor_spawned":[3,14,18,20,31,33,35,39,44,45],"ascension_level":6}}