{"host":"zx8rmvlb08usbkpl","time":1611586445,"event":{"mods":["BaseMod","BetterRewards","Colored Powertips","Dota2Spire","Downfall","GifTheSpireLib","Marisa????????","Minty Spire (QoL Compilation)","Quick Restart","StSLib","Stuff the Spire","The Bug Knight","The Senshi"],"gold_per_floor":[117,117,31,48,48,48,123,147,200,200,200,232,243,263,263,362,362,373,163,175,175,107,124,151,151,151,151,180,196,214,230,230,333,333,345,345,166,176,176,176,204,216,228,272,299,124,124,142,142,142,142,142,17,44,44],"floor_reached":56,"language":"ENG","playtime":2613,"items_purged":["Strike_G","Strike_G","Strike_G"],"score":1343,"play_id":"31ae109b-fa4b-4c88-9f4a-06bc011d5d51","local_time":"20210125095405","is_ascension_mode":false,"campfire_choices":[{"data":"Blade Dance","floor":6,"key":"SMITH"},{"floor":11,"key":"RECALL"},{"floor":15,"key":"REST"},{"data":"Envenom","floor":25,"key":"SMITH"},{"floor":32,"key":"REST"},{"data":"After Image","floor":40,"key":"SMITH"},{"data":"Infinite Blades","floor":42,"key":"SMITH"},{"data":"Accuracy","floor":49,"key":"SMITH"},{"data":"Distraction","floor":52,"key":"SMITH"}],"circlet_count":0,"master_deck":["Strike_G","Defend_G","Defend_G","Defend_G","Defend_G","Defend_G","Survivor","Neutralize","Finesse","Blade Dance+1","Deflect","Dagger Throw","Flying Knee","Slice","Envenom+1","Infinite Blades+1","Footwork","Trip","Distraction+1","Accuracy","Escape Plan+1","Terror+1","Outmaneuver","Escape Plan","After Image+1","Cloak And Dagger","Accuracy","Slice+1","Dark Shackles","Infinite Blades+1","Accuracy+1","Escape Plan+1","Violence"],"relics":["Ring of the Snake","NeowsBlessing","Odd Mushroom","Calipers","StuffTheSpire:RunicHypercube","MutagenicStrength","Strawberry","Shuriken","Nilry\u0027s Codex","Ornamental Fan","StuffTheSpire:Kangaroo","MawBank","Dream Catcher","Dota2Spire:LotusOrb","theSenshi:SailorFukuRelic"],"acts_visited":["Exordium","TheCity","TheBeyond","TheEnding"],"potions_floor_usage":[12,16,24,24],"damage_taken":[{"damage":0,"enemies":"Small Slimes","floor":1,"turns":1},{"damage":0,"enemies":"Jaw Worm","floor":4,"turns":1},{"damage":0,"enemies":"The Mushroom Lair","floor":8,"turns":1},{"damage":16,"enemies":"Lagavulin","floor":12,"turns":11},{"damage":0,"enemies":"2 Louse","floor":13,"turns":2},{"damage":1,"enemies":"Large Slime","floor":14,"turns":6},{"damage":47,"enemies":"The Guardian","floor":16,"turns":13},{"damage":0,"enemies":"2 Thieves","floor":18,"turns":4},{"damage":0,"enemies":"3 Byrds","floor":20,"turns":4},{"damage":16,"enemies":"Shelled Parasite and Fungi","floor":23,"turns":4},{"damage":12,"enemies":"Slavers","floor":24,"turns":2},{"damage":8,"enemies":"Gremlin Leader","floor":28,"turns":3},{"damage":0,"enemies":"Snake Plant","floor":29,"turns":3},{"damage":0,"enemies":"Centurion and Healer","floor":30,"turns":3},{"damage":0,"enemies":"3 Cultists","floor":31,"turns":3},{"damage":2,"enemies":"Champ","floor":33,"turns":5},{"damage":0,"enemies":"Orb Walker","floor":35,"turns":2},{"damage":0,"enemies":"3 Darklings","floor":38,"turns":3},{"damage":0,"enemies":"Giant Head","floor":41,"turns":4},{"damage":0,"enemies":"Nemesis","floor":44,"turns":5},{"damage":0,"enemies":"Maw","floor":45,"turns":3},{"damage":0,"enemies":"Sphere and 2 Shapes","floor":48,"turns":3},{"damage":0,"enemies":"Donu and Deca","floor":50,"turns":4},{"damage":0,"enemies":"Shield and Spear","floor":54,"turns":4},{"damage":15,"enemies":"The Heart","floor":55,"turns":5}],"seed_played":"-6279653152349438220","potions_obtained":[{"floor":4,"key":"GamblersBrew"},{"floor":8,"key":"Guardian:BlockOnCardUsePotion"},{"floor":12,"key":"bronze:BurnAndBuffPotion"},{"floor":18,"key":"Weak Potion"},{"floor":23,"key":"SkillPotion"},{"floor":29,"key":"LiquidMemories"},{"floor":33,"key":"ColorlessPotion"}],"is_trial":false,"path_per_floor":["M","?","$","M","$","R","?","?","T","?","R","E","M","M","R","B",null,"M","$","M","?","$","M","E","R","T","?","E","M","M","M","R","B",null,"M","?","$","M","?","R","E","R","T","E","M","$","T","M","R","B",null,"R","$","E","B",null],"character_chosen":"THE_SILENT","items_purchased":["Finesse","Footwork","Trip","Accuracy","Accuracy","Violence"],"campfire_rested":2,"item_purchase_floors":[3,19,19,22,37,46],"current_hp_per_floor":[70,70,70,70,70,70,59,59,59,52,52,36,36,35,56,9,70,70,70,70,70,70,54,49,49,49,33,25,25,25,25,48,46,77,77,77,77,77,77,77,77,77,77,77,77,77,77,77,77,77,77,77,77,77,62],"gold":44,"neow_bonus":"THREE_ENEMY_KILL","is_daily":false,"chose_seed":false,"campfire_upgraded":6,"win_rate":0.0,"timestamp":1611586445,"path_taken":["M","?","$","M","?","R","?","?","T","?","R","E","?","M","R","BOSS","M","$","M","?","$","M","E","R","T","?","E","M","M","M","R","BOSS","M","?","$","M","?","R","E","R","T","E","M","?","?","M","R","BOSS","R","$","E","BOSS"],"items_purchased_type":["Card","Card","Card","Card","Card","Card"],"build_version":"2020-12-22","purchased_purges":3,"victory":true,"max_hp_per_floor":[70,70,70,70,70,70,70,70,70,70,70,70,70,70,70,70,70,70,70,70,70,70,70,77,77,77,77,77,77,77,77,77,77,77,77,77,77,77,77,77,77,77,77,77,77,77,77,77,77,77,77,77,77,77,77],"card_choices":[{"not_picked":["StuffTheSpire:BumpUp","Bane","Well Laid Plans"],"picked":"SKIP","floor":1},{"not_picked":["Flechettes","Dash"],"picked":"Blade Dance","floor":4},{"not_picked":["StuffTheSpire:DoubleShiv","Noxious Fumes"],"picked":"Deflect","floor":8},{"not_picked":["Riddle With Holes","StuffTheSpire:BumpUp"],"picked":"Dagger Throw","floor":12},{"not_picked":["Outmaneuver","Poisoned Stab"],"picked":"Flying Knee","floor":13},{"not_picked":["Unload","Poisoned Stab"],"picked":"Slice","floor":14},{"not_picked":["Malaise","Tools of the Trade"],"picked":"Envenom","floor":16},{"not_picked":["Heel Hook","Underhanded Strike+1"],"picked":"Infinite Blades","floor":18},{"not_picked":["Reflex","Blur"],"picked":"Distraction","floor":20},{"not_picked":["StuffTheSpire:BrimstoneBlast","Acrobatics+1"],"picked":"Escape Plan+1","floor":23},{"not_picked":["Dagger Throw","Crippling Poison"],"picked":"Terror+1","floor":24},{"not_picked":["StuffTheSpire:MirrorStance","Quick Slash"],"picked":"Outmaneuver","floor":28},{"not_picked":["Underhanded Strike","Acrobatics","Flechettes"],"picked":"SKIP","floor":29},{"not_picked":["Dash+1","Choke"],"picked":"Escape Plan","floor":30},{"not_picked":["Dagger Throw","StuffTheSpire:BumpUp+1","Underhanded Strike+1"],"picked":"SKIP","floor":31},{"not_picked":["Die Die Die","Envenom"],"picked":"After Image","floor":33},{"not_picked":["Deflect+1","Slice+1"],"picked":"Cloak And Dagger","floor":35},{"not_picked":["Dagger Throw","Sucker Punch"],"picked":"Slice+1","floor":38},{"not_picked":["StuffTheSpire:FreeRealEstate","Swift Strike"],"picked":"Dark Shackles","floor":39},{"not_picked":["Deadly Poison+1","Corpse Explosion"],"picked":"Infinite Blades+1","floor":41},{"not_picked":["Backflip+1","Quick Slash"],"picked":"Accuracy","floor":44},{"not_picked":["Deadly Poison","Heel Hook+1"],"picked":"Escape Plan+1","floor":45},{"not_picked":["Flying Knee+1","Quick Slash","StuffTheSpire:Fury"],"picked":"SKIP","floor":48},{"not_picked":["Grand Finale","Malaise","StuffTheSpire:Injection"],"picked":"SKIP","floor":54}],"player_experience":989162,"relics_obtained":[{"floor":8,"key":"Odd Mushroom"},{"floor":12,"key":"Calipers"},{"floor":24,"key":"Strawberry"},{"floor":26,"key":"Shuriken"},{"floor":27,"key":"Nilry\u0027s Codex"},{"floor":28,"key":"Ornamental Fan"},{"floor":41,"key":"MawBank"},{"floor":43,"key":"Dream Catcher"},{"floor":44,"key":"Dota2Spire:LotusOrb"},{"floor":47,"key":"theSenshi:SailorFukuRelic"}],"event_choices":[{"damage_healed":0,"gold_gain":0,"player_choice":"Ignored","damage_taken":0,"max_hp_gain":0,"max_hp_loss":0,"event_name":"Shining Light","floor":2,"gold_loss":0},{"damage_healed":0,"gold_gain":75,"player_choice":"Gather Gold","damage_taken":11,"max_hp_gain":0,"max_hp_loss":0,"event_name":"World of Goop","floor":7,"gold_loss":0},{"damage_healed":0,"gold_gain":0,"player_choice":"Fought Mushrooms","damage_taken":0,"max_hp_gain":0,"max_hp_loss":0,"event_name":"Mushrooms","floor":8,"gold_loss":0},{"cards_removed":["Strike_G"],"damage_healed":0,"gold_gain":0,"player_choice":"Card Removal","damage_taken":7,"max_hp_gain":0,"max_hp_loss":0,"event_name":"Golden Wing","floor":10,"gold_loss":0},{"damage_healed":0,"gold_gain":0,"player_choice":"Inject Mutagens","damage_taken":0,"relics_obtained":["MutagenicStrength"],"max_hp_gain":0,"max_hp_loss":0,"event_name":"Drug Dealer","floor":21,"gold_loss":0},{"damage_healed":0,"gold_gain":0,"player_choice":"Obtained Book","damage_taken":16,"max_hp_gain":0,"max_hp_loss":0,"event_name":"Cursed Tome","floor":27,"gold_loss":0},{"damage_healed":0,"gold_gain":0,"player_choice":"Ignored","damage_taken":0,"max_hp_gain":0,"max_hp_loss":0,"event_name":"Tomb of Lord Red Mask","floor":36,"gold_loss":0},{"damage_healed":0,"gold_gain":0,"player_choice":"Memory 1","damage_taken":0,"max_hp_gain":0,"max_hp_loss":0,"event_name":"SensoryStone","floor":39,"gold_loss":0}],"is_beta":false,"boss_relics":[{"not_picked":["Empty Cage","Fusion Hammer"],"picked":"StuffTheSpire:RunicHypercube"},{"not_picked":["Philosopher\u0027s Stone","Sozu"],"picked":"StuffTheSpire:Kangaroo"}],"items_purged_floors":[19,37,53],"is_endless":false,"potions_floor_spawned":[4,8,12,18,23,29,33,38,41,45,54],"ascension_level":0}}