{"host":"ix2a18c4ohfsrslv","time":1611533937,"event":{"mods":["BaseMod","Better Third Choice","Downfall","Hubris","Minty Spire (QoL Compilation)","StSLib","The Poker Player"],"gold_per_floor":[115,134,134,63,63,94,94,108,108,118,118,118,135,169,169,273,273,283,283,9,19,38,38,51,63,89,103,103,128,128,6,6,104,104,121,132,148,159,0,0,0,0,23,23,23,23,23],"floor_reached":45,"language":"ENG","playtime":2454,"items_purged":["PokerPlayerMod:Spade2","PokerPlayerMod:Spade3"],"score":525,"play_id":"a5d32b11-9ece-4e13-8f36-bddacd361295","local_time":"20210124161857","is_ascension_mode":false,"metric_token":466,"campfire_choices":[{"data":"PokerPlayerMod:Diamond3","floor":7,"key":"SMITH"},{"data":"PokerPlayerMod:MagicTrick","floor":15,"key":"SMITH"},{"floor":23,"key":"REST"},{"data":"PokerPlayerMod:RiskyBet","floor":32,"key":"SMITH"},{"data":"PokerPlayerMod:ClubShade","floor":40,"key":"SMITH"},{"floor":42,"key":"RECALL"},{"data":"PokerPlayerMod:Mulligan","floor":44,"key":"SMITH"}],"circlet_count":0,"master_deck":["PokerPlayerMod:Diamond1","PokerPlayerMod:Diamond2","PokerPlayerMod:Diamond4","PokerPlayerMod:Diamond4","PokerPlayerMod:Diamond5","PokerPlayerMod:Spade4","PokerPlayerMod:Club1","PokerPlayerMod:Club2","PokerPlayerMod:TrumpStrike","PokerPlayerMod:BadJoker","PokerPlayerMod:Mulligan+1","PokerPlayerMod:HiddenCard","PokerPlayerMod:Diamond3","PokerPlayerMod:Club2","PokerPlayerMod:Club3","PokerPlayerMod:Club4","PokerPlayerMod:Club5","PokerPlayerMod:Club6","PokerPlayerMod:SecondChance","PokerPlayerMod:Diamond4","PokerPlayerMod:CardBurn+1","PokerPlayerMod:CloakAndDiamond","Regret","PokerPlayerMod:MagicTrick+1","PokerPlayerMod:Diamond5","PokerPlayerMod:Diamond8","PokerPlayerMod:MagicTrick","PokerPlayerMod:RiskyBet+1","PokerPlayerMod:DiamondStrike","PokerPlayerMod:Diamond1","PokerPlayerMod:Diamond4","PokerPlayerMod:DartThrow+1","PokerPlayerMod:Diamond4","PokerPlayerMod:Diamond8","PokerPlayerMod:Diamond4","PokerPlayerMod:Diamond8","PokerPlayerMod:CloakAndDiamond","PokerPlayerMod:Configure+1","PokerPlayerMod:CardBurn+1","PokerPlayerMod:Diamond2","PokerPlayerMod:ClubShade+1"],"relics":["PokerPlayerMod:DeckCase","NeowsBlessing","Strawberry","Vajra","Mercury Hourglass","Membership Card","Happy Flower","Eternal Feather","Empty Cage","hubris:TenFootPole","hubris:EmptyBottle","Smiling Mask","PokerPlayerMod:FairLicense","PokerPlayerMod:Splitter","hubris:Stopwatch","Meat on the Bone","Red Mask"],"acts_visited":["Exordium","TheCity","TheBeyond"],"potions_floor_usage":[16,16,22,33,33,33,45,45],"damage_taken":[{"damage":0,"enemies":"Small Slimes","floor":1,"turns":1},{"damage":0,"enemies":"Jaw Worm","floor":2,"turns":1},{"damage":0,"enemies":"Gremlin Nob","floor":6,"turns":1},{"damage":0,"enemies":"Cultist","floor":8,"turns":3},{"damage":0,"enemies":"Looter","floor":10,"turns":1},{"damage":15,"enemies":"Exordium Thugs","floor":13,"turns":3},{"damage":0,"enemies":"3 Sentries","floor":14,"turns":2},{"damage":10,"enemies":"Slime Boss","floor":16,"turns":5},{"damage":25,"enemies":"2 Thieves","floor":18,"turns":3},{"damage":7,"enemies":"Spheric Guardian","floor":21,"turns":3},{"damage":21,"enemies":"Snake Plant","floor":22,"turns":2},{"damage":21,"enemies":"Snecko","floor":24,"turns":4},{"damage":9,"enemies":"Chosen and Byrds","floor":25,"turns":2},{"damage":0,"enemies":"3 Cultists","floor":27,"turns":3},{"damage":37,"enemies":"Collector","floor":33,"turns":7},{"damage":4,"enemies":"Orb Walker","floor":35,"turns":2},{"damage":0,"enemies":"3 Shapes","floor":36,"turns":2},{"damage":9,"enemies":"Sphere and 2 Shapes","floor":37,"turns":2},{"damage":26,"enemies":"Maw","floor":38,"turns":6},{"damage":69,"enemies":"Nemesis","floor":45,"turns":4}],"seed_played":"-2199604776678234656","potions_obtained":[{"floor":6,"key":"Energy Potion"},{"floor":8,"key":"Fire Potion"},{"floor":10,"key":"SteroidPotion"},{"floor":22,"key":"FearPotion"},{"floor":38,"key":"Guardian:BlockOnCardUsePotion"}],"is_trial":false,"path_per_floor":["M","M","?","$","?","E","R","M","T","M","?","$","M","E","R","B",null,"M","?","$","M","M","R","M","M","T","M","?","T","?","$","R","B",null,"M","M","M","M","$","R","?","R","T","R","E"],"character_chosen":"THE_POKER_PLAYER","items_purchased":["PokerPlayerMod:SecondChance","Membership Card","Happy Flower","hubris:TenFootPole","hubris:EmptyBottle","PokerPlayerMod:RiskyBet","PokerPlayerMod:DiamondStrike","PokerPlayerMod:Diamond1","Strength Potion","PokerPlayerMod:Splitter","Meat on the Bone","PokerPlayerMod:ClubShade"],"campfire_rested":1,"item_purchase_floors":[4,12,12,20,20,20,20,20,20,31,39,39],"current_hp_per_floor":[52,52,52,52,52,59,59,59,59,59,59,39,24,24,39,29,59,34,34,34,27,6,41,20,11,11,11,30,30,30,30,51,14,59,55,55,46,20,20,44,44,59,59,59,0,0,0],"gold":23,"neow_bonus":"THREE_ENEMY_KILL","is_daily":false,"chose_seed":false,"campfire_upgraded":5,"win_rate":0.0,"timestamp":1611533937,"path_taken":["M","M","?","$","?","E","R","?","T","M","?","?","M","E","R","BOSS","M","?","?","M","?","R","M","M","T","M","?","?","?","$","R","BOSS","M","M","?","M","$","R","?","R","T","R","E"],"items_purchased_type":["Card","Relic","Relic","Relic","Relic","Card","Card","Card","Potion","Relic","Relic","Card"],"build_version":"2020-12-22","purchased_purges":2,"victory":false,"max_hp_per_floor":[52,52,52,52,52,59,59,59,59,59,59,59,59,59,59,59,59,59,59,59,59,59,59,59,59,59,59,59,59,59,59,59,59,59,59,59,59,59,59,59,59,59,59,59,59,59,59],"card_choices":[{"not_picked":["PokerPlayerMod:Fold","PokerPlayerMod:CloakAndDiamond"],"picked":"PokerPlayerMod:HiddenCard","floor":1},{"not_picked":["PokerPlayerMod:Diamond2","PokerPlayerMod:CloakAndDiamond"],"picked":"PokerPlayerMod:Diamond3","floor":2},{"not_picked":["PokerPlayerMod:Heart1","PokerPlayerMod:Trickery"],"picked":"PokerPlayerMod:Diamond4","floor":6},{"not_picked":["PokerPlayerMod:Spade1","PokerPlayerMod:Diamond5"],"picked":"PokerPlayerMod:CardBurn","floor":8},{"not_picked":["PokerPlayerMod:Spade2","PokerPlayerMod:WildCard"],"picked":"PokerPlayerMod:CloakAndDiamond","floor":10},{"not_picked":["PokerPlayerMod:Configure","PokerPlayerMod:DartThrow"],"picked":"PokerPlayerMod:MagicTrick","floor":13},{"not_picked":["PokerPlayerMod:Fold","PokerPlayerMod:Extraction"],"picked":"PokerPlayerMod:Diamond5","floor":14},{"not_picked":["PokerPlayerMod:Heart9","PokerPlayerMod:Diamond7"],"picked":"PokerPlayerMod:Diamond8","floor":16},{"not_picked":["PokerPlayerMod:ClubsClub","PokerPlayerMod:Spade1"],"picked":"PokerPlayerMod:MagicTrick","floor":18},{"not_picked":["PokerPlayerMod:Heart1","PokerPlayerMod:HotShotCut+1"],"picked":"PokerPlayerMod:Diamond4","floor":21},{"not_picked":["PokerPlayerMod:MagicTrick+1","PokerPlayerMod:Spade1"],"picked":"PokerPlayerMod:DartThrow+1","floor":22},{"not_picked":["PokerPlayerMod:Spade4","PokerPlayerMod:Spade5"],"picked":"PokerPlayerMod:Diamond4","floor":24},{"not_picked":["PokerPlayerMod:Spade5","PokerPlayerMod:Harden"],"picked":"PokerPlayerMod:Diamond8","floor":25},{"not_picked":["PokerPlayerMod:Overdeal","PokerPlayerMod:Diamond8"],"picked":"PokerPlayerMod:Diamond4","floor":27},{"not_picked":["PokerPlayerMod:WildCard","PokerPlayerMod:GamblerForm"],"picked":"PokerPlayerMod:Diamond8","floor":33},{"not_picked":["PokerPlayerMod:DiamondStrike","PokerPlayerMod:Raise+1"],"picked":"PokerPlayerMod:CloakAndDiamond","floor":35},{"not_picked":["PokerPlayerMod:Club1","PokerPlayerMod:MagicTrick"],"picked":"PokerPlayerMod:Configure+1","floor":36},{"not_picked":["PokerPlayerMod:Heart7","PokerPlayerMod:HeartStrike+1"],"picked":"PokerPlayerMod:CardBurn+1","floor":37},{"not_picked":["PokerPlayerMod:ClubDance+1","PokerPlayerMod:ClubsClub+1"],"picked":"PokerPlayerMod:Diamond2","floor":38}],"player_experience":178328,"relics_obtained":[{"floor":6,"key":"Strawberry"},{"floor":9,"key":"Vajra"},{"floor":14,"key":"Eternal Feather"},{"floor":26,"key":"Smiling Mask"},{"floor":29,"key":"PokerPlayerMod:FairLicense"}],"event_choices":[{"damage_healed":0,"gold_gain":0,"player_choice":"Jackpot","damage_taken":0,"max_hp_gain":0,"max_hp_loss":0,"event_name":"PokerPlayerMod:ExordiumClub","floor":3,"gold_loss":0,"cards_obtained":["PokerPlayerMod:Club2","PokerPlayerMod:Club3","PokerPlayerMod:Club4","PokerPlayerMod:Club5","PokerPlayerMod:Club6"]},{"damage_healed":0,"gold_gain":0,"player_choice":"Jackpot","damage_taken":0,"max_hp_gain":0,"max_hp_loss":0,"event_name":"PokerPlayerMod:ExordiumClub","floor":3,"gold_loss":0,"cards_obtained":["PokerPlayerMod:Club2","PokerPlayerMod:Club3","PokerPlayerMod:Club4","PokerPlayerMod:Club5","PokerPlayerMod:Club6"]},{"damage_healed":0,"gold_gain":0,"player_choice":"Jackpot","damage_taken":0,"max_hp_gain":0,"max_hp_loss":0,"event_name":"PokerPlayerMod:ExordiumClub","floor":3,"gold_loss":0,"cards_obtained":["PokerPlayerMod:Club2","PokerPlayerMod:Club3","PokerPlayerMod:Club4","PokerPlayerMod:Club5","PokerPlayerMod:Club6"]},{"damage_healed":0,"gold_gain":0,"player_choice":"Jackpot","damage_taken":0,"max_hp_gain":0,"max_hp_loss":0,"event_name":"PokerPlayerMod:ExordiumClub","floor":3,"gold_loss":0,"cards_obtained":["PokerPlayerMod:Club2","PokerPlayerMod:Club3","PokerPlayerMod:Club4","PokerPlayerMod:Club5","PokerPlayerMod:Club6"]},{"damage_healed":0,"gold_gain":0,"player_choice":"Jackpot","damage_taken":0,"max_hp_gain":0,"max_hp_loss":0,"event_name":"PokerPlayerMod:ExordiumClub","floor":3,"gold_loss":0,"cards_obtained":["PokerPlayerMod:Club2","PokerPlayerMod:Club3","PokerPlayerMod:Club4","PokerPlayerMod:Club5","PokerPlayerMod:Club6"]},{"damage_healed":0,"gold_gain":0,"player_choice":"Ignored","damage_taken":0,"max_hp_gain":0,"max_hp_loss":0,"event_name":"NoteForYourself","floor":5,"gold_loss":0},{"damage_healed":0,"gold_gain":0,"player_choice":"Box","damage_taken":0,"relics_obtained":["Mercury Hourglass"],"max_hp_gain":0,"max_hp_loss":0,"event_name":"Big Fish","floor":11,"gold_loss":0,"cards_obtained":["Regret"]},{"damage_healed":0,"gold_gain":0,"player_choice":"Ignored","damage_taken":0,"max_hp_gain":0,"max_hp_loss":0,"event_name":"N\u0027loth","floor":19,"gold_loss":0},{"damage_healed":19,"gold_gain":0,"player_choice":"Heal","damage_taken":0,"max_hp_gain":0,"max_hp_loss":0,"event_name":"The Library","floor":28,"gold_loss":0},{"damage_healed":0,"gold_gain":0,"player_choice":"Forge","damage_taken":0,"max_hp_gain":0,"max_hp_loss":0,"event_name":"Accursed Blacksmith","floor":30,"gold_loss":0,"cards_upgraded":["PokerPlayerMod:CardBurn"]},{"damage_healed":0,"gold_gain":0,"player_choice":"Paid","damage_taken":0,"relics_obtained":["Red Mask"],"max_hp_gain":0,"max_hp_loss":0,"event_name":"Tomb of Lord Red Mask","floor":41,"gold_loss":0}],"is_beta":false,"boss_relics":[{"not_picked":["hubris:Backtick","Runic Dome"],"picked":"Empty Cage"},{"not_picked":["Velvet Choker","Sozu"],"picked":"hubris:Stopwatch"}],"items_purged_floors":[20,31],"is_endless":false,"potions_floor_spawned":[6,8,10,22,25,38],"killed_by":"Nemesis","ascension_level":0}}