{"host":"l84l8xigz5v5foa2","time":1611586235,"event":{"mods":["2.2 Compatiblity","AchievementEnabler","BaseMod","Better Note","Better Vampires","Card Filter","Colored Map","DeckTracker","Gremlin Skip","Highlight Path","Keyboard Shortcuts","Minty Spire (QoL Compilation)","Permanent Neow","Quick Restart","Relic Filter","Relic Stats","Shop Mod","StSLib","SuperFastMode","Transform Curses","Unknown Chances"],"gold_per_floor":[114,114,114,130,141,141,66,77,77,111,37,53,53,53,53,149,149,174,174,199,218,242,242,262,262,288,288,288,107,125,166,166,260,260,285,303,303,318,341,341,366,379,405,405,405,405,441,441,441],"floor_reached":48,"language":"KOR","playtime":2738,"items_purged":["Strike_G","Defend_G"],"score":935,"play_id":"70ec8d7c-1770-461c-a7fd-138350e947e8","local_time":"20210125235035","is_ascension_mode":true,"campfire_choices":[{"data":"Storm of Steel","floor":6.0,"key":"SMITH"},{"data":"Neutralize","floor":13.0,"key":"SMITH"},{"data":"Well Laid Plans","floor":15.0,"key":"SMITH"},{"data":"Reflex","floor":23.0,"key":"SMITH"},{"data":"Cloak And Dagger","floor":25.0,"key":"SMITH"},{"data":"1","floor":27.0,"key":"LIFT"},{"data":"Tactician","floor":32.0,"key":"SMITH"},{"data":"Calculated Gamble","floor":40.0,"key":"SMITH"},{"data":"Burst","floor":44.0,"key":"SMITH"}],"circlet_count":0,"master_deck":["AscendersBane","Strike_G","Defend_G","Defend_G","Defend_G","Defend_G","Survivor","Neutralize+1","Storm of Steel+1","Deadly Poison","Choke","Backflip","Tools of the Trade","Reflex+1","Well Laid Plans+1","Cloak And Dagger+1","Glass Knife","Blade Dance","Calculated Gamble+1","Acrobatics+1","Burst+1","Footwork","Tactician+1","Corpse Explosion","Deflect","Prepared+1","Riddle With Holes","PiercingWail+1"],"relics":["Ring of the Snake","Question Card","Singing Bowl","Golden Idol","Philosopher\u0027s Stone","Girya","Lantern","Shuriken","Coffee Dripper","Snake Skull"],"acts_visited":["Exordium","TheCity","TheBeyond"],"potions_floor_usage":[48],"damage_taken":[{"damage":11.0,"enemies":"Jaw Worm","floor":1.0,"turns":6.0},{"damage":0.0,"enemies":"Cultist","floor":4.0,"turns":3.0},{"damage":0.0,"enemies":"Small Slimes","floor":5.0,"turns":1.0},{"damage":8.0,"enemies":"Exordium Thugs","floor":8.0,"turns":6.0},{"damage":13.0,"enemies":"Lagavulin","floor":10.0,"turns":8.0},{"damage":0.0,"enemies":"Blue Slaver","floor":12.0,"turns":5.0},{"damage":0.0,"enemies":"The Guardian","floor":16.0,"turns":12.0},{"damage":12.0,"enemies":"3 Byrds","floor":18.0,"turns":5.0},{"damage":5.0,"enemies":"Chosen","floor":20.0,"turns":3.0},{"damage":10.0,"enemies":"Centurion and Healer","floor":21.0,"turns":8.0},{"damage":6.0,"enemies":"Snake Plant","floor":22.0,"turns":3.0},{"damage":5.0,"enemies":"Cultist and Chosen","floor":24.0,"turns":5.0},{"damage":0.0,"enemies":"Centurion and Healer","floor":30.0,"turns":5.0},{"damage":9.0,"enemies":"Book of Stabbing","floor":31.0,"turns":5.0},{"damage":2.0,"enemies":"Automaton","floor":33.0,"turns":7.0},{"damage":2.0,"enemies":"3 Shapes","floor":35.0,"turns":2.0},{"damage":4.0,"enemies":"3 Darklings","floor":36.0,"turns":4.0},{"damage":3.0,"enemies":"4 Shapes","floor":38.0,"turns":4.0},{"damage":26.0,"enemies":"Sphere and 2 Shapes","floor":39.0,"turns":6.0},{"damage":2.0,"enemies":"Writhing Mass","floor":41.0,"turns":7.0},{"damage":0.0,"enemies":"Spire Growth","floor":42.0,"turns":4.0},{"damage":9.0,"enemies":"Nemesis","floor":47.0,"turns":5.0},{"damage":20,"enemies":"Sphere and 2 Shapes","floor":48,"turns":3}],"seed_played":"8696940884231326263","potions_obtained":[{"floor":5.0,"key":"LiquidBronze"},{"floor":10.0,"key":"ColorlessPotion"},{"floor":12.0,"key":"FairyPotion"},{"floor":16.0,"key":"ColorlessPotion"},{"floor":18.0,"key":"EntropicBrew"},{"floor":21.0,"key":"DistilledChaos"},{"floor":24.0,"key":"Block Potion"},{"floor":33.0,"key":"Fire Potion"},{"floor":36.0,"key":"CunningPotion"},{"floor":38.0,"key":"SpeedPotion"},{"floor":42.0,"key":"EssenceOfSteel"}],"is_trial":false,"path_per_floor":["M","?","?","M","M","R","$","M","T","E","$","M","R","?","R","B",null,"M","?","M","M","M","R","M","R","T","R","?","$","M","E","R","B",null,"M","M","?","M","M","R","M","M","T","R","?","?","E","M"],"character_chosen":"THE_SILENT","items_purchased":["Well Laid Plans","Footwork"],"campfire_rested":0,"item_purchase_floors":[11,29],"current_hp_per_floor":[48,48,48,48,48,48,48,40,40,27,27,27,27,4,4,4,51,39,39,36,28,22,22,17,17,17,17,17,17,19,10,10,8,56,54,50,50,49,23,23,21,21,21,21,21,21,14,0,0],"gold":441,"neow_bonus":"TRANSFORM_CARD","is_daily":false,"chose_seed":false,"campfire_upgraded":8,"win_rate":0.0,"timestamp":1611586235,"path_taken":["M","?","?","M","M","R","$","?","T","E","$","M","R","?","R","BOSS","M","?","?","M","M","R","M","R","T","R","?","?","M","E","R","BOSS","M","M","?","M","M","R","M","M","T","R","?","?","E","M"],"items_purchased_type":["Card","Card"],"build_version":"2020-12-22","purchased_purges":2,"victory":false,"max_hp_per_floor":[66,66,66,66,66,66,66,66,66,66,66,66,66,66,66,66,66,66,66,68,70,70,70,70,70,70,70,70,70,72,72,72,72,72,72,72,72,74,74,74,74,74,74,74,74,74,76,76,76],"relic_stats":{"Singing Bowl":10,"counters":[23,117],"Golden Idol":105,"Shuriken":[33],"Snake Skull":[1],"Question Card":18,"obtain_stats":[{"Girya":19,"Lantern":26,"Singing Bowl":10,"Golden Idol":14,"Shuriken":31,"Philosopher\u0027s Stone":17,"Snake Skull":47,"Coffee Dripper":34,"Question Card":9,"Ring of the Snake":0},{"Girya":8,"Lantern":12,"Singing Bowl":5,"Golden Idol":6,"Shuriken":14,"Philosopher\u0027s Stone":7,"Snake Skull":22,"Coffee Dripper":15,"Question Card":4,"Ring of the Snake":0},{"Girya":46,"Lantern":65,"Singing Bowl":24,"Golden Idol":29,"Shuriken":75,"Philosopher\u0027s Stone":41,"Snake Skull":114,"Coffee Dripper":82,"Question Card":16,"Ring of the Snake":0}],"Ring of the Snake":[46]},"card_choices":[{"not_picked":["Underhanded Strike","Cloak And Dagger"],"picked":"Deadly Poison","floor":1.0},{"not_picked":["Terror","Blade Dance"],"picked":"Choke","floor":4.0},{"not_picked":["Deflect","Riddle With Holes"],"picked":"Backflip","floor":5.0},{"not_picked":["Setup","Flying Knee"],"picked":"Tools of the Trade","floor":8.0},{"not_picked":["PiercingWail","Poisoned Stab","Quick Slash"],"picked":"Reflex","floor":10.0},{"not_picked":["Flying Knee","Dagger Throw","Bane"],"picked":"Cloak And Dagger","floor":12.0},{"not_picked":["Unload","Night Terror","Wraith Form v2"],"picked":"Glass Knife","floor":16.0},{"not_picked":["Sucker Punch","PiercingWail","Bane"],"picked":"Blade Dance","floor":18.0},{"not_picked":["Bane","Backstab","Slice","Malaise"],"picked":"Singing Bowl","floor":20.0},{"not_picked":["Dagger Throw","All Out Attack","Flying Knee","Blade Dance"],"picked":"Singing Bowl","floor":21.0},{"not_picked":["Catalyst","Backstab","Deadly Poison"],"picked":"Calculated Gamble","floor":22.0},{"not_picked":["Blade Dance","All Out Attack","Prepared"],"picked":"Acrobatics+1","floor":24.0},{"not_picked":["Outmaneuver","Slice","Backflip","Quick Slash"],"picked":"Singing Bowl","floor":30.0},{"not_picked":["Endless Agony","Flying Knee","Backflip"],"picked":"Tactician","floor":31.0},{"not_picked":["Malaise","Unload","Doppelganger"],"picked":"Corpse Explosion","floor":33.0},{"not_picked":["Distraction","Poisoned Stab","Dagger Spray"],"picked":"Accuracy","floor":35.0},{"not_picked":["Sucker Punch","Backstab","Leg Sweep"],"picked":"Deflect","floor":36.0},{"not_picked":["Dagger Throw","Dodge and Roll","Bane","Cloak And Dagger"],"picked":"Singing Bowl","floor":38.0},{"not_picked":["Phantasmal Killer","Poisoned Stab","Dagger Throw"],"picked":"Prepared+1","floor":39.0},{"not_picked":["Flying Knee","Wraith Form v2","Blade Dance"],"picked":"Riddle With Holes","floor":41.0},{"not_picked":["Masterful Stab","Sucker Punch","Bouncing Flask"],"picked":"PiercingWail+1","floor":42.0},{"not_picked":["All Out Attack","Infinite Blades","Escape Plan","Bane"],"picked":"Singing Bowl","floor":47.0}],"player_experience":1458100,"relics_obtained":[{"floor":9.0,"key":"Question Card"},{"floor":10.0,"key":"Singing Bowl"},{"floor":26.0,"key":"Lantern"},{"floor":31.0,"key":"Shuriken"},{"floor":47.0,"key":"Snake Skull"}],"event_choices":[{"damage_healed":0.0,"max_hp_gain":0.0,"max_hp_loss":0.0,"gold_gain":0.0,"event_name":"Liars Game","player_choice":"Ignored","floor":2.0,"gold_loss":0.0,"damage_taken":0.0},{"cards_removed":["Strike_G"],"damage_healed":0.0,"max_hp_gain":0.0,"max_hp_loss":0.0,"gold_gain":0.0,"event_name":"Purifier","player_choice":"Purged","floor":3.0,"gold_loss":0.0,"damage_taken":0.0},{"damage_healed":0.0,"max_hp_gain":0.0,"max_hp_loss":0.0,"gold_gain":0.0,"event_name":"Golden Idol","player_choice":"Take Damage","floor":14.0,"gold_loss":0.0,"damage_taken":23.0,"relics_obtained":["Golden Idol"]},{"damage_healed":0.0,"max_hp_gain":0.0,"max_hp_loss":0.0,"gold_gain":0.0,"event_name":"WeMeetAgain","player_choice":"Gave Potion","floor":19.0,"gold_loss":0.0,"damage_taken":0.0,"relics_obtained":["Girya"]},{"damage_healed":0.0,"max_hp_gain":0.0,"max_hp_loss":0.0,"gold_gain":0.0,"event_name":"The Library","player_choice":"Read","floor":28.0,"gold_loss":0.0,"damage_taken":0.0,"cards_obtained":["Burst"]},{"cards_removed":["Accuracy"],"damage_healed":0.0,"max_hp_gain":0.0,"max_hp_loss":0.0,"gold_gain":0.0,"event_name":"Falling","player_choice":"Removed Power","floor":37.0,"gold_loss":0.0,"damage_taken":0.0},{"damage_healed":0.0,"max_hp_gain":0.0,"max_hp_loss":0.0,"gold_gain":0.0,"event_name":"Mysterious Sphere","player_choice":"Ignored","floor":45.0,"gold_loss":0.0,"damage_taken":0.0},{"cards_removed":["Strike_G"],"damage_healed":0.0,"max_hp_gain":0.0,"max_hp_loss":0.0,"gold_gain":0.0,"event_name":"Purifier","player_choice":"Purged","floor":46.0,"gold_loss":0.0,"damage_taken":0.0}],"is_beta":false,"boss_relics":[{"not_picked":["Velvet Choker","HoveringKite"],"picked":"Philosopher\u0027s Stone"},{"not_picked":["WristBlade","Cursed Key"],"picked":"Coffee Dripper"}],"items_purged_floors":[7,29],"is_endless":false,"potions_floor_spawned":[5,10,12,16,18,21,24,30,33,36,38,42],"killed_by":"Sphere and 2 Shapes","ascension_level":15}}