{"host":"78pbttriv9wi8lgr","time":1611595308,"event":{"mods":["AchievementEnabler","Act Like it!","Astrologer","BaseMod","Gensokyo","GifTheSpireLib","Koishi","Marisa（霧雨　魔理沙）","Minty Spire (QoL Compilation)","Quick Restart","Remilia（蕾米莉?）","Remove Card Discount Mod","StSLib","The Administrix"],"gold_per_floor":[115,26,126,126,137,137,210,220,220,4,4,23,38,48,48,148,148,164,164,164,164,164,164,196,215,215,213,75,75,175,185,185,782,1082,1092,1092,711,724,739,739,766,161,208,233,233,265,278,303,303,303,303],"floor_reached":50,"language":"ENG","playtime":3082,"items_purged":["Koishi:BasicStrike","Koishi:BasicStrike","Koishi:BasicStrike","Koishi:BasicStrike","Koishi:FreudianInstinct+1"],"score":926,"play_id":"2767fb2f-03f9-47bd-bec8-dc81b9da7fca","local_time":"20210126022147","is_ascension_mode":true,"campfire_choices":[{"data":"Koishi:Provoke","floor":6,"key":"SMITH"},{"floor":15,"key":"DIG"},{"data":"Koishi:EmbersOfLove","floor":23,"key":"SMITH"},{"floor":29,"key":"DIG"},{"floor":32,"key":"DIG"},{"floor":40,"key":"DIG"},{"data":"Koishi:HauntingSlash","floor":49,"key":"SMITH"}],"circlet_count":0,"master_deck":["Koishi:BasicDefend","Koishi:BasicDefend","Koishi:BasicDefend","Koishi:BasicDefend","Koishi:Provoke+1","Koishi:HauntingSlash+1","Koishi:DreadfulBlow","Koishi:EmbersOfLove+1","Koishi:DanmakuParanoia","Koishi:FidgetySnatcher+1","CurseOfTheBell","Koishi:Untouchable+1","Koishi:FidgetySnatcher+1","Koishi:PredatoryInstincts+1"],"relics":["Koishi:ImaginaryFriend","The Courier","Koishi:BloodstainedWhiteRose","Singing Bowl","Mercury Hourglass","Shovel","SlaversCollar","Frozen Egg 2","MealTicket","Meat on the Bone","Darkstone Periapt","Regal Pillow","Bird Faced Urn","Ice Cream","Bag of Marbles","Bottled Flame","Calling Bell","Old Coin","Koishi:TeethAndClaws","Tiny Chest","ClockworkSouvenir","InkBottle","Art of War","StoneCalendar","PreservedInsect","Happy Flower","Lee\u0027s Waffle","Koishi:AHoleWhereASisterShouldBe","Anchor","Bronze Scales","Pantograph","Calipers","Ornamental Fan","Oddly Smooth Stone"],"acts_visited":["Exordium","Gensokyo:Gensokyo","Gensokyo:Gensokyoer"],"potions_floor_usage":[16,16,25,41,50],"damage_taken":[{"damage":6,"enemies":"Gensokyo:Gryphon","floor":1,"turns":5},{"damage":0,"enemies":"Gensokyo:2_Kodama","floor":5,"turns":3},{"damage":12,"enemies":"Gensokyo:3_Fairies","floor":8,"turns":6},{"damage":0,"enemies":"Gensokyo:LivingMonolith","floor":12,"turns":2},{"damage":1,"enemies":"Gensokyo:Python_and_Kodama","floor":13,"turns":3},{"damage":2,"enemies":"Gensokyo:Gryphon_and_Rabbit","floor":14,"turns":2},{"damage":55,"enemies":"Gensokyo:Yukari","floor":16,"turns":24},{"damage":18,"enemies":"Gensokyo:3_Dogs","floor":18,"turns":5},{"damage":21,"enemies":"Gensokyo:Reisen","floor":24,"turns":6},{"damage":3,"enemies":"Gensokyo:AngelMirror","floor":25,"turns":2},{"damage":6,"enemies":"Gensokyo:AngelMirror","floor":30,"turns":12},{"damage":0,"enemies":"Gensokyo:Wraith","floor":31,"turns":3},{"damage":26,"enemies":"Gensokyo:Eiki","floor":33,"turns":12},{"damage":35,"enemies":"Gensokyo:AncientGuardian","floor":35,"turns":12},{"damage":0,"enemies":"Gensokyo:3_Bats","floor":38,"turns":5},{"damage":6,"enemies":"Gensokyo:SeedOfUnknown","floor":39,"turns":6},{"damage":18,"enemies":"Gensokyo:Kasen","floor":41,"turns":11},{"damage":0,"enemies":"Gensokyo:Marisa","floor":44,"turns":5},{"damage":0,"enemies":"Gensokyo:Doremy","floor":46,"turns":7},{"damage":6,"enemies":"Gensokyo:4_Bats","floor":47,"turns":6},{"damage":139,"enemies":"Gensokyo:Scarlet_Devils","floor":50,"turns":14}],"seed_played":"-5296553658648207984","potions_obtained":[{"floor":13,"key":"ColorlessPotion"},{"floor":14,"key":"Regen Potion"},{"floor":24,"key":"Block Potion"},{"floor":25,"key":"SteroidPotion"},{"floor":39,"key":"BlessingOfTheForge"},{"floor":44,"key":"LiquidMemories"}],"is_trial":false,"path_per_floor":["M","COS","?","?","M","R","T","M","T","$","?","M","M","M","R","B",null,"M","?","T","T","?","R","E","M","T","$","COS","R","?","M","R","B",null,"M","?","$","M","M","R","E","$","T","E","?","E","M","T","R","B"],"character_chosen":"KOISHI","items_purchased":["Mercury Hourglass","ClockworkSouvenir","InkBottle","Koishi:Untouchable+1","PreservedInsect","Happy Flower","Lee\u0027s Waffle","Koishi:AHoleWhereASisterShouldBe","Anchor"],"campfire_rested":0,"item_purchase_floors":[10,37,37,37,42,42,42,42,42],"current_hp_per_floor":[56,56,56,56,56,56,56,45,45,45,45,52,58,61,61,47,67,53,53,53,53,53,53,39,50,50,65,65,65,73,78,78,69,85,60,62,77,89,96,96,95,105,105,105,63,79,107,107,107,0,0],"gold":303,"neow_bonus":"TEN_PERCENT_HP_BONUS","is_daily":false,"chose_seed":false,"campfire_upgraded":3,"win_rate":0.0,"timestamp":1611595307,"path_taken":["M","COS","?","?","M","R","?","M","T","$","?","M","M","?","R","BOSS","M","?","?","?","?","R","E","M","T","?","COS","R","?","?","R","BOSS","M","?","$","M","M","R","E","$","T","E","?","E","?","?","R","BOSS"],"items_purchased_type":["Relic","Relic","Relic","Card","Relic","Relic","Relic","Relic","Relic"],"build_version":"2020-12-22","purchased_purges":5,"victory":false,"max_hp_per_floor":[66,66,66,66,66,66,66,66,66,66,66,68,70,72,72,74,74,74,74,74,74,74,74,74,76,76,76,76,76,78,78,78,82,88,90,92,92,94,96,96,98,105,105,105,105,105,107,107,107,107,107],"card_choices":[{"not_picked":["Koishi:ReflexRadar","Koishi:SubconsciousSweep"],"picked":"Koishi:HeartAttack","floor":1},{"not_picked":["Koishi:SubconsciousSweep","Koishi:RacingHeart","Koishi:Prune"],"picked":"SKIP","floor":5},{"not_picked":["Koishi:UnconsciousUprising","Koishi:ReflexRadar"],"picked":"Koishi:DreadfulBlow","floor":8},{"not_picked":["Koishi:StingingMind","Koishi:UnansweredLove","Koishi:HeartAttack"],"picked":"Singing Bowl","floor":12},{"not_picked":["Koishi:SubterraneanRose","Koishi:RoseHell","Koishi:PhantomStrike"],"picked":"Singing Bowl","floor":13},{"not_picked":["Koishi:MassHysteria","Koishi:YoukaiPolygraph","Koishi:FleetingPhantom"],"picked":"Singing Bowl","floor":14},{"not_picked":["Koishi:ConfinedInnocent","Koishi:TerrifyingSpectre","Koishi:RollingInRichesHeart"],"picked":"Singing Bowl","floor":16},{"not_picked":["Koishi:SubconsciousSweep","Koishi:FleetingPhantom"],"picked":"Koishi:EmbersOfLove","floor":18},{"not_picked":["Koishi:DreadfulBlow","Koishi:BramblyRoseGarden+1"],"picked":"Koishi:FreudianInstinct+1","floor":24},{"not_picked":["Koishi:ReflexRadar","Koishi:DanmakuParanoia","Koishi:VengefulSpirit+1"],"picked":"Singing Bowl","floor":25},{"not_picked":["Koishi:IdleWhim+1","Koishi:Prune","Koishi:Jaunt+1"],"picked":"Singing Bowl","floor":30},{"not_picked":["Koishi:YoukaiPolygraph","Koishi:UnansweredLove"],"picked":"Koishi:FidgetySnatcher+1","floor":31},{"not_picked":["Koishi:ConditionedTeleport","Koishi:RuptureMind","Koishi:RoseHell"],"picked":"Singing Bowl","floor":33},{"not_picked":["Koishi:MentalBreakdown","Koishi:GrowingPain","Koishi:Heartbroken+1"],"picked":"Singing Bowl","floor":33},{"not_picked":["Koishi:IdleWhim+1","Koishi:YoukaiPolygraph+1","Koishi:GeneticsOfTheUnconscious+1"],"picked":"Singing Bowl","floor":35},{"not_picked":["Gensokyo:EverlastingLife","Gensokyo:MorningStar","Gensokyo:NewMoon"],"picked":"Singing Bowl","floor":36},{"not_picked":["Koishi:Jaunt","Koishi:RorschachInDanmaku","Koishi:ReleaseOfTheId+1"],"picked":"Singing Bowl","floor":38},{"not_picked":["Koishi:TraumaticStroke","Koishi:StrangeCloudFist","Koishi:Bloodlust"],"picked":"Singing Bowl","floor":39},{"not_picked":["Koishi:Vanish+1","Koishi:PhantomStrike","Koishi:EmbryosDream+1"],"picked":"Singing Bowl","floor":41},{"not_picked":["Koishi:ReflexRadar","Koishi:FleetingPhantom+1"],"picked":"Koishi:FidgetySnatcher+1","floor":44},{"not_picked":["Koishi:SpiritedAway+1","Koishi:ApparitionsStalkTheNight+1"],"picked":"Koishi:PredatoryInstincts+1","floor":46},{"not_picked":["Koishi:FleetingPhantom","Koishi:StingingMind+1","Koishi:SubterraneanRose"],"picked":"Singing Bowl","floor":47}],"player_experience":776063,"relics_obtained":[{"floor":7,"key":"The Courier"},{"floor":9,"key":"Singing Bowl"},{"floor":20,"key":"Frozen Egg 2"},{"floor":21,"key":"MealTicket"},{"floor":24,"key":"Meat on the Bone"},{"floor":26,"key":"Darkstone Periapt"},{"floor":29,"key":"Regal Pillow"},{"floor":30,"key":"Bird Faced Urn"},{"floor":30,"key":"Ice Cream"},{"floor":32,"key":"Bottled Flame"},{"floor":34,"key":"Old Coin"},{"floor":34,"key":"Koishi:TeethAndClaws"},{"floor":34,"key":"Tiny Chest"},{"floor":40,"key":"Art of War"},{"floor":41,"key":"StoneCalendar"},{"floor":43,"key":"Bronze Scales"},{"floor":44,"key":"Pantograph"},{"floor":46,"key":"Ornamental Fan"},{"floor":48,"key":"Oddly Smooth Stone"}],"event_choices":[],"is_beta":false,"boss_relics":[{"not_picked":["Velvet Choker","Runic Dome"],"picked":"SlaversCollar"},{"not_picked":["Coffee Dripper","Snecko Eye"],"picked":"Calling Bell"}],"items_purged_floors":[10,10,10,10,27],"is_endless":false,"potions_floor_spawned":[13,14,24,25,39,44],"killed_by":"Gensokyo:Scarlet_Devils","ascension_level":8}}