{"host":"4zpqi6gd0xcmibwu","time":1611591348,"event":{"mods":["100% Spire Juice","Arknights The Spire","BaseMod","Block Reminder","Colored Map","Colored Powertips","DeckTracker","Googly Eyes","Highlight Path","HololiveMod","Infinite Spire","Key Reminder","Minty Spire (QoL Compilation)","Permanent Neow","Quick Restart","Random Character Button","Relic Sorter","Relic Stats","Replay The Spire","Spire Birthday Party","StSLib","SuperFastMode","Uncapped","Unceasing Turn Reminder","Waifu the Spire","everything is the same but u backflip on backflip","slay the spire mod where everything is the same but ironclad has a cowboy hat"],"gold_per_floor":[109,121,196,216,216,216,246,246,300,319,319,319,336,351,351,450,450,466,486,486,496,692,719,719,719],"floor_reached":24,"language":"ENG","playtime":834,"items_purged":[],"score":229,"play_id":"20e91b9d-e5e4-4faa-b74b-944f092deda1","local_time":"20210125171548","is_ascension_mode":true,"campfire_choices":[{"data":"Body Slam","floor":6,"key":"SMITH"},{"data":"True Grit","floor":8,"key":"SMITH"},{"data":"Bash","floor":12,"key":"SMITH"},{"data":"Infernal Blade","floor":15,"key":"SMITH"}],"circlet_count":0,"master_deck":["Strike_R","Strike_R","Strike_R+1","Strike_R","Strike_R","Defend_R","Defend_R","Defend_R","Defend_R","Bash+1","Iron Wave+1","Body Slam+1","True Grit+1","Wild Strike","Inflame","Infernal Blade+1","ReplayTheSpireMod:Strike From Hell","Fire Breathing","Metallicize+1"],"relics":["Burning Blood","infinitespire:Joker Card","Regal Pillow","Smiling Mask","Mark of Pain","Dream Catcher"],"acts_visited":["Exordium","TheCity"],"potions_floor_usage":[16],"damage_taken":[{"damage":6,"enemies":"Cultist","floor":1,"turns":3},{"damage":6,"enemies":"Jaw Worm","floor":2,"turns":3},{"damage":2,"enemies":"Small Slimes","floor":4,"turns":4},{"damage":18,"enemies":"3 Sentries","floor":7,"turns":9},{"damage":0,"enemies":"Looter","floor":10,"turns":3},{"damage":11,"enemies":"Lots of Slimes","floor":13,"turns":4},{"damage":8,"enemies":"2 Fungi Beasts","floor":14,"turns":3},{"damage":38,"enemies":"The Guardian","floor":16,"turns":12},{"damage":5,"enemies":"Shell Parasite","floor":18,"turns":5},{"damage":5,"enemies":"2 Thieves","floor":19,"turns":4},{"damage":11,"enemies":"Snake Plant","floor":21,"turns":4},{"damage":32,"enemies":"Book of Stabbing","floor":23,"turns":4},{"damage":20,"enemies":"Centurion and Healer","floor":24,"turns":4}],"seed_played":"-3470277428810843324","potions_obtained":[{"floor":1,"key":"FearPotion"},{"floor":7,"key":"SpeedPotion"},{"floor":11,"key":"CultistPotion"},{"floor":11,"key":"Fire Potion"},{"floor":16,"key":"Venom Potion"}],"is_trial":false,"path_per_floor":["M","M","?","M","?","R","E","R","T","M","?","R","M","M","R","B",null,"M","M","?","M","?","E","M"],"character_chosen":"IRONCLAD","items_purchased":[],"campfire_rested":0,"item_purchase_floors":[],"current_hp_per_floor":[72,72,65,69,55,55,43,43,43,49,49,49,44,42,42,10,72,72,72,72,67,39,13,0,0],"gold":719,"neow_bonus":"ONE_RARE_RELIC","is_daily":false,"chose_seed":false,"campfire_upgraded":4,"win_rate":0.0,"timestamp":1611591348,"path_taken":["M","?","?","?","?","R","E","R","T","M","?","R","M","?","R","BOSS","M","M","?","M","?","E","M"],"items_purchased_type":[],"build_version":"2020-12-22","purchased_purges":0,"victory":false,"max_hp_per_floor":[72,72,72,72,72,72,72,72,72,72,72,72,72,72,72,72,72,72,72,72,72,72,72,72,72],"relic_stats":{"Regal Pillow":0,"Dream Catcher":0,"counters":[13,62],"Smiling Mask":0,"obtain_stats":[{"Regal Pillow":7,"Dream Catcher":23,"infinitespire:Joker Card":0,"Mark of Pain":17,"Smiling Mask":9,"Burning Blood":0},{"Regal Pillow":4,"Dream Catcher":12,"infinitespire:Joker Card":0,"Mark of Pain":8,"Smiling Mask":4,"Burning Blood":0},{"Regal Pillow":19,"Dream Catcher":58,"infinitespire:Joker Card":0,"Mark of Pain":41,"Smiling Mask":19,"Burning Blood":0}],"Burning Blood":70},"card_choices":[{"not_picked":["Seeing Red","Havoc","Clothesline"],"picked":"SKIP","floor":1},{"not_picked":["Run Through","ReplayTheSpireMod:Muscle Training"],"picked":"Iron Wave","floor":2},{"not_picked":["Armaments","Headbutt"],"picked":"Body Slam","floor":4},{"not_picked":["Entrench","Replay:Undeath\u0027s Touch"],"picked":"True Grit","floor":7},{"not_picked":["Ghostly Armor","Heavy Blade"],"picked":"Wild Strike","floor":10},{"not_picked":["Body Slam","Rage"],"picked":"Inflame","floor":13},{"not_picked":["Anger","Armaments"],"picked":"Infernal Blade","floor":14},{"not_picked":["Body Slam","Sentinel+1","Run Through"],"picked":"SKIP","floor":18},{"not_picked":["Armaments","Anger+1","Impervious"],"picked":"SKIP","floor":19},{"not_picked":["Heavy Blade","Anger+1"],"picked":"Fire Breathing","floor":21},{"not_picked":["Headbutt","Clash"],"picked":"Metallicize+1","floor":23}],"player_experience":54989,"relics_obtained":[{"floor":7,"key":"Regal Pillow"},{"floor":9,"key":"Smiling Mask"},{"floor":23,"key":"Dream Catcher"}],"event_choices":[{"damage_healed":0,"gold_gain":75,"player_choice":"Touch","damage_taken":7,"max_hp_gain":0,"max_hp_loss":0,"event_name":"FaceTrader","floor":3,"gold_loss":0},{"damage_healed":0,"gold_gain":0,"player_choice":"Entered Light","damage_taken":14,"max_hp_gain":0,"max_hp_loss":0,"event_name":"Shining Light","floor":5,"gold_loss":0,"cards_upgraded":["Strike_R","Iron Wave"]},{"damage_healed":0,"gold_gain":0,"player_choice":"Got Potions","damage_taken":0,"max_hp_gain":0,"max_hp_loss":0,"event_name":"Lab","floor":11,"gold_loss":0},{"damage_healed":0,"gold_gain":0,"player_choice":"Read","damage_taken":0,"max_hp_gain":0,"max_hp_loss":0,"event_name":"The Library","floor":20,"gold_loss":0,"cards_obtained":["ReplayTheSpireMod:Strike From Hell"]}],"is_beta":false,"boss_relics":[{"not_picked":["SlaversCollar","Busted Crown"],"picked":"Mark of Pain"}],"items_purged_floors":[],"is_endless":false,"potions_floor_spawned":[1,7,16,18,21,23],"killed_by":"Centurion and Healer","ascension_level":1}}