{"host":"Naix","time":1611575492,"event":{"mods":["Act Like it!","Aspiration","BaseMod","Downfall","Energized Spire","Friendly Minions","Gensokyo","HornydragonMod","Minty Spire (QoL Compilation)","Reliquary","Replay The Spire","StSLib","The Alterego","The Jungle","Waifu the Spire","WarShipGirlsR/’ΩΩ¢…Ÿ≈ÆR mod","Wide Potions","Youmu£®ªÍ∆«—˝√Œ£©","°æ“≈ŒÔø®≈∆°øREMEMod"],"gold_per_floor":[113,133,133,133,143,171,171,171,171,171,215,236,250,250,250,376,376,429,429,429,445,445,476,476,499,553,578,573,606,631,631,631,747,697,720,740,803,803,821,855,880,329,329,344,344,98,398,441,441,445],"floor_reached":51,"language":"ZHS","playtime":2959,"items_purged":["alterego_mod:Rip"],"score":980,"play_id":"40035096-9262-4d8c-8eec-9bf1c1443e34","local_time":"20210125195132","is_ascension_mode":false,"campfire_choices":[{"data":"alterego_mod:Rip","floor":8,"key":"SMITH"},{"data":"alterego_mod:Mirror","floor":15,"key":"SMITH"},{"data":"alterego_mod:Birthday","floor":24,"key":"SMITH"},{"data":"alterego_mod:Crossover","floor":32,"key":"SMITH"},{"data":"REME_WheelOfFate","floor":49,"key":"SMITH"}],"circlet_count":0,"master_deck":["alterego_mod:Strike+1","alterego_mod:Strike+1","alterego_mod:Strike+1","alterego_mod:Defend+1","alterego_mod:Defend+1","alterego_mod:Defend+1","alterego_mod:Defend+1","alterego_mod:Impale","alterego_mod:BrynhildrsRune","alterego_mod:Mirror+1","alterego_mod:Vow+1","alterego_mod:BiFurious","alterego_mod:Rip+1","Feel No Pain","alterego_mod:1TonWallop","alterego_mod:MaintainEyeContact","alterego_mod:Nekomimi+1","alterego_mod:Birthday+1","alterego_mod:Valentines","alterego_mod:IndependentAction","alterego_mod:Crossover+1","alterego_mod:Venus","alterego_mod:Strike","alterego_mod:Jiggle","alterego_mod:Clap+1","alterego_mod:Pet","alterego_mod:BeGentle+1","alterego_mod:Bunnysuit+1","alterego_mod:TrashNCrash+1","REME_WheelOfFate+1","alterego_mod:RidiculouslyBig"],"relics":["alterego_mod:MasochisticConstitution","REME_ComplimentaryCards","NeowsBlessing","Guardian:PocketSentry","Tiny Chest","Golden Idol","Replay:PocketPolymizer","Bottled Flame","Replay:Baseball","aspiration:RitualDagger","alterego_mod:FleetingLove","Nilry\u0027s Codex","Oddly Smooth Stone","reliquary:PorcupineQuills","Strawberry","Mirror","energizedSpire:HugeHouse","Ice Cream","Pantograph","reliquary:Boomerang","Dead Branch","Replay:Ringing Soul","Replay:Bandana","Shuriken","Nunchaku"],"acts_visited":["Exordium","TheCity","TheBeyond"],"potions_floor_usage":[11,16,18,29,30,33,41,50,50],"damage_taken":[{"damage":0,"enemies":"2 Louse","floor":1,"turns":1},{"damage":0,"enemies":"Small Slimes","floor":2,"turns":1},{"damage":0,"enemies":"Jaw Worm","floor":5,"turns":1},{"damage":10,"enemies":"Replay:BlueRogue","floor":6,"turns":7},{"damage":3,"enemies":"3 Sentries","floor":11,"turns":6},{"damage":5,"enemies":"3 Louse","floor":12,"turns":3},{"damage":1,"enemies":"Looter","floor":13,"turns":3},{"damage":32,"enemies":"Hexaghost","floor":16,"turns":10},{"damage":36,"enemies":"Chosen","floor":18,"turns":6},{"damage":40,"enemies":"Shell Parasite","floor":21,"turns":8},{"damage":42,"enemies":"Replay:Snechameleon","floor":23,"turns":7},{"damage":38,"enemies":"Centurion and Healer","floor":27,"turns":6},{"damage":24,"enemies":"Sentry and Sphere","floor":28,"turns":4},{"damage":14,"enemies":"Gremlin Leader","floor":29,"turns":4},{"damage":35,"enemies":"Chosen and Byrds","floor":30,"turns":8},{"damage":50,"enemies":"Collector","floor":33,"turns":5},{"damage":30,"enemies":"Orb Walker","floor":35,"turns":4},{"damage":50,"enemies":"3 Darklings","floor":36,"turns":5},{"damage":43,"enemies":"Mind Bloom Boss Battle","floor":37,"turns":9},{"damage":31,"enemies":"Maw","floor":39,"turns":7},{"damage":90,"enemies":"Giant Head","floor":40,"turns":9},{"damage":28,"enemies":"Sphere and 2 Shapes","floor":41,"turns":4},{"damage":43,"enemies":"4 Shapes","floor":44,"turns":4},{"damage":9,"enemies":"Reptomancer","floor":48,"turns":2},{"damage":58,"enemies":"Time Eater","floor":50,"turns":5}],"seed_played":"7694535963742770658","potions_obtained":[{"floor":5,"key":"Guardian:BlockOnCardUsePotion"},{"floor":12,"key":"Weak Potion"},{"floor":16,"key":"REME_GoldPotion"},{"floor":23,"key":"DuplicationPotion"},{"floor":28,"key":"Fire Potion"},{"floor":30,"key":"LifebloodPotion"},{"floor":33,"key":"SpeedPotion"},{"floor":36,"key":"Fire Potion"},{"floor":41,"key":"champ:CounterPotion"},{"floor":44,"key":"PowerPotion"},{"floor":48,"key":"DuplicationPotion"}],"is_trial":false,"path_per_floor":["M","M","?","?","M","E","?","R","T","?","E","M","M","T","R","B",null,"M","?","?","M","?","E","R","T","T","M","M","E","M","?","R","B",null,"M","M","?","T","M","E","M","$","T","M","T","$","?","E","R","B",null],"character_chosen":"The_Alterego","items_purchased":["REME_WheelOfFate","Dead Branch","Shuriken"],"campfire_rested":0,"item_purchase_floors":[42,42,46],"current_hp_per_floor":[70,70,70,45,45,43,26,26,26,26,31,27,34,34,34,10,75,40,40,40,77,61,56,56,56,63,63,46,80,77,77,77,66,85,70,42,65,65,75,43,53,53,53,33,33,33,33,55,55,88],"gold":445,"neow_bonus":"THREE_ENEMY_KILL","is_daily":false,"chose_seed":false,"campfire_upgraded":5,"win_rate":0.0,"timestamp":1611575492,"path_taken":["M","M","?","?","?","E","?","R","T","?","E","?","M","?","R","BOSS","M","?","?","M","?","E","R","?","T","M","?","E","M","?","R","BOSS","M","M","?","?","?","E","M","?","T","?","?","$","?","E","R","BOSS"],"items_purchased_type":["Card","Relic","Relic"],"build_version":"2020-12-18","purchased_purges":1,"victory":true,"max_hp_per_floor":[70,70,70,70,70,71,71,71,71,71,72,73,74,74,74,75,75,76,76,76,77,77,78,78,78,85,86,87,88,89,89,89,90,85,86,87,88,88,89,90,91,91,91,92,92,92,92,96,96,97],"card_choices":[{"not_picked":["alterego_mod:Cycle","alterego_mod:PerceptionDisorder","alterego_mod:Table"],"picked":"SKIP","floor":1},{"not_picked":["alterego_mod:Bounce","alterego_mod:Pet"],"picked":"alterego_mod:Mirror","floor":2},{"not_picked":["alterego_mod:DeftHands","alterego_mod:Complex"],"picked":"alterego_mod:BiFurious","floor":5},{"not_picked":["alterego_mod:Belle","alterego_mod:Punishment"],"picked":"alterego_mod:Rip","floor":6},{"not_picked":["alterego_mod:DeftHands","alterego_mod:Punishment","alterego_mod:BoobPocket"],"picked":"SKIP","floor":11},{"not_picked":["alterego_mod:Nekomimi","alterego_mod:Complex"],"picked":"alterego_mod:1TonWallop","floor":12},{"not_picked":["alterego_mod:Maid","alterego_mod:SakuraPetals"],"picked":"alterego_mod:MaintainEyeContact","floor":13},{"not_picked":["alterego_mod:TrashNCrash","alterego_mod:Santa"],"picked":"alterego_mod:Nekomimi+1","floor":18},{"not_picked":["alterego_mod:TrashNCrash","alterego_mod:MagicResistance","alterego_mod:Skirt"],"picked":"SKIP","floor":21},{"not_picked":["alterego_mod:BiFurious","alterego_mod:GIGAMILK","alterego_mod:Complex+1"],"picked":"SKIP","floor":23},{"not_picked":["alterego_mod:Nekomimi","alterego_mod:BusterCard","alterego_mod:Santa"],"picked":"SKIP","floor":27},{"not_picked":["alterego_mod:Santa","alterego_mod:TrashNCrash"],"picked":"alterego_mod:Valentines","floor":28},{"not_picked":["alterego_mod:Rip","alterego_mod:MagicResistance"],"picked":"alterego_mod:Cooking+1","floor":29},{"not_picked":["alterego_mod:Smother","alterego_mod:Complex"],"picked":"alterego_mod:IndependentAction","floor":30},{"not_picked":["alterego_mod:STier","alterego_mod:ClassAdvantage"],"picked":"alterego_mod:Venus","floor":33},{"not_picked":["alterego_mod:Mirror+1","alterego_mod:Cycle"],"picked":"alterego_mod:Clap+1","floor":35},{"not_picked":["alterego_mod:PerceptionDisorder+1","alterego_mod:BiFurious"],"picked":"alterego_mod:Pet","floor":36},{"not_picked":["alterego_mod:Undulate+1","alterego_mod:Pet+1"],"picked":"alterego_mod:BeGentle+1","floor":37},{"not_picked":["alterego_mod:Stockings","alterego_mod:Belts+1"],"picked":"alterego_mod:Bunnysuit+1","floor":39},{"not_picked":["alterego_mod:Nekomimi","alterego_mod:GoddessCore"],"picked":"alterego_mod:TrashNCrash+1","floor":40},{"not_picked":["alterego_mod:PurpleHair","alterego_mod:Clones+1","alterego_mod:Schoolgirl+1"],"picked":"SKIP","floor":41},{"not_picked":["alterego_mod:Vow","alterego_mod:Bloomers","alterego_mod:Bounce"],"picked":"SKIP","floor":44},{"not_picked":["alterego_mod:PurpleHair","alterego_mod:PresenceConcealment+1"],"picked":"alterego_mod:RidiculouslyBig","floor":48}],"player_experience":720073,"relics_obtained":[{"floor":6,"key":"Tiny Chest"},{"floor":9,"key":"Replay:PocketPolymizer"},{"floor":11,"key":"Bottled Flame"},{"floor":14,"key":"Replay:Baseball"},{"floor":22,"key":"Nilry\u0027s Codex"},{"floor":23,"key":"Oddly Smooth Stone"},{"floor":25,"key":"reliquary:PorcupineQuills"},{"floor":26,"key":"Strawberry"},{"floor":29,"key":"Mirror"},{"floor":37,"key":"Ice Cream"},{"floor":38,"key":"Pantograph"},{"floor":40,"key":"reliquary:Boomerang"},{"floor":43,"key":"Replay:Ringing Soul"},{"floor":45,"key":"Replay:Bandana"},{"floor":48,"key":"Nunchaku"}],"event_choices":[{"damage_healed":0,"gold_gain":0,"player_choice":"Success","damage_taken":25,"relics_obtained":["Guardian:PocketSentry"],"max_hp_gain":0,"max_hp_loss":0,"event_name":"Scrap Ooze","floor":4,"gold_loss":0},{"damage_healed":0,"gold_gain":0,"player_choice":"Take Damage","damage_taken":17,"relics_obtained":["Golden Idol"],"max_hp_gain":0,"max_hp_loss":0,"event_name":"Golden Idol","floor":7,"gold_loss":0},{"damage_healed":0,"gold_gain":0,"player_choice":"Choice 1","damage_taken":0,"relics_obtained":["alterego_mod:FleetingLove"],"max_hp_gain":0,"max_hp_loss":0,"event_name":"∞Æµƒ…Ò •ª®‘∞","floor":19,"gold_loss":0},{"damage_healed":0,"gold_gain":0,"player_choice":"Simplicity","damage_taken":0,"max_hp_gain":0,"max_hp_loss":0,"event_name":"Back to Basics","floor":20,"gold_loss":0,"cards_upgraded":["alterego_mod:Strike","alterego_mod:Strike","alterego_mod:Strike","alterego_mod:Defend","alterego_mod:Defend","alterego_mod:Defend","alterego_mod:Defend"]},{"damage_healed":0,"gold_gain":0,"player_choice":"Obtained Book","damage_taken":16,"max_hp_gain":0,"max_hp_loss":0,"event_name":"Cursed Tome","floor":22,"gold_loss":0},{"damage_healed":0,"gold_gain":0,"player_choice":"Read","damage_taken":0,"max_hp_gain":0,"max_hp_loss":0,"event_name":"The Library","floor":31,"gold_loss":0,"cards_obtained":["alterego_mod:Crossover"]},{"damage_healed":0,"gold_gain":0,"player_choice":"Fight","damage_taken":0,"max_hp_gain":0,"max_hp_loss":0,"event_name":"MindBloom","floor":37,"gold_loss":0},{"damage_healed":0,"gold_gain":300,"player_choice":"Gold","damage_taken":0,"max_hp_gain":0,"max_hp_loss":0,"event_name":"Wheel of Change","floor":47,"gold_loss":0}],"is_beta":true,"boss_relics":[{"not_picked":["ReplayTheSpireMod:DimensionalGlitch","aspiration:RunicSpoon"],"picked":"aspiration:RitualDagger"},{"not_picked":["aspiration:FutureDiary","reliquary:Ember"],"picked":"energizedSpire:HugeHouse"}],"items_purged_floors":[42],"is_endless":false,"potions_floor_spawned":[5,12,16,23,28,30,33,36,41,44,48],"ascension_level":0}}