{"host":"co1ulnwz1h4zjs22","time":1611537427,"event":{"mods":["Arknights The Spire","BaseMod","Bestiary","Colored Powertips","Curses Come First","Energized Spire","GifTheSpireLib","Googly Eyes","Minty Spire (QoL Compilation)","Rare Cards Sparkle","Replay The Spire","Reworked Bosses","Shop Mod","Spicy Shops","StSLib"],"gold_per_floor":[113,113,125,225,241,273,292,30,55,116,116,148,148,148,148,244,244,263,263,203,137,137,137,156,188,243,254,254,25,37,47,47,148,148,167,167,187,97,113,113,138,138,165,165,197,100,126,145,145,145,145,145,31,60,60,60],"floor_reached":55,"language":"ENG","playtime":4970,"items_purged":["ats:Strike S","ats:Strike V","ats:Emotion Absorption","ats:Revitalization"],"score":776,"play_id":"ed4245d1-1197-4f69-aaa6-884101024591","local_time":"20210124201707","is_ascension_mode":false,"campfire_choices":[{"floor":11,"key":"REST"},{"data":"ats:Serious Mode","floor":13,"key":"SMITH"},{"data":"ats:Blood Oath","floor":15,"key":"SMITH"},{"data":"ats:Calcification","floor":23,"key":"SMITH"},{"data":"ats:Thermite Blade","floor":28,"key":"SMITH"},{"data":"ats:Apocalypse","floor":40,"key":"SMITH"},{"floor":42,"key":"RECALL"},{"data":"ats:Red Shift","floor":44,"key":"SMITH"},{"data":"ats:Soul Rend","floor":52,"key":"SMITH"}],"circlet_count":0,"master_deck":["ats:Strike G","ats:Defend+1","ats:Defend","ats:Defend","ats:Blood Oath+1","ats:Red Shift+1","ats:Thermite Blade+1","ats:Serious Mode+1","ats:Apocalypse+1","ats:Absolute Focus","ats:Calcification+1","ats:True Silver Slash","ats:Cat Scratch+1","ats:Blood Oath+1","ats:Demon Strength","ats:Soul Rend+1","ats:Apocalypse"],"relics":["ats:Sanity","ats:Originium","MerchantsRug","ReplayFunnel","Replay:Ringing Soul","Philosopher\u0027s Stone","ReplayTheSpireMod:Shallot","Replay:Wax Seal","ReplayTheSpireMod:Ninjato","Garlic","ats:Ability Aura","Oddly Smooth Stone","InkBottle"],"acts_visited":["Exordium","TheCity","TheBeyond","TheEnding"],"potions_floor_usage":[],"damage_taken":[{"damage":6,"enemies":"Jaw Worm","floor":1,"turns":4},{"damage":7,"enemies":"2 Louse","floor":3,"turns":4},{"damage":1,"enemies":"Cultist","floor":5,"turns":3},{"damage":32,"enemies":"Gremlin Nob","floor":6,"turns":4},{"damage":7,"enemies":"Blue Slaver","floor":7,"turns":2},{"damage":32,"enemies":"Gremlin Nob","floor":10,"turns":4},{"damage":18,"enemies":"Lagavulin","floor":12,"turns":4},{"damage":81,"enemies":"Fading Forest","floor":16,"turns":11},{"damage":0,"enemies":"Spheric Guardian","floor":18,"turns":1},{"damage":33,"enemies":"2 Thieves","floor":24,"turns":5},{"damage":98,"enemies":"Gremlin Leader","floor":25,"turns":10},{"damage":4,"enemies":"Snecko","floor":27,"turns":4},{"damage":10,"enemies":"Centurion and Healer","floor":30,"turns":4},{"damage":27,"enemies":"3 Cultists","floor":31,"turns":5},{"damage":119,"enemies":"bossMod:newChamp","floor":33,"turns":16},{"damage":12,"enemies":"3 Shapes","floor":35,"turns":9},{"damage":10,"enemies":"Orb Walker","floor":37,"turns":4},{"damage":31,"enemies":"Jaw Worm Horde","floor":39,"turns":5},{"damage":53,"enemies":"R_Hoarder","floor":41,"turns":15},{"damage":112,"enemies":"Reptomancer","floor":45,"turns":6},{"damage":32,"enemies":"Spire Growth","floor":48,"turns":4},{"damage":147,"enemies":"bossMod:newAwakened","floor":50,"turns":15},{"damage":109,"enemies":"Shield and Spear","floor":54,"turns":6},{"damage":98,"enemies":"The Heart","floor":55,"turns":5}],"seed_played":"-7846705401037389262","potions_obtained":[{"floor":6,"key":"FearPotion"},{"floor":10,"key":"PowerPotion"},{"floor":16,"key":"AttackPotion"},{"floor":18,"key":"SkillPotion"},{"floor":24,"key":"Elixir"},{"floor":25,"key":"Dexterity Potion"},{"floor":39,"key":"LifebloodPotion"}],"is_trial":false,"path_per_floor":["M","?","M","?","M","E","M","$","T","?","R","E","R","?","R","B",null,"M","?","?","$","?","R","M","E","T","M","R","$","M","M","R","B",null,"M","?","M","?","M","R","E","R","T","R","E","$","T","M","R","B",null,"R","$","E","B"],"character_chosen":"DOCTOR_CLASS","items_purchased":["ats:Apocalypse","MerchantsRug","ats:Revitalization","Replay:Wax Seal","ats:Cat Scratch","ats:Ability Aura","Oddly Smooth Stone"],"campfire_rested":1,"item_purchase_floors":[8,8,21,29,29,46,53],"current_hp_per_floor":[73,66,65,65,67,41,34,34,34,15,38,34,34,61,61,30,82,82,82,82,85,88,88,88,54,54,61,61,64,73,73,100,22,103,103,103,103,103,103,103,92,92,92,92,26,26,26,35,65,56,103,103,103,37,0,0],"gold":60,"neow_bonus":"TEN_PERCENT_HP_BONUS","is_daily":false,"chose_seed":false,"campfire_upgraded":7,"win_rate":0.0,"timestamp":1611537427,"path_taken":["M","?","M","?","?","E","M","$","T","?","R","E","R","?","R","BOSS","M","?","?","$","?","R","?","E","T","M","R","?","M","M","R","BOSS","M","?","M","?","?","R","E","R","T","R","E","$","?","M","R","BOSS","R","$","E","BOSS"],"items_purchased_type":["Card","Relic","Card","Relic","Card","Relic","Relic"],"build_version":"2020-12-22","purchased_purges":4,"victory":false,"max_hp_per_floor":[79,79,79,79,79,79,79,79,79,79,79,82,82,82,82,82,82,82,82,82,85,88,88,88,91,91,91,91,94,97,100,100,103,103,103,103,103,103,103,103,103,103,103,103,103,103,103,103,103,103,103,103,103,106,106,106],"card_choices":[{"not_picked":["ats:Assault Order","ats:Leaping Hammer"],"picked":"ats:Blood Oath","floor":1},{"not_picked":["ats:Explosion Area Strengthen","ats:Powerful Strike"],"picked":"ats:Red Shift","floor":3},{"not_picked":["ats:Guard Mode","ats:Leaping Hammer"],"picked":"ats:Thermite Blade","floor":5},{"not_picked":["ats:Consecutive Shot Auto","ats:Magnetic Hammer"],"picked":"ats:Serious Mode","floor":6},{"not_picked":["ats:Flexible Camouflage","ats:Assault Order","ats:Rapid Magazine"],"picked":"SKIP","floor":7},{"not_picked":["ats:Explosion Area Strengthen","ats:Nebulous Foxfire"],"picked":"ats:Absolute Focus","floor":12},{"not_picked":["ats:Absolute Focus","ats:Counter Healing Mode","ats:Flexible Camouflage"],"picked":"SKIP","floor":18},{"not_picked":["ats:Song Of Battle+1","ats:Apocalypse","ats:Leaping Hammer"],"picked":"SKIP","floor":24},{"not_picked":["ats:Shadow Raid","ats:Sword Rain"],"picked":"ats:True Silver Slash","floor":25},{"not_picked":["ats:Consecutive Shot Auto","ats:Flexible Camouflage","ats:Absolute Focus"],"picked":"SKIP","floor":27},{"not_picked":["ats:Red Shift","ats:Powerful Strike+1"],"picked":"ats:Blood Oath","floor":30},{"not_picked":["ats:Healing Drone","ats:Hammer On+1"],"picked":"ats:Demon Strength","floor":31},{"not_picked":["ats:Volcano","ats:Rat Pack"],"picked":"ats:Soul Rend","floor":33},{"not_picked":["ats:Beaten Up+1","ats:Assault Order","ats:Leaping Hammer+1"],"picked":"SKIP","floor":35},{"not_picked":["ats:Very Hot Blade+1","ats:Explosion Area Strengthen","ats:Absolute Focus"],"picked":"SKIP","floor":37},{"not_picked":["ats:Flame Of Heaven+1","ats:Ignite","ats:Blood Oath+1"],"picked":"SKIP","floor":39},{"not_picked":["ats:Literary Storm+1","ats:Very Hot Blade+1","ats:Healing Strengthening"],"picked":"SKIP","floor":41},{"not_picked":["ats:Poison Spread","ats:Charging Defense+1","ats:Explosion Area Strengthen"],"picked":"SKIP","floor":45},{"not_picked":["ats:Consecutive Shot Auto","ats:Explosion Area Strengthen","ats:Collapsing Strike+1"],"picked":"SKIP","floor":48},{"not_picked":["ats:Very Hot Blade","ats:Revitalization+1"],"picked":"ats:Apocalypse","floor":54}],"player_experience":379300,"relics_obtained":[{"floor":6,"key":"ats:Originium"},{"floor":6,"key":"ats:Hidden Killer"},{"floor":9,"key":"Pet Ghost"},{"floor":10,"key":"ReplayFunnel"},{"floor":12,"key":"ats:Originium"},{"floor":12,"key":"Replay:Ringing Soul"},{"floor":25,"key":"ats:Originium"},{"floor":25,"key":"ReplayTheSpireMod:Shallot"},{"floor":26,"key":"Art of War"},{"floor":41,"key":"ats:Originium"},{"floor":41,"key":"ReplayTheSpireMod:Ninjato"},{"floor":45,"key":"Garlic"},{"floor":47,"key":"Smiling Mask"},{"floor":54,"key":"InkBottle"}],"event_choices":[{"cards_removed":["ats:Strike C"],"damage_healed":0,"gold_gain":0,"player_choice":"Card Removal","damage_taken":7,"max_hp_gain":0,"max_hp_loss":0,"event_name":"Golden Wing","floor":2,"gold_loss":0},{"damage_healed":0,"gold_gain":100,"player_choice":"Pray","damage_taken":0,"max_hp_gain":0,"max_hp_loss":0,"event_name":"Golden Shrine","floor":4,"gold_loss":0},{"damage_healed":0,"gold_gain":0,"player_choice":"Searched \u00272\u0027 times","damage_taken":0,"max_hp_gain":0,"max_hp_loss":0,"event_name":"Dead Adventurer","floor":10,"gold_loss":0},{"damage_healed":27,"gold_gain":0,"player_choice":"Banana","damage_taken":0,"max_hp_gain":0,"max_hp_loss":0,"event_name":"Big Fish","floor":14,"gold_loss":0},{"cards_removed":["ats:Defend"],"damage_healed":0,"gold_gain":0,"player_choice":"Elegance","damage_taken":0,"max_hp_gain":0,"max_hp_loss":0,"event_name":"Back to Basics","floor":19,"gold_loss":0},{"damage_healed":0,"gold_gain":0,"player_choice":"1 cards matched","damage_taken":0,"max_hp_gain":0,"max_hp_loss":0,"event_name":"Match and Keep!","floor":22,"gold_loss":0,"cards_obtained":["ats:Calcification"]},{"damage_healed":0,"gold_gain":0,"player_choice":"Ignored","damage_taken":0,"max_hp_gain":0,"max_hp_loss":0,"event_name":"Tomb of Lord Red Mask","floor":36,"gold_loss":0},{"cards_removed":["ats:Armor Crushing Shot"],"damage_healed":0,"gold_gain":0,"player_choice":"Upgrade and Remove","damage_taken":0,"max_hp_gain":0,"max_hp_loss":0,"event_name":"Designer","floor":38,"gold_loss":90,"cards_upgraded":["ats:Defend"]}],"is_beta":false,"boss_relics":[{"not_picked":["SacredBark","Black Star"],"picked":"Philosopher\u0027s Stone"},{"not_picked":["Replay:Bronze Core","Painkiller Herb","energizedSpire:SpiderWeb"]}],"items_purged_floors":[8,21,29,46],"is_endless":false,"potions_floor_spawned":[6,10,16,18,24,25,39,45],"killed_by":"The Heart","ascension_level":0}}