{"host":"o6rpelx2jpc8yies","time":1611535719,"event":{"mods":["BaseMod","Downfall","Minty Spire (QoL Compilation)","StSLib"],"gold_per_floor":[99,110,122,122,122,136,136,158,34,61,75,87,87,119,137,242,242,42,55,55,55,65,50,102,132,117,142,162,174,74,87,100,199,199,199,209,224,297,312,341,341,351,351,369,385,385,385,385,400,400,400,426,17,17,17,17],"floor_reached":57,"language":"ENG","playtime":14602,"items_purged":["champ:Strike","champ:Defend"],"score":1356,"play_id":"65dece9b-82e5-40d6-af6a-416c566c6cff","local_time":"20210124174839","is_ascension_mode":true,"campfire_choices":[{"floor":1,"key":"RECALL"},{"data":"champ:StanceDance","floor":13,"key":"SMITH"},{"data":"champ:VampiricStrike","floor":18,"key":"SMITH"},{"floor":30,"key":"REST"},{"data":"champ:Improvising","floor":35,"key":"SMITH"},{"floor":46,"key":"REST"},{"floor":54,"key":"REST"}],"circlet_count":0,"master_deck":["champ:Strike+1","champ:Strike+1","champ:Strike+1","champ:Defend+1","champ:Defend+1","champ:Execute+1","champ:Taunt+1","Dramatic Entrance+1","champ:FlashCut+1","champ:SwordSigil+1","champ:ShieldSlam+1","champ:Haymaker+1","champ:LastStand+1","champ:ShieldWall+1","champ:ShieldSlam+1","champ:StanceDance+1","champ:FlashCut+1","champ:FocusedDefense+1","champ:VampiricStrike+1","champ:EnGarde+1","champ:PreciseThrust+1","champ:EnragedBash+1","champ:EnchantShield+1","champ:FancyFootwork+1","champ:BringItOn+1","champ:StanceDance+1","champ:Improvising+1","champ:PreemptiveStrike+1","champ:Circumvent+1","champ:StrikeOfGenius+1","champ:SkillfulDodge+1","champ:RageSigil+1"],"relics":["champ:ChampionCrown","Sundial","Odd Mushroom","Lizard Tail","Guardian:PocketSentry","Philosopher\u0027s Stone","champ:DefensiveTrainingManual","Spirit Poop","Calipers","Singing Bowl","champ:PowerArmor","Lee\u0027s Waffle","Mummified Hand","Prayer Wheel","Letter Opener","Bronze Scales","Sling","champ:SpectersHand"],"acts_visited":["Exordium","TheCity","TheBeyond","TheEnding"],"potions_floor_usage":[8,12,19,27,38,50,55,55,56],"damage_taken":[{"damage":0,"enemies":"2 Louse","floor":2,"turns":2},{"damage":12,"enemies":"Jaw Worm","floor":3,"turns":3},{"damage":0,"enemies":"Cultist","floor":5,"turns":1},{"damage":17,"enemies":"Exordium Wildlife","floor":6,"turns":6},{"damage":21,"enemies":"The Mushroom Lair","floor":8,"turns":5},{"damage":40,"enemies":"downfall:FleeingMerchant","floor":9,"turns":4},{"damage":39,"enemies":"Gremlin Nob","floor":10,"turns":5},{"damage":0,"enemies":"3 Louse","floor":11,"turns":2},{"damage":0,"enemies":"2 Fungi Beasts","floor":12,"turns":2},{"damage":0,"enemies":"Lagavulin","floor":14,"turns":5},{"damage":10,"enemies":"Blue Slaver","floor":15,"turns":3},{"damage":12,"enemies":"WA_ARCHETYPE_RETAIN","floor":16,"turns":5},{"damage":0,"enemies":"Shell Parasite","floor":19,"turns":4},{"damage":11,"enemies":"Shelled Parasite and Fungi","floor":22,"turns":4},{"damage":10,"enemies":"downfall:FleeingMerchant","floor":23,"turns":4},{"damage":31,"enemies":"Book of Stabbing","floor":25,"turns":5},{"damage":25,"enemies":"downfall:FleeingMerchant","floor":26,"turns":4},{"damage":57,"enemies":"Slavers","floor":27,"turns":5},{"damage":16,"enemies":"Snecko","floor":28,"turns":4},{"damage":33,"enemies":"Centurion and Healer","floor":29,"turns":5},{"damage":20,"enemies":"3 Cultists","floor":31,"turns":5},{"damage":10,"enemies":"Snake Plant","floor":32,"turns":2},{"damage":60,"enemies":"DF_ARCHETYPE_CLAW","floor":33,"turns":8},{"damage":27,"enemies":"3 Darklings","floor":36,"turns":6},{"damage":16,"enemies":"Orb Walker","floor":37,"turns":4},{"damage":10,"enemies":"downfall:FleeingMerchant","floor":38,"turns":4},{"damage":46,"enemies":"Transient","floor":39,"turns":5},{"damage":33,"enemies":"Nemesis","floor":40,"turns":7},{"damage":10,"enemies":"Spire Growth","floor":42,"turns":5},{"damage":33,"enemies":"3 Darklings","floor":44,"turns":3},{"damage":39,"enemies":"Jaw Worm Horde","floor":45,"turns":5},{"damage":15,"enemies":"Transient","floor":49,"turns":5},{"damage":67,"enemies":"IC_BLOCK_ARCHETYPE","floor":50,"turns":11},{"damage":75,"enemies":"downfall:CharBossMerchant","floor":52,"turns":12},{"damage":71,"enemies":"downfall:NeowBoss","floor":55,"turns":21},{"damage":42,"enemies":"downfall:NeowBossFinal","floor":56,"turns":14}],"seed_played":"947485616911598339","potions_obtained":[{"floor":3,"key":"Block Potion"},{"floor":6,"key":"Ancient Potion"},{"floor":10,"key":"Fire Potion"},{"floor":12,"key":"Block Potion"},{"floor":14,"key":"bronze:BurnAndBuffPotion"},{"floor":19,"key":"EssenceOfSteel"},{"floor":27,"key":"champ:CounterPotion"},{"floor":28,"key":"Swift Potion"},{"floor":36,"key":"Strength Potion"},{"floor":39,"key":"AttackPotion"},{"floor":52,"key":"Energy Potion"}],"is_trial":false,"path_per_floor":["R","M","M","?","M","M","T","?","$","E","M","M","R","E","M","B",null,"R","M","?","?","M","$","T","E","$","E","M","M","R","M","M","B",null,"R","M","M","$","M","E","T","M","T","M","M","R","?","?","M","B",null,"E","$","R","B","B",null],"character_chosen":"THE_CHAMP","items_purchased":["champ:ShieldWall","Lee\u0027s Waffle","champ:Circumvent","Sling","champ:SpectersHand"],"campfire_rested":3,"item_purchase_floors":[9,38,38,53,53],"current_hp_per_floor":[90,90,88,88,88,71,71,65,60,41,41,41,41,41,41,39,90,90,90,90,90,89,89,89,73,73,48,47,31,72,74,74,44,106,106,84,75,117,78,60,60,62,62,43,26,64,64,64,68,19,121,68,68,104,73,46],"gold":17,"neow_bonus":"RANDOM_COLORLESS","is_daily":false,"chose_seed":false,"campfire_upgraded":3,"win_rate":0.0,"timestamp":1611535719,"path_taken":["R","M","M","?","M","M","T","?","$","E","?","M","R","E","M","BOSS","R","M","?","?","M","$","T","E","$","E","M","M","R","M","M","BOSS","R","M","M","$","M","E","T","M","?","M","M","R","?","?","M","BOSS","E","$","R","BOSS","BOSS"],"items_purchased_type":["Card","Relic","Card","Relic","Relic"],"build_version":"2020-12-22","purchased_purges":2,"victory":true,"max_hp_per_floor":[90,90,90,90,90,90,90,90,90,90,90,90,90,90,90,90,90,90,90,90,90,90,90,90,90,90,92,92,94,104,106,106,106,106,106,106,108,117,119,119,119,121,121,125,127,127,117,117,121,121,121,123,123,123,123,123],"card_choices":[{"not_picked":["Deep Breath","PanicButton"],"picked":"Dramatic Entrance","floor":0},{"not_picked":["champ:Circumvent","champ:ShieldSigil"],"picked":"champ:FlashCut","floor":2},{"not_picked":["champ:FanOfKnives","champ:GutPunch"],"picked":"champ:SwordSigil","floor":3},{"not_picked":["champ:EnGarde","champ:AdrenalArmor"],"picked":"champ:ShieldSlam","floor":5},{"not_picked":["champ:CrownThrow","champ:FanOfKnives"],"picked":"champ:Haymaker","floor":6},{"not_picked":["champ:Shatter","champ:DeathBlow"],"picked":"champ:LastStand","floor":9},{"not_picked":["champ:IronFortress","champ:FanOfKnives"],"picked":"champ:ShieldSlam","floor":10},{"not_picked":["champ:Parry","champ:GutPunch"],"picked":"champ:StanceDance","floor":11},{"not_picked":["champ:Parry","champ:AdrenalArmor"],"picked":"champ:FlashCut","floor":12},{"not_picked":["champ:FalseCounter","champ:TornadoPunch","champ:EnGarde"],"picked":"SKIP","floor":14},{"not_picked":["champ:CrownThrow","champ:FanOfKnives"],"picked":"champ:FocusedDefense","floor":15},{"not_picked":["champ:HeavySlash","champ:Devastate"],"picked":"champ:VampiricStrike","floor":16},{"not_picked":["champ:BladeFlurry","champ:FlashCut"],"picked":"champ:EnGarde","floor":19},{"not_picked":["champ:CrownThrow","champ:ShieldSigil"],"picked":"champ:PreciseThrust+1","floor":22},{"not_picked":["champ:ViciousMockery+1","champ:FlashCut"],"picked":"champ:EnragedBash+1","floor":23},{"not_picked":["champ:Shatter","champ:ShieldSigil"],"picked":"champ:EnchantShield","floor":25},{"not_picked":["champ:Duel","champ:IronFortress"],"picked":"champ:FancyFootwork","floor":26},{"not_picked":["champ:TornadoPunch","champ:Parry+1","champ:ShieldSlam+1"],"picked":"Singing Bowl","floor":27},{"not_picked":["champ:ShieldSigil+1","champ:PerfectedStrike+1"],"picked":"champ:BringItOn","floor":28},{"not_picked":["champ:SkillfulDodge","champ:Duel","champ:Haymaker"],"picked":"Singing Bowl","floor":29},{"not_picked":["champ:RapidStrikes","champ:ShieldSigil","champ:CrownThrow+1"],"picked":"Singing Bowl","floor":31},{"not_picked":["champ:TornadoPunch+1","champ:GutPunch+1"],"picked":"champ:StanceDance","floor":32},{"not_picked":["champ:LastStand","champ:TripleStrike"],"picked":"champ:Improvising","floor":33},{"not_picked":["champ:HeartStrike+1","champ:PerfectedStrike+1"],"picked":"champ:PreemptiveStrike+1","floor":36},{"not_picked":["champ:CrownThrow+1","champ:BladeFlurry+1","champ:SetATrap"],"picked":"Singing Bowl","floor":37},{"not_picked":["champ:EnragedBash","champ:SwordThrow","champ:Endure+1"],"picked":"Singing Bowl","floor":38},{"not_picked":["champ:FlashCut","champ:SetATrap","champ:ShieldWall"],"picked":"Singing Bowl","floor":39},{"not_picked":["champ:PerfectedStrike","champ:AdrenalArmor"],"picked":"champ:StrikeOfGenius","floor":40},{"not_picked":["champ:TornadoPunch","champ:PreciseThrust"],"picked":"champ:SkillfulDodge+1","floor":42},{"not_picked":["champ:ShieldSlam","champ:StanceDance+1","champ:FlashCut"],"picked":"Singing Bowl","floor":42},{"not_picked":["champ:Endure","champ:EnGarde","champ:DefensiveShout"],"picked":"Singing Bowl","floor":44},{"not_picked":["champ:ShieldThrow","champ:BerserkersShout","champ:CalledShot"],"picked":"Singing Bowl","floor":44},{"not_picked":["champ:Duel+1","champ:IronFortress+1"],"picked":"champ:RageSigil+1","floor":45},{"not_picked":["champ:Haymaker+1","champ:PerfectedStrike+1","champ:RisingSlash"],"picked":"Singing Bowl","floor":45},{"not_picked":["champ:Shatter+1","champ:ArenaPreparation","champ:Duel+1"],"picked":"Singing Bowl","floor":49},{"not_picked":["champ:ShieldSigil","champ:TornadoPunch","champ:RecklessLeap+1"],"picked":"Singing Bowl","floor":49},{"not_picked":["champ:FlashCut","champ:FanOfKnives","champ:RageSigil"],"picked":"Singing Bowl","floor":52}],"player_experience":1860286,"relics_obtained":[{"floor":7,"key":"Sundial"},{"floor":8,"key":"Odd Mushroom"},{"floor":10,"key":"Lizard Tail"},{"floor":14,"key":"Guardian:PocketSentry"},{"floor":25,"key":"Calipers"},{"floor":27,"key":"Singing Bowl"},{"floor":40,"key":"Mummified Hand"},{"floor":41,"key":"Prayer Wheel"},{"floor":43,"key":"Letter Opener"},{"floor":52,"key":"Bronze Scales"}],"event_choices":[{"damage_healed":0,"gold_gain":0,"player_choice":"Fought Mushrooms","damage_taken":0,"max_hp_gain":0,"max_hp_loss":0,"event_name":"Mushrooms","floor":8,"gold_loss":0},{"damage_healed":0,"gold_gain":0,"player_choice":"Stole Relic","damage_taken":0,"relics_obtained":["champ:DefensiveTrainingManual"],"max_hp_gain":0,"max_hp_loss":0,"event_name":"Addict","floor":20,"gold_loss":0,"cards_obtained":["Pride"]},{"cards_removed":["Pride"],"damage_healed":0,"gold_gain":0,"player_choice":"Offered Curse","damage_taken":0,"relics_obtained":["Spirit Poop"],"max_hp_gain":0,"max_hp_loss":0,"event_name":"Bonfire Elementals","floor":21,"gold_loss":0},{"cards_removed":["champ:Defend"],"damage_healed":0,"gold_gain":0,"player_choice":"Removed Skill","damage_taken":0,"max_hp_gain":0,"max_hp_loss":0,"event_name":"Falling","floor":48,"gold_loss":0}],"is_beta":false,"boss_relics":[{"not_picked":["Snecko Eye","expansioncontent:StudyCardRelic"],"picked":"Philosopher\u0027s Stone"},{"not_picked":["Sozu","Astrolabe"],"picked":"champ:PowerArmor"}],"items_purged_floors":[9,38],"is_endless":false,"potions_floor_spawned":[3,6,10,12,14,15,19,27,28,29,36,39,45,49,52],"ascension_level":2}}