{"host":"19r1ww88x2tc73i0","time":1611562161,"event":{"mods":["BaseMod","BetterRewards","Colored Map","Minty Spire (QoL Compilation)","Relic Stats","StSLib","SuperFastMode","slay the spire mod where everything is the same but ironclad has a cowboy hat"],"gold_per_floor":[112,132,152,2,22,22,55,55,55,55,84,111,111,137,137,137,137],"floor_reached":16,"language":"ENG","playtime":751,"items_purged":["Decay"],"score":208,"play_id":"92163e7d-2070-47ce-962d-f34788676db2","local_time":"25640125150921","is_ascension_mode":true,"campfire_choices":[{"data":"Riddle With Holes","floor":6,"key":"SMITH"},{"data":"Dagger Spray","floor":8,"key":"SMITH"},{"data":"Footwork","floor":13,"key":"SMITH"},{"data":"Dash","floor":15,"key":"SMITH"}],"circlet_count":0,"master_deck":["AscendersBane","Strike_G","Strike_G","Strike_G","Strike_G","Strike_G","Defend_G","Defend_G","Defend_G","Defend_G","Defend_G","Survivor","Neutralize","Riddle With Holes+1","Sucker Punch","Dagger Spray+1","Footwork+1","Blur","Leg Sweep","Wraith Form v2","Dash+1","Backflip"],"relics":["Ring of the Snake","Pocketwatch","Centennial Puzzle","CeramicFish","Ninja Scroll"],"acts_visited":["Exordium"],"potions_floor_usage":[7,16],"damage_taken":[{"damage":0,"enemies":"2 Louse","floor":1,"turns":3},{"damage":0,"enemies":"Cultist","floor":2,"turns":3},{"damage":1,"enemies":"Small Slimes","floor":3,"turns":3},{"damage":18,"enemies":"Gremlin Gang","floor":5,"turns":5},{"damage":24,"enemies":"Gremlin Nob","floor":7,"turns":4},{"damage":1,"enemies":"Exordium Thugs","floor":11,"turns":4},{"damage":1,"enemies":"3 Louse","floor":12,"turns":2},{"damage":0,"enemies":"Large Slime","floor":14,"turns":6},{"damage":14,"enemies":"Hexaghost","floor":16,"turns":16}],"seed_played":"-7135141656675308432","potions_obtained":[{"floor":2,"key":"Weak Potion"},{"floor":3,"key":"ColorlessPotion"},{"floor":5,"key":"Energy Potion"},{"floor":12,"key":"EssenceOfSteel"}],"is_trial":false,"path_per_floor":["M","M","M","$","M","R","E","R","T","?","M","M","R","M","R","B"],"character_chosen":"THE_SILENT","items_purchased":["Footwork"],"campfire_rested":0,"item_purchase_floors":[4],"current_hp_per_floor":[59,59,58,58,40,40,16,16,16,16,15,14,14,14,14,0,0],"gold":137,"neow_bonus":"ONE_RARE_RELIC","is_daily":false,"chose_seed":false,"campfire_upgraded":4,"win_rate":0.0,"timestamp":1611562161,"path_taken":["M","M","M","$","M","R","E","R","T","?","M","M","R","?","R","BOSS"],"items_purchased_type":["Card"],"build_version":"2020-12-22","purchased_purges":1,"victory":false,"max_hp_per_floor":[66,66,66,66,66,66,66,66,66,66,66,66,66,66,66,66,66],"relic_stats":{"Centennial Puzzle":[9],"counters":[9,46],"CeramicFish":27,"obtain_stats":[{"Centennial Puzzle":7,"Ninja Scroll":10,"CeramicFish":9,"Ring of the Snake":0,"Pocketwatch":0},{"Centennial Puzzle":5,"Ninja Scroll":5,"CeramicFish":5,"Ring of the Snake":0,"Pocketwatch":0},{"Centennial Puzzle":18,"Ninja Scroll":18,"CeramicFish":18,"Ring of the Snake":0,"Pocketwatch":0}],"Ring of the Snake":[18],"Pocketwatch":[85]},"card_choices":[{"not_picked":["Distraction","Well Laid Plans"],"picked":"Riddle With Holes","floor":1},{"not_picked":["Escape Plan","Cloak And Dagger"],"picked":"Sucker Punch","floor":2},{"not_picked":["Distraction","Backstab"],"picked":"Dagger Spray","floor":3},{"not_picked":["Setup","Quick Slash"],"picked":"Blur","floor":5},{"not_picked":["Eviscerate","Poisoned Stab"],"picked":"Leg Sweep","floor":7},{"not_picked":["Dodge and Roll","Acrobatics"],"picked":"Wraith Form v2","floor":11},{"not_picked":["Choke","Quick Slash"],"picked":"Dash","floor":12},{"not_picked":["Deflect","Dash"],"picked":"Backflip","floor":14}],"player_experience":945584,"relics_obtained":[{"floor":7,"key":"Centennial Puzzle"},{"floor":9,"key":"CeramicFish"}],"event_choices":[{"damage_healed":0,"gold_gain":0,"player_choice":"Gave Potion","damage_taken":0,"relics_obtained":["Ninja Scroll"],"max_hp_gain":0,"max_hp_loss":0,"event_name":"WeMeetAgain","floor":10,"gold_loss":0}],"is_beta":false,"boss_relics":[],"items_purged_floors":[4],"is_endless":false,"potions_floor_spawned":[2,3,5,12],"killed_by":"Hexaghost","ascension_level":20}}