{"host":"9ndbo4kgsfoemf7y","time":1611575540,"event":{"mods":["AchievementEnabler","BaseMod","Colored Map","DeckTracker","Keyboard Shortcuts","Minty Spire (QoL Compilation)","Permanent Neow","Quick Restart","Relic Stats","StSLib","SuperFastMode"],"gold_per_floor":[116,135,135,154,154,188,188,39,39,39,39,39],"floor_reached":11,"language":"KOR","playtime":255,"items_purged":[],"score":99,"play_id":"f7568edb-597a-445e-814b-8d1979d68116","local_time":"20210125205220","is_ascension_mode":true,"campfire_choices":[{"floor":7.0,"key":"REST"},{"data":"Zap","floor":10.0,"key":"SMITH"}],"circlet_count":0,"master_deck":["Strike_B","Defend_B","Defend_B","Defend_B","Defend_B","Zap+1","Dualcast","Capacitor","Stack","Coolheaded+1","Aggregate+1","Barrage","Buffer"],"relics":["Cracked Core","War Paint","Bag of Marbles","Tiny Chest"],"acts_visited":["Exordium"],"potions_floor_usage":[],"damage_taken":[{"damage":1.0,"enemies":"Cultist","floor":1.0,"turns":3.0},{"damage":9.0,"enemies":"Jaw Worm","floor":2.0,"turns":5.0},{"damage":0.0,"enemies":"2 Louse","floor":4.0,"turns":4.0},{"damage":35.0,"enemies":"3 Sentries","floor":6.0,"turns":12.0},{"damage":35,"enemies":"Gremlin Nob","floor":11,"turns":4}],"seed_played":"7029456447955784335","potions_obtained":[{"floor":4.0,"key":"ColorlessPotion"},{"floor":6.0,"key":"SteroidPotion"}],"is_trial":false,"path_per_floor":["M","M","?","M","T","E","R","$","T","R","E"],"character_chosen":"DEFECT","items_purchased":["Buffer"],"campfire_rested":1,"item_purchase_floors":[8],"current_hp_per_floor":[49,40,40,40,40,5,27,27,27,27,0,0],"gold":39,"neow_bonus":"REMOVE_TWO","is_daily":false,"chose_seed":false,"campfire_upgraded":1,"win_rate":0.0,"timestamp":1611575540,"path_taken":["M","?","?","M","?","E","R","$","T","R","E"],"items_purchased_type":["Card"],"build_version":"2020-12-22","purchased_purges":0,"victory":false,"max_hp_per_floor":[75,75,75,75,75,75,75,75,75,75,75,75],"relic_stats":{"counters":[5,28],"Tiny Chest":0,"War Paint":["Coolheaded","Aggregate"],"obtain_stats":[{"Tiny Chest":9,"Bag of Marbles":6,"War Paint":5,"Cracked Core":0},{"Tiny Chest":4,"Bag of Marbles":4,"War Paint":3,"Cracked Core":0},{"Tiny Chest":24,"Bag of Marbles":24,"War Paint":12,"Cracked Core":0}]},"card_choices":[{"not_picked":["Gash","Coolheaded"],"picked":"Capacitor","floor":1.0},{"not_picked":["Beam Cell","Go for the Eyes"],"picked":"Stack","floor":2.0},{"not_picked":["Gash","Leap"],"picked":"Aggregate","floor":4.0},{"not_picked":["Rainbow","Tempest"],"picked":"Barrage","floor":6.0}],"player_experience":845159,"relics_obtained":[{"floor":5.0,"key":"War Paint"},{"floor":6.0,"key":"Bag of Marbles"},{"floor":9.0,"key":"Tiny Chest"}],"event_choices":[{"damage_healed":0.0,"max_hp_gain":0.0,"max_hp_loss":0.0,"gold_gain":0.0,"cards_transformed":["Strike_B"],"event_name":"Living Wall","player_choice":"Change","floor":3.0,"gold_loss":0.0,"damage_taken":0.0,"cards_obtained":["Coolheaded"]}],"is_beta":false,"boss_relics":[],"items_purged_floors":[],"is_endless":false,"potions_floor_spawned":[4,6],"killed_by":"Gremlin Nob","ascension_level":8}}