{"host":"delta","time":1611580732,"event":{"mods":["Act Like it!","Arknights The Spire","BaseMod","Lobotomy","Minty Spire (QoL Compilation)","StSLib"],"gold_per_floor":[111,130,130,150,163,181,181,213,240,250,250,269,286,296,296,395,395,395,395],"floor_reached":18,"language":"ZHS","playtime":1559,"items_purged":[],"score":168,"play_id":"23f622cd-4940-444d-8263-aa4a1dabd89d","local_time":"20210125211852","is_ascension_mode":false,"campfire_choices":[{"data":"Burning Pact","floor":11.0,"key":"SMITH"},{"data":"Battle Trance","floor":15,"key":"SMITH"}],"circlet_count":0,"master_deck":["Strike_R","Strike_R","Strike_R","Strike_R","Defend_R","Defend_R","Defend_R","Defend_R","Bash","LaLuna","Rage","QueenBee","Shrug It Off","BlackSwan","Pommel Strike","Wellcheers","Burning Pact+1","MeatLantern","Feel No Pain","VoidDream","Double Tap","UniverseFragment","Second Wind","DreamingCurrent","Spot Weakness","PunishingBird","Battle Trance+1","Laetitia","Sever Soul","Freischutz","Offering"],"relics":["Burning Blood","CogitoBucket","Akabeko","Anchor","TreeSap","Fusion Hammer"],"acts_visited":["Exordium","TheCity"],"potions_floor_usage":[],"damage_taken":[{"damage":20.0,"enemies":"Jaw Worm","floor":1.0,"turns":4.0},{"damage":1.0,"enemies":"Small Slimes","floor":2.0,"turns":4.0},{"damage":1.0,"enemies":"Cultist","floor":4.0,"turns":3.0},{"damage":6.0,"enemies":"Looter","floor":5.0,"turns":3.0},{"damage":6.0,"enemies":"Exordium Wildlife","floor":6.0,"turns":5.0},{"damage":45.0,"enemies":"3 Sentries","floor":8.0,"turns":6.0},{"damage":0.0,"enemies":"Lots of Slimes","floor":10.0,"turns":1.0},{"damage":0.0,"enemies":"2 Fungi Beasts","floor":12.0,"turns":3.0},{"damage":5.0,"enemies":"Large Slime","floor":13.0,"turns":5.0},{"damage":16,"enemies":"Exordium Thugs","floor":14,"turns":4},{"damage":39,"enemies":"The Guardian","floor":16,"turns":14},{"damage":140,"enemies":"3 Byrds","floor":18,"turns":9}],"seed_played":"3012987740091024821","potions_obtained":[{"floor":4.0,"key":"BlessingOfTheForge"},{"floor":5.0,"key":"FearPotion"},{"floor":6.0,"key":"SkillPotion"}],"is_trial":false,"path_per_floor":["M","M","?","M","M","M","?","E","T","M","R","M","M","M","R","B",null,"M"],"character_chosen":"IRONCLAD","items_purchased":[],"campfire_rested":0,"item_purchase_floors":[],"current_hp_per_floor":[66,71,64,69,69,69,69,30,30,36,36,42,76,80,80,76,80,0,0],"gold":395,"neow_bonus":"","is_daily":false,"chose_seed":false,"campfire_upgraded":2,"win_rate":0.0,"timestamp":1611580732,"path_taken":["M","M","?","M","M","M","?","E","T","M","R","M","M","M","R","BOSS","M"],"items_purchased_type":[],"build_version":"2020-12-18","purchased_purges":0,"victory":false,"max_hp_per_floor":[80,80,80,80,80,80,80,80,80,80,80,80,80,80,80,80,80,80,80],"card_choices":[{"not_picked":["WallGazer","CrumblingArmor"],"picked":"LaLuna","floor":1.0},{"not_picked":["Clothesline","Body Slam"],"picked":"Rage","floor":1.0},{"not_picked":["LongBird","WallGazer"],"picked":"QueenBee","floor":2.0},{"not_picked":["Perfected Strike","Metallicize"],"picked":"Shrug It Off","floor":2.0},{"not_picked":["Scorched","FieryBird"],"picked":"BlackSwan","floor":4.0},{"not_picked":["Havoc","Headbutt"],"picked":"Pommel Strike","floor":4.0},{"not_picked":["Porccubus","Laetitia"],"picked":"Wellcheers","floor":5.0},{"not_picked":["Body Slam","Battle Trance"],"picked":"Burning Pact","floor":5.0},{"not_picked":["SingingMachine","PunishingBird"],"picked":"MeatLantern","floor":6.0},{"not_picked":["Shrug It Off","Armaments"],"picked":"Feel No Pain","floor":6.0},{"not_picked":["WallGazer","Murderer"],"picked":"VoidDream","floor":8.0},{"not_picked":["Perfected Strike","Armaments"],"picked":"Double Tap","floor":8.0},{"not_picked":["OldLady","Bloodbath"],"picked":"UniverseFragment","floor":10.0},{"not_picked":["Clash","Entrench"],"picked":"Second Wind","floor":10.0},{"not_picked":["FieryBird","Scorched"],"picked":"DreamingCurrent","floor":12.0},{"not_picked":["Twin Strike","Combust"],"picked":"Spot Weakness","floor":12.0},{"not_picked":["RedShoes","MHz"],"picked":"PunishingBird","floor":13.0},{"not_picked":["Rage","Ghostly Armor"],"picked":"Battle Trance","floor":13.0},{"not_picked":["ShyLook","Mercenary"],"picked":"Laetitia","floor":14},{"not_picked":["Twin Strike","Anger"],"picked":"Sever Soul","floor":14},{"not_picked":["WallGazer","DespairKnight"],"picked":"Freischutz","floor":16},{"not_picked":["Impervious","Exhume"],"picked":"Offering","floor":16}],"player_experience":323801,"relics_obtained":[{"floor":8.0,"key":"Akabeko"},{"floor":9.0,"key":"Anchor"}],"event_choices":[{"cards_removed":["Strike_R"],"damage_healed":0.0,"max_hp_gain":0.0,"max_hp_loss":0.0,"gold_gain":0.0,"event_name":"Golden Wing","player_choice":"Card Removal","floor":3.0,"gold_loss":0.0,"damage_taken":7.0},{"damage_healed":0.0,"max_hp_gain":0.0,"max_hp_loss":0.0,"gold_gain":0.0,"event_name":"NoteForYourself","player_choice":"Ignored","floor":7.0,"gold_loss":0.0,"damage_taken":0.0}],"is_beta":true,"boss_relics":[{"not_picked":["SlaversCollar","Pandora\u0027s Box"],"picked":"Fusion Hammer"}],"items_purged_floors":[],"is_endless":false,"potions_floor_spawned":[4,5,6,8,14],"killed_by":"3 Byrds","ascension_level":0}}