{"host":"uvmuduost5bzvojs","time":1611597826,"event":{"mods":["Aspiration","Bard","BaseMod","Better Match","Block Reminder","Conspire","Hermit","Highlight Path","Hubris","Infinite Spire","Jorbs\u0027s Wanderer Trilogy","Mad Scientist","Marisa????????","Mimic Mod","Minty Spire (QoL Compilation)","Potionbrewer","Replay The Spire","Robot Space Explorer","StSLib","The Blackbeard","The Construct","The Cursed","The Disciple","The Hayseed","The Hierophant","The Juggle","The Jungle","The Poker Player","The Runesmith","The Servant 0.9.4","The Spell Scribe","The Valiant","TheBandit"],"gold_per_floor":[117,127,202,152,166,166,211,67,67,86,86,86],"floor_reached":11,"language":"ENG","playtime":295,"items_purged":[],"score":73,"play_id":"70f9caa8-c59c-460a-8353-adc5959a59b0","local_time":"20210125130346","is_ascension_mode":false,"campfire_choices":[],"circlet_count":0,"master_deck":["hermit:Strike_Hermit","hermit:Strike_Hermit","hermit:Strike_Hermit","hermit:Strike_Hermit","hermit:Defend_Hermit","hermit:Defend_Hermit","hermit:Defend_Hermit","hermit:Defend_Hermit","hermit:Snapshot","hermit:Covet","hermit:Desperado","hermit:ShadowCloak+1","hermit:HoleUp","hermit:Deadeye"],"relics":["hermit:Momento","Replay:Multitool","Tiny Chest","potionbrewer:SalesContract","aspiration:ChemicalBlood"],"acts_visited":["Exordium"],"potions_floor_usage":[7],"damage_taken":[{"damage":23,"enemies":"infinitespire:Voidling","floor":1,"turns":4},{"damage":0,"enemies":"2 Louse","floor":2,"turns":1},{"damage":0,"enemies":"Small Slimes","floor":5,"turns":2},{"damage":20,"enemies":"Lagavulin","floor":7,"turns":7},{"damage":12,"enemies":"Blue Slaver","floor":10,"turns":3},{"damage":39,"enemies":"Replay:BlueRogue","floor":11,"turns":7}],"seed_played":"-5836107338211442344","potions_obtained":[{"floor":5,"key":"potionbrewer:MidasPotion"}],"is_trial":false,"path_per_floor":["M","M","?","?","M","R","E","$","T","M","E"],"character_chosen":"HERMIT","items_purchased":["potionbrewer:SalesContract"],"campfire_rested":0,"item_purchase_floors":[8],"current_hp_per_floor":[59,59,48,48,48,70,50,50,50,38,0,0],"gold":86,"neow_bonus":"ONE_RARE_RELIC","is_daily":false,"chose_seed":false,"campfire_upgraded":0,"win_rate":0.0,"timestamp":1611597826,"path_taken":["M","?","?","?","M","R","E","$","T","M","E"],"items_purchased_type":["Relic"],"build_version":"2020-12-22","purchased_purges":0,"victory":false,"max_hp_per_floor":[75,75,75,75,75,75,75,75,75,75,75,75],"card_choices":[{"not_picked":["hermit:CalledShot","hermit:Glare"],"picked":"hermit:Desperado","floor":1},{"not_picked":["hermit:Ricochet","hermit:Midnight"],"picked":"hermit:ShadowCloak","floor":2},{"not_picked":["hermit:Reprieve","hermit:Horror"],"picked":"hermit:HoleUp","floor":5},{"not_picked":["hermit:Desperado","hermit:TakeCover"],"picked":"hermit:Deadeye","floor":7},{"not_picked":["hermit:TakeCover","hermit:Coalescence","hermit:BodyArmor"],"picked":"SKIP","floor":10}],"player_experience":1793157,"relics_obtained":[{"floor":7,"key":"Tiny Chest"},{"floor":9,"key":"aspiration:ChemicalBlood"}],"event_choices":[{"damage_healed":0,"gold_gain":75,"player_choice":"Gather Gold","damage_taken":11,"max_hp_gain":0,"max_hp_loss":0,"event_name":"World of Goop","floor":3,"gold_loss":0},{"cards_removed":["TheSimpletonMod:Gnats"],"damage_healed":0,"gold_gain":0,"player_choice":"Card Removal","damage_taken":0,"max_hp_gain":0,"max_hp_loss":0,"event_name":"The Cleric","floor":4,"gold_loss":50}],"is_beta":false,"boss_relics":[],"items_purged_floors":[],"is_endless":false,"potions_floor_spawned":[5],"killed_by":"Replay:BlueRogue","ascension_level":0}}