{"host":"l84l8xigz5v5foa2","time":1611583000,"event":{"mods":["2.2 Compatiblity","AchievementEnabler","BaseMod","Better Note","Better Vampires","Card Filter","Colored Map","DeckTracker","Gremlin Skip","Highlight Path","Keyboard Shortcuts","Minty Spire (QoL Compilation)","Permanent Neow","Quick Restart","Relic Filter","Relic Stats","Shop Mod","StSLib","SuperFastMode","Transform Curses","Unknown Chances"],"gold_per_floor":[15,26,42,42,54,54,73,73,73,73,73,104,104,104,104,175,175,185,199,212,262,282,282,5,5,5,5,5,19,19,19,19,97,97,111,162,162,1161,448,448,482,482,505,505,521,140,171,186,186,186,186,186,18,51,51,51],"floor_reached":55,"language":"KOR","playtime":3152,"items_purged":["Normality","Normality"],"score":1356,"play_id":"8224daf6-bf6c-42f3-9e0b-4381e64ad606","local_time":"20210125225640","is_ascension_mode":true,"campfire_choices":[{"data":"Cloak And Dagger","floor":6.0,"key":"SMITH"},{"data":"Accuracy","floor":8.0,"key":"SMITH"},{"data":"Neutralize","floor":10.0,"key":"SMITH"},{"data":"Prepared","floor":13.0,"key":"SMITH"},{"data":"Expertise","floor":15.0,"key":"SMITH"},{"data":"Cloak And Dagger","floor":23,"key":"SMITH"},{"data":"After Image","floor":27,"key":"SMITH"},{"data":"Reflex","floor":32,"key":"SMITH"},{"data":"Bandage Up","floor":40,"key":"SMITH"},{"data":"Acrobatics","floor":42,"key":"SMITH"},{"floor":49,"key":"RECALL"},{"data":"Well Laid Plans","floor":52,"key":"SMITH"}],"circlet_count":0,"master_deck":["AscendersBane","Strike_G","Strike_G","Defend_G","Defend_G","Defend_G","Defend_G","Survivor","Neutralize+1","Venomology","Expertise+1","Cloak And Dagger+1","Backflip","PiercingWail","Accuracy+1","Prepared+1","After Image+1","Reflex+1","Backflip","Cloak And Dagger+1","Escape Plan","Prepared","RitualDagger","Dagger Throw","Tools of the Trade","Prepared+1","Blur","Bandage Up+1","Acrobatics+1","Deflect+1","Tactician","Panache","Blur","Well Laid Plans+1","Panache"],"relics":["Ring of the Snake","Lizard Tail","Pantograph","Coffee Dripper","Ornamental Fan","Mercury Hourglass","Pear","Philosopher\u0027s Stone","Ginger","Tingsha","Matryoshka","Toy Ornithopter","Bag of Preparation","Bottled Flame","TungstenRod"],"acts_visited":["Exordium","TheCity","TheBeyond","TheEnding"],"potions_floor_usage":[19,20,20,22,29,29,33,33,36,36,41,41,41,47,48,50,55,55,55],"damage_taken":[{"damage":7.0,"enemies":"Small Slimes","floor":1.0,"turns":4.0},{"damage":0.0,"enemies":"Jaw Worm","floor":2.0,"turns":7.0},{"damage":1.0,"enemies":"Cultist","floor":3.0,"turns":5.0},{"damage":0.0,"enemies":"Blue Slaver","floor":5.0,"turns":6.0},{"damage":3.0,"enemies":"Large Slime","floor":7.0,"turns":7.0},{"damage":26.0,"enemies":"Gremlin Nob","floor":12.0,"turns":4.0},{"damage":58.0,"enemies":"Slime Boss","floor":16.0,"turns":22.0},{"damage":3.0,"enemies":"Spheric Guardian","floor":18.0,"turns":4.0},{"damage":10,"enemies":"3 Byrds","floor":19,"turns":7},{"damage":13,"enemies":"Centurion and Healer","floor":20,"turns":6},{"damage":14,"enemies":"Sentry and Sphere","floor":22,"turns":7},{"damage":5,"enemies":"Snecko","floor":29,"turns":7},{"damage":43,"enemies":"Automaton","floor":33,"turns":15},{"damage":1,"enemies":"3 Darklings","floor":35,"turns":6},{"damage":14,"enemies":"2 Orb Walkers","floor":36,"turns":6},{"damage":10,"enemies":"Reptomancer","floor":41,"turns":6},{"damage":0,"enemies":"3 Shapes","floor":45,"turns":4},{"damage":0,"enemies":"Nemesis","floor":47,"turns":13},{"damage":0,"enemies":"3 Darklings","floor":48,"turns":3},{"damage":0,"enemies":"Awakened One","floor":50,"turns":10},{"damage":19,"enemies":"Shield and Spear","floor":54,"turns":6},{"damage":93,"enemies":"The Heart","floor":55,"turns":9}],"seed_played":"-749980354263257148","potions_obtained":[{"floor":2.0,"key":"Fruit Juice"},{"floor":3.0,"key":"Swift Potion"},{"floor":12.0,"key":"SneckoOil"},{"floor":16.0,"key":"Energy Potion"},{"floor":18.0,"key":"FearPotion"},{"floor":22,"key":"SneckoOil"},{"floor":35,"key":"Block Potion"},{"floor":36,"key":"AttackPotion"},{"floor":48,"key":"GamblersBrew"}],"is_trial":false,"path_per_floor":["M","M","M","?","M","R","M","R","T","R","?","E","R","?","R","B",null,"M","M","M","?","M","R","$","T","T","R","?","M","?","$","R","B",null,"M","?","?","?","$","R","E","R","T","?","M","$","E","M","R","B",null,"R","$","E","B"],"character_chosen":"THE_SILENT","items_purchased":["Ornamental Fan","Prepared","Tingsha","Matryoshka","Bandage Up","Tactician","Panache","Blur","Panache"],"campfire_rested":0,"item_purchase_floors":[24,24,39,39,39,46,46,46,53],"current_hp_per_floor":[52,57,56,56,56,56,53,53,53,53,46,20,20,20,20,29,61,58,48,35,35,21,21,21,21,31,31,25,20,20,20,20,2,61,60,46,46,46,46,46,42,42,42,42,48,48,59,70,70,81,81,81,81,68,0,0],"gold":51,"neow_bonus":"TRANSFORM_TWO_CARDS","is_daily":false,"chose_seed":false,"campfire_upgraded":11,"win_rate":0.0,"timestamp":1611583000,"path_taken":["M","M","M","?","M","R","M","R","T","R","?","E","R","?","R","BOSS","M","M","M","?","M","R","$","?","T","R","?","M","?","?","R","BOSS","M","?","?","?","$","R","E","R","T","?","M","?","E","M","R","BOSS","R","$","E","BOSS"],"items_purchased_type":["Relic","Card","Relic","Relic","Card","Card","Card","Card","Card"],"build_version":"2020-12-22","purchased_purges":2,"victory":false,"max_hp_per_floor":[66,71,71,71,71,71,71,71,71,71,71,71,71,71,71,71,71,71,71,71,71,71,71,71,71,81,81,81,81,81,81,81,81,81,81,81,81,81,81,81,81,81,81,81,81,81,81,81,81,81,81,81,81,81,81,81],"relic_stats":{"Lizard Tail":35,"counters":[22,164],"Ornamental Fan":[244],"Pantograph":74,"Tingsha":[558],"Bag of Preparation":[12],"Ginger":[3],"obtain_stats":[{"Pear":26,"Tingsha":39,"Bag of Preparation":43,"Ginger":36,"Mercury Hourglass":25,"Lizard Tail":9,"Bottled Flame":47,"Matryoshka":39,"Ornamental Fan":24,"Pantograph":12,"Philosopher\u0027s Stone":34,"Coffee Dripper":17,"Toy Ornithopter":41,"TungstenRod":54,"Ring of the Snake":0},{"Pear":11,"Tingsha":15,"Bag of Preparation":16,"Ginger":15,"Mercury Hourglass":11,"Lizard Tail":5,"Bottled Flame":18,"Matryoshka":15,"Ornamental Fan":11,"Pantograph":6,"Philosopher\u0027s Stone":13,"Coffee Dripper":7,"Toy Ornithopter":16,"TungstenRod":21,"Ring of the Snake":0},{"Pear":79,"Tingsha":113,"Bag of Preparation":119,"Ginger":113,"Mercury Hourglass":79,"Lizard Tail":29,"Bottled Flame":136,"Matryoshka":113,"Ornamental Fan":79,"Pantograph":33,"Philosopher\u0027s Stone":101,"Coffee Dripper":55,"Toy Ornithopter":119,"TungstenRod":155,"Ring of the Snake":0}],"Toy Ornithopter":15,"TungstenRod":22,"Ring of the Snake":[44],"Mercury Hourglass":[321]},"card_choices":[{"not_picked":["Leg Sweep","Poisoned Stab"],"picked":"Cloak And Dagger","floor":1.0},{"not_picked":["Dagger Spray","Deadly Poison"],"picked":"Backflip","floor":2.0},{"not_picked":["Crippling Poison","Riddle With Holes","Slice"],"picked":"SKIP","floor":3.0},{"not_picked":["Bouncing Flask","Terror"],"picked":"PiercingWail","floor":5.0},{"not_picked":["Poisoned Stab","Prepared"],"picked":"Accuracy","floor":7.0},{"not_picked":["Choke","Crippling Poison"],"picked":"Prepared","floor":12.0},{"not_picked":["Burst","A Thousand Cuts"],"picked":"After Image","floor":16.0},{"not_picked":["Setup","Blur"],"picked":"Reflex","floor":18.0},{"not_picked":["Slice","PiercingWail+1"],"picked":"Backflip","floor":19},{"not_picked":["Dagger Throw","Deadly Poison"],"picked":"Cloak And Dagger","floor":20},{"not_picked":["Dodge and Roll","Dagger Spray"],"picked":"Escape Plan","floor":22},{"not_picked":["Bouncing Flask","Eviscerate"],"picked":"Dagger Throw","floor":29},{"not_picked":["Wraith Form v2","Die Die Die"],"picked":"Tools of the Trade","floor":33},{"not_picked":["Flying Knee","Quick Slash"],"picked":"Prepared+1","floor":35},{"not_picked":["Dodge and Roll+1","Quick Slash"],"picked":"Blur","floor":36},{"not_picked":["Prepared","Wraith Form v2"],"picked":"Acrobatics","floor":41},{"not_picked":["Acrobatics+1","Prepared+1"],"picked":"Deflect+1","floor":45},{"not_picked":["Bouncing Flask","Deadly Poison","Dodge and Roll"],"picked":"SKIP","floor":47},{"not_picked":["Riddle With Holes","Dash"],"picked":"Well Laid Plans","floor":48},{"not_picked":["Acrobatics","Dagger Spray","Envenom"],"picked":"SKIP","floor":54}],"player_experience":1452220,"relics_obtained":[{"floor":9.0,"key":"Lizard Tail"},{"floor":12.0,"key":"Pantograph"},{"floor":25,"key":"Mercury Hourglass"},{"floor":26,"key":"Pear"},{"floor":36,"key":"Ginger"},{"floor":41,"key":"Toy Ornithopter"},{"floor":43,"key":"Bag of Preparation"},{"floor":47,"key":"Bottled Flame"},{"floor":54,"key":"TungstenRod"}],"event_choices":[{"damage_healed":0.0,"max_hp_gain":0.0,"max_hp_loss":0.0,"gold_gain":0.0,"event_name":"Liars Game","player_choice":"Ignored","floor":4.0,"gold_loss":0.0,"damage_taken":0.0},{"cards_removed":["Strike_G"],"damage_healed":0.0,"max_hp_gain":0.0,"max_hp_loss":0.0,"gold_gain":0.0,"event_name":"Golden Wing","player_choice":"Card Removal","floor":11.0,"gold_loss":0.0,"damage_taken":7.0},{"damage_healed":0.0,"max_hp_gain":0.0,"max_hp_loss":0.0,"gold_gain":0.0,"event_name":"Shining Light","player_choice":"Ignored","floor":14.0,"gold_loss":0.0,"damage_taken":0.0},{"damage_healed":0,"gold_gain":50,"player_choice":"Pray","damage_taken":0,"max_hp_gain":0,"max_hp_loss":0,"event_name":"Golden Shrine","floor":21,"gold_loss":0},{"damage_healed":0,"gold_gain":0,"player_choice":"Joined the Cult","damage_taken":6,"max_hp_gain":0,"max_hp_loss":0,"event_name":"Nest","floor":28,"gold_loss":0,"cards_obtained":["RitualDagger"]},{"damage_healed":0,"gold_gain":0,"player_choice":"Fight","damage_taken":0,"max_hp_gain":0,"max_hp_loss":0,"event_name":"Mysterious Sphere","floor":36,"gold_loss":0},{"damage_healed":0,"gold_gain":0,"player_choice":"Ignored","damage_taken":0,"max_hp_gain":0,"max_hp_loss":0,"event_name":"Tomb of Lord Red Mask","floor":37,"gold_loss":0},{"damage_healed":0,"gold_gain":999,"player_choice":"Gold","damage_taken":0,"max_hp_gain":0,"max_hp_loss":0,"event_name":"MindBloom","floor":38,"gold_loss":0,"cards_obtained":["Normality","Normality"]},{"cards_removed":["Strike_G"],"damage_healed":0,"gold_gain":0,"player_choice":"Removed Attack","damage_taken":0,"max_hp_gain":0,"max_hp_loss":0,"event_name":"Falling","floor":44,"gold_loss":0}],"is_beta":false,"boss_relics":[{"not_picked":["SacredBark","Busted Crown"],"picked":"Coffee Dripper"},{"not_picked":["Astrolabe","Velvet Choker"],"picked":"Philosopher\u0027s Stone"}],"items_purged_floors":[39,46],"is_endless":false,"potions_floor_spawned":[2,3,12,16,18,19,22,35,36,48],"killed_by":"The Heart","ascension_level":15}}