{"host":"f5gffvlv6a66yqkd","time":1611568259,"event":{"mods":["2.2 Compatiblity","BaseMod","Colored Map","Custom Start","DeckTracker","Keyboard Shortcuts","Minty Spire (QoL Compilation)","Permanent Neow","Quick Restart","Relic Stats","StSLib","SuperFastMode"],"gold_per_floor":[118,130,150,167,179,179,179,179,179,179,189,223,223,40,40,112,112,84,84,34,34,34,34],"floor_reached":22,"language":"KOR","playtime":507,"items_purged":["Decay"],"score":368,"play_id":"1aef0662-7f7b-4ab2-8e7a-37c08d00f9ee","local_time":"20210125185059","is_ascension_mode":true,"campfire_choices":[{"data":"Blade Dance","floor":6.0,"key":"SMITH"},{"floor":10.0,"key":"REST"},{"floor":13.0,"key":"REST"},{"data":"Burst","floor":15.0,"key":"SMITH"}],"circlet_count":0,"master_deck":["AscendersBane","Strike_G","Strike_G","Strike_G","Strike_G+1","Strike_G+1","Defend_G","Defend_G","Defend_G","Defend_G","Defend_G","Survivor","Neutralize+1","Poisoned Stab+1","Flying Knee","Blade Dance+1","Prepared","Burst+1","Tactician+1","Die Die Die","Escape Plan"],"relics":["Ring of the Snake","PreservedInsect","Smiling Mask","Whetstone","SacredBark"],"acts_visited":["Exordium","TheCity"],"potions_floor_usage":[16],"damage_taken":[{"damage":10.0,"enemies":"Jaw Worm","floor":1.0,"turns":6.0},{"damage":0.0,"enemies":"Cultist","floor":2.0,"turns":4.0},{"damage":0.0,"enemies":"2 Louse","floor":3.0,"turns":3.0},{"damage":8.0,"enemies":"Large Slime","floor":4.0,"turns":7.0},{"damage":10.0,"enemies":"Lots of Slimes","floor":5.0,"turns":5.0},{"damage":14.0,"enemies":"3 Louse","floor":11.0,"turns":4.0},{"damage":15.0,"enemies":"Lagavulin","floor":12.0,"turns":4.0},{"damage":15,"enemies":"Slime Boss","floor":16,"turns":8},{"damage":15,"enemies":"2 Thieves","floor":18,"turns":4},{"damage":40,"enemies":"Spheric Guardian","floor":22,"turns":6}],"seed_played":"-9014309968594243872","potions_obtained":[{"floor":2.0,"key":"SkillPotion"},{"floor":3.0,"key":"Poison Potion"},{"floor":11.0,"key":"CultistPotion"}],"is_trial":false,"path_per_floor":["M","M","M","M","M","R","?","?","T","R","M","E","R","$","R","B",null,"M","?","?","$","M"],"character_chosen":"THE_SILENT","items_purchased":["Tactician","Strength Potion"],"campfire_rested":2,"item_purchase_floors":[14,14],"current_hp_per_floor":[49,49,49,41,31,31,11,11,11,30,16,1,20,20,20,5,51,36,36,36,36,0,0],"gold":34,"neow_bonus":"RANDOM_COMMON_RELIC","is_daily":false,"chose_seed":false,"campfire_upgraded":2,"win_rate":0.0,"timestamp":1611568259,"path_taken":["M","M","M","M","M","R","?","?","T","R","?","E","R","$","R","BOSS","M","?","?","$","M"],"items_purchased_type":["Card","Potion"],"build_version":"2020-12-22","purchased_purges":1,"victory":false,"max_hp_per_floor":[66,66,66,66,66,66,66,66,66,66,66,66,66,66,66,66,66,66,66,66,66,66,66],"relic_stats":{"counters":[10,51],"PreservedInsect":28,"Whetstone":["Neutralize","Strike_G"],"Smiling Mask":25,"obtain_stats":[{"SacredBark":17,"PreservedInsect":0,"Whetstone":12,"Smiling Mask":9,"Ring of the Snake":0},{"SacredBark":8,"PreservedInsect":0,"Whetstone":7,"Smiling Mask":5,"Ring of the Snake":0},{"SacredBark":41,"PreservedInsect":0,"Whetstone":33,"Smiling Mask":25,"Ring of the Snake":0}],"Ring of the Snake":[20]},"card_choices":[{"not_picked":["Footwork","Quick Slash"],"picked":"Poisoned Stab","floor":1.0},{"not_picked":["Deflect","Underhanded Strike"],"picked":"Flying Knee","floor":2.0},{"not_picked":["Expertise","Slice","Eviscerate"],"picked":"SKIP","floor":3.0},{"not_picked":["Acrobatics","Sucker Punch","Backflip"],"picked":"SKIP","floor":4.0},{"not_picked":["Expertise","Endless Agony"],"picked":"Blade Dance","floor":5.0},{"not_picked":["Crippling Poison","Prepared","Deflect"],"picked":"SKIP","floor":11.0},{"not_picked":["Crippling Poison","Deflect"],"picked":"Prepared","floor":11.0},{"not_picked":["Cloak And Dagger","Masterful Stab"],"picked":"Burst","floor":12.0},{"not_picked":["Wraith Form v2","Glass Knife"],"picked":"Die Die Die","floor":16},{"not_picked":["Sucker Punch+1","Dagger Spray"],"picked":"Escape Plan","floor":18}],"player_experience":1612901,"relics_obtained":[{"floor":9.0,"key":"Smiling Mask"},{"floor":12.0,"key":"Whetstone"}],"event_choices":[{"damage_healed":0.0,"max_hp_gain":0.0,"max_hp_loss":0.0,"gold_gain":0.0,"event_name":"Shining Light","player_choice":"Entered Light","floor":7.0,"gold_loss":0.0,"damage_taken":20.0,"cards_upgraded":["Strike_G","Poisoned Stab"]},{"damage_healed":0.0,"max_hp_gain":0.0,"max_hp_loss":0.0,"gold_gain":0.0,"event_name":"Wheel of Change","player_choice":"Cursed","floor":8.0,"gold_loss":0.0,"damage_taken":0.0,"cards_obtained":["Decay"]},{"damage_healed":0,"gold_gain":0,"player_choice":"Upgrade","damage_taken":0,"max_hp_gain":0,"max_hp_loss":0,"event_name":"Designer","floor":20,"gold_loss":50,"cards_upgraded":["Tactician"]}],"is_beta":false,"boss_relics":[{"not_picked":["SlaversCollar","Coffee Dripper"],"picked":"SacredBark"}],"items_purged_floors":[14],"is_endless":false,"potions_floor_spawned":[2,3,11],"killed_by":"Spheric Guardian","ascension_level":20}}