{"host":"04hh9gplt9wkfmr1","time":1611594270,"event":{"mods":["AchievementEnabler","BaseMod","Colored Map","KOR Keyword Fix","Minty Spire (QoL Compilation)","Rare Cards Sparkle","SuperFastMode"],"gold_per_floor":[118,137,312,332,344,344,373,373,373,373,373,373,386,419,419,515,515,534,449,25,475,487,487,514,514,541,573,573,587,614,614,614,716,716,730,730,730,730,458,458,508,528,528,528,87,103,116,145,145,145],"floor_reached":51,"language":"KOR","playtime":1528,"items_purged":["Doubt","Strike_G","Strike_G"],"score":1377,"play_id":"86d7a988-70db-41af-b866-315fc054153f","local_time":"20210126020430","is_ascension_mode":true,"campfire_choices":[{"floor":6.0,"key":"REST"},{"data":"Corpse Explosion","floor":8.0,"key":"SMITH"},{"floor":10.0,"key":"REST"},{"data":"Venomology","floor":12.0,"key":"SMITH"},{"data":"Burst","floor":15.0,"key":"SMITH"},{"floor":23.0,"key":"REST"},{"floor":25.0,"key":"REST"},{"data":"Wraith Form v2","floor":28.0,"key":"SMITH"},{"floor":32.0,"key":"DIG"},{"floor":40.0,"key":"DIG"},{"data":"Wraith Form v2","floor":44.0,"key":"SMITH"},{"floor":49.0,"key":"DIG"}],"circlet_count":0,"master_deck":["Strike_G","Strike_G","Defend_G","Defend_G","Defend_G","Defend_G","Defend_G","Survivor","Neutralize","Corpse Explosion+1","Deadly Poison","Poisoned Stab","Poisoned Stab","Escape Plan","Flash of Steel","Neutralize","Venomology+1","Poisoned Stab","Burst+1","Wraith Form v2+1","Envenom","Deadly Poison","Bane+1","Footwork+1","Bouncing Flask","Ghostly","Ghostly","Ghostly","Ghostly","Ghostly","Wraith Form v2+1","The Bomb","Panacea","Magnetism","Ghostly Armor+1","Panacea","Bandage Up+1"],"relics":["Ring of the Snake","Odd Mushroom","Pear","Molten Egg 2","Velvet Choker","Ancient Tea Set","Membership Card","PreservedInsect","Orichalcum","Ninja Scroll","Juzu Bracelet","Nunchaku","Shovel","Bag of Marbles","SlaversCollar","Gambling Chip","PrismaticShard","Happy Flower","Bird Faced Urn","Vajra","Mummified Hand","Mercury Hourglass","TheAbacus","Bag of Preparation","Oddly Smooth Stone"],"acts_visited":["Exordium","TheCity","TheBeyond"],"potions_floor_usage":[50],"damage_taken":[{"damage":11.0,"enemies":"Jaw Worm","floor":1.0,"turns":4.0},{"damage":12.0,"enemies":"Small Slimes","floor":2.0,"turns":3.0},{"damage":8.0,"enemies":"2 Louse","floor":4.0,"turns":3.0},{"damage":16.0,"enemies":"Exordium Thugs","floor":5.0,"turns":4.0},{"damage":0.0,"enemies":"The Mushroom Lair","floor":7.0,"turns":2.0},{"damage":6.0,"enemies":"3 Louse","floor":13.0,"turns":2.0},{"damage":3.0,"enemies":"Lagavulin","floor":14.0,"turns":6.0},{"damage":31.0,"enemies":"Slime Boss","floor":16.0,"turns":6.0},{"damage":11.0,"enemies":"Shell Parasite","floor":18.0,"turns":6.0},{"damage":6.0,"enemies":"Spheric Guardian","floor":22.0,"turns":5.0},{"damage":16.0,"enemies":"Book of Stabbing","floor":24.0,"turns":4.0},{"damage":0.0,"enemies":"Slavers","floor":27.0,"turns":1.0},{"damage":0.0,"enemies":"Snecko","floor":29.0,"turns":4.0},{"damage":0.0,"enemies":"Book of Stabbing","floor":30.0,"turns":5.0},{"damage":0.0,"enemies":"Collector","floor":33.0,"turns":11.0},{"damage":0.0,"enemies":"3 Shapes","floor":35.0,"turns":5.0},{"damage":0.0,"enemies":"2 Orb Walkers","floor":41.0,"turns":7.0},{"damage":0.0,"enemies":"3 Darklings","floor":42.0,"turns":4.0},{"damage":0.0,"enemies":"Transient","floor":46.0,"turns":5.0},{"damage":0.0,"enemies":"Spire Growth","floor":47.0,"turns":7.0},{"damage":0.0,"enemies":"Reptomancer","floor":48.0,"turns":8.0},{"damage":27,"enemies":"Awakened One","floor":50,"turns":15}],"seed_played":"3458567247196778603","potions_obtained":[{"floor":5.0,"key":"AttackPotion"},{"floor":7.0,"key":"DistilledChaos"},{"floor":29.0,"key":"PowerPotion"},{"floor":30.0,"key":"Weak Potion"}],"is_trial":false,"path_per_floor":["M","M","?","M","M","R","?","R","T","R","?","R","M","E","R","B",null,"M","?","$","?","M","R","E","R","T","E","R","M","E","?","R","B",null,"M","?","?","?","$","R","?","M","T","R","$","M","M","E","R","B",null],"character_chosen":"THE_SILENT","items_purchased":["Membership Card","Envenom","Deadly Poison","PreservedInsect","Orichalcum","Gambling Chip","PrismaticShard","Mummified Hand","Mercury Hourglass","TheAbacus","Panacea"],"campfire_rested":4,"item_purchase_floors":[20,20,20,20,20,39,39,45,45,45,45],"current_hp_per_floor":[52,40,40,32,16,37,37,37,47,71,71,71,65,62,62,31,68,57,57,57,11,5,29,13,37,37,37,37,37,37,37,37,37,39,39,29,29,29,29,29,29,33,33,33,33,39,40,40,40,23],"gold":145,"neow_bonus":"ONE_RANDOM_RARE_CARD","is_daily":false,"chose_seed":false,"campfire_upgraded":5,"win_rate":0.0,"timestamp":1611594270,"path_taken":["M","M","?","M","M","R","?","R","T","R","?","R","M","E","R","BOSS","BOSS","M","?","$","?","M","R","E","R","T","E","R","M","E","?","R","BOSS","M","?","?","?","$","R","?","M","T","R","$","M","M","E","R","BOSS"],"items_purchased_type":["Relic","Card","Card","Relic","Relic","Relic","Relic","Relic","Relic","Relic","Card"],"build_version":"2020-12-22","purchased_purges":3,"victory":true,"max_hp_per_floor":[70,70,70,70,70,70,70,70,80,80,80,80,80,80,80,80,80,80,80,80,80,80,80,80,80,80,80,80,80,80,40,40,40,40,40,40,40,40,40,40,40,40,40,40,40,40,40,40,40,40],"card_choices":[{"not_picked":["Cloak And Dagger","Dodge and Roll"],"picked":"Deadly Poison","floor":1.0},{"not_picked":["Concentrate","Blur"],"picked":"Poisoned Stab","floor":2.0},{"not_picked":["Distraction","Flechettes"],"picked":"Poisoned Stab","floor":4.0},{"not_picked":["Dagger Throw","Sucker Punch"],"picked":"Escape Plan","floor":5.0},{"not_picked":["Bane","Flying Knee"],"picked":"Poisoned Stab","floor":13.0},{"not_picked":["Calculated Gamble","Acrobatics"],"picked":"Burst","floor":14.0},{"not_picked":["After Image","Bullet Time"],"picked":"Wraith Form v2","floor":16.0},{"not_picked":["Finisher+1","Slice+1","Dagger Spray+1"],"picked":"SKIP","floor":18.0},{"not_picked":["Finisher+1","Prepared","Dodge and Roll"],"picked":"SKIP","floor":22.0},{"not_picked":["Quick Slash+1","Backflip"],"picked":"Bane+1","floor":24.0},{"not_picked":["Flechettes+1","Flying Knee+1"],"picked":"Footwork+1","floor":27.0},{"not_picked":["PiercingWail","Bane+1"],"picked":"Bouncing Flask","floor":29.0},{"not_picked":["Prepared","Heel Hook+1","Glass Knife+1"],"picked":"SKIP","floor":30.0},{"not_picked":["Bullet Time","Malaise"],"picked":"Wraith Form v2","floor":33.0},{"not_picked":["Outmaneuver","Accuracy","Blade Dance"],"picked":"SKIP","floor":35.0},{"not_picked":["PanicButton","Magnetism"],"picked":"The Bomb","floor":36.0},{"not_picked":["Blind","Trip"],"picked":"Panacea","floor":36.0},{"not_picked":["Thinking Ahead","Mayhem"],"picked":"Magnetism","floor":36.0},{"not_picked":["Weave+1","Rebound+1"],"picked":"Ghostly Armor+1","floor":42.0},{"not_picked":["Flash of Steel+1","Prepared+1","Indignation+1"],"picked":"SKIP","floor":46.0},{"not_picked":["FlyingSleeves+1","Redo+1","Sword Boomerang+1"],"picked":"SKIP","floor":47.0},{"not_picked":["Reaper+1","Tempest+1"],"picked":"Bandage Up+1","floor":48.0}],"player_experience":80958,"relics_obtained":[{"floor":7.0,"key":"Odd Mushroom"},{"floor":9.0,"key":"Pear"},{"floor":14.0,"key":"Molten Egg 2"},{"floor":24.0,"key":"Ninja Scroll"},{"floor":26.0,"key":"Juzu Bracelet"},{"floor":27.0,"key":"Nunchaku"},{"floor":30.0,"key":"Shovel"},{"floor":32.0,"key":"Bag of Marbles"},{"floor":40.0,"key":"Happy Flower"},{"floor":41.0,"key":"Bird Faced Urn"},{"floor":43.0,"key":"Vajra"},{"floor":48.0,"key":"Bag of Preparation"},{"floor":49.0,"key":"Oddly Smooth Stone"}],"event_choices":[{"damage_healed":0.0,"max_hp_gain":0.0,"max_hp_loss":0.0,"gold_gain":175.0,"event_name":"Liars Game","player_choice":"AGREE","floor":3.0,"gold_loss":0.0,"damage_taken":0.0,"cards_obtained":["Doubt"]},{"damage_healed":0.0,"max_hp_gain":0.0,"max_hp_loss":0.0,"gold_gain":0.0,"event_name":"Mushrooms","player_choice":"Fought Mushrooms","floor":7.0,"gold_loss":0.0,"damage_taken":0.0},{"damage_healed":0.0,"max_hp_gain":0.0,"max_hp_loss":0.0,"gold_gain":0.0,"event_name":"Match and Keep!","player_choice":"3 cards matched","floor":11.0,"gold_loss":0.0,"damage_taken":0.0,"cards_obtained":["Flash of Steel","Neutralize","Venomology"]},{"damage_healed":0.0,"max_hp_gain":0.0,"max_hp_loss":0.0,"gold_gain":0.0,"event_name":"Addict","player_choice":"Obtained Relic","floor":19.0,"gold_loss":85.0,"damage_taken":0.0,"relics_obtained":["Ancient Tea Set"]},{"damage_healed":0.0,"max_hp_gain":0.0,"max_hp_loss":0.0,"gold_gain":450.0,"event_name":"Knowing Skull","player_choice":"GOLD GOLD GOLD GOLD GOLD ","floor":21.0,"potions_obtained":[],"gold_loss":0.0,"damage_taken":46.0,"cards_obtained":[]},{"damage_healed":0.0,"max_hp_gain":0.0,"max_hp_loss":40.0,"gold_gain":0.0,"event_name":"Ghosts","player_choice":"Became a Ghost","floor":31.0,"gold_loss":0.0,"damage_taken":0.0,"cards_obtained":["Ghostly","Ghostly","Ghostly","Ghostly","Ghostly"]},{"damage_healed":0.0,"max_hp_gain":0.0,"max_hp_loss":0.0,"gold_gain":0.0,"event_name":"SensoryStone","player_choice":"Memory 3","floor":36.0,"gold_loss":0.0,"damage_taken":10.0},{"damage_healed":0.0,"max_hp_gain":0.0,"max_hp_loss":0.0,"gold_gain":0.0,"event_name":"Lab","player_choice":"Got Potions","floor":37.0,"gold_loss":0.0,"damage_taken":0.0},{"cards_removed":["Strike_G"],"damage_healed":0.0,"max_hp_gain":0.0,"max_hp_loss":0.0,"gold_gain":0.0,"event_name":"Bonfire Elementals","player_choice":"Offered Basic","floor":38.0,"gold_loss":0.0,"damage_taken":0.0},{"damage_healed":0.0,"max_hp_gain":0.0,"max_hp_loss":0.0,"gold_gain":0.0,"event_name":"Mysterious Sphere","player_choice":"Fight","floor":41.0,"gold_loss":0.0,"damage_taken":0.0}],"is_beta":false,"boss_relics":[{"not_picked":["Runic Dome","Busted Crown"],"picked":"Velvet Choker"},{"not_picked":["Coffee Dripper","Philosopher\u0027s Stone"],"picked":"SlaversCollar"}],"items_purged_floors":[20,39,45],"is_endless":false,"potions_floor_spawned":[5,7,13,27,29,30,46,47],"ascension_level":9}}