{"host":"f92cxfnb1r2wg3zj","time":1611588278,"event":{"mods":["AchievementEnabler","BaseMod","Better Skull","Challenge The Spire","Downfall","Minty Spire (QoL Compilation)","Replay The Spire","Spicy Shops","StSLib"],"gold_per_floor":[232,7,41,67,98,98,98,20,51,86,112,112,112,31,62,96,132,169],"floor_reached":19,"language":"ENG","playtime":1091,"items_purged":["Strike_G","Strike_G","Strike_G"],"score":545,"play_id":"1dd33444-d5f8-4593-9a8b-3cc4be416f07","local_time":"20210126015438","daily_mods":["challengethespire:Bronze Difficulty","challengethespire:Modded Elite Rush","Uncertain Future"],"is_ascension_mode":false,"campfire_choices":[{"data":"Unload","floor":7,"key":"SMITH"},{"floor":13,"key":"REST"}],"circlet_count":0,"master_deck":["Defend_G","Defend_G","Defend_G","Defend_G","Defend_G","Survivor","Neutralize","ReplayTheSpireMod:Scrap Shanks","ReplayTheSpireMod:Scrap Shanks","Hidden Blade","Unload+1","Prepared","Cloak And Dagger","ReplayTheSpireMod:Speed Training","Storm of Steel","ReplayTheSpireMod:Scrap Shanks","A Thousand Cuts","Prepared+1","Finisher","ReplayTheSpireMod:Shiv Toss+1"],"relics":["Ring of the Snake","Black Star","Sling","PreservedInsect","Paper Crane","Torii","DollysMirror","HandDrill","Onion Ring","Guardian:PocketSentry","Replay:Ringing Soul","Divine Protection","ReplayTheSpireMod:Shallot","HornCleat","Empty Cage","ClockworkSouvenir","Ninja Scroll","Blood Vial","ReplayTheSpireMod:Lightbulb","Replay:Arrowhead","Bronze Scales","Pen Nib","Fusion Hammer","hexamod:BolsterEngine","Regal Pillow","Garlic","Toxic Egg 2","Boot","CeramicFish","Oddly Smooth Stone","Guardian:GemstoneGun"],"acts_visited":["Exordium"],"potions_floor_usage":[9,18],"damage_taken":[{"damage":9,"enemies":"3 Sentries","floor":3,"turns":6},{"damage":1,"enemies":"Replay:BlueRogue","floor":4,"turns":2},{"damage":0,"enemies":"Gremlin Nob","floor":5,"turns":1},{"damage":0,"enemies":"Replay:Snechameleon","floor":9,"turns":2},{"damage":0,"enemies":"Book of Stabbing","floor":10,"turns":1},{"damage":0,"enemies":"Slavers","floor":11,"turns":2},{"damage":0,"enemies":"Reptomancer","floor":15,"turns":2},{"damage":0,"enemies":"Nemesis","floor":16,"turns":3},{"damage":0,"enemies":"Giant Head","floor":17,"turns":3},{"damage":0,"enemies":"Shield and Spear","floor":18,"turns":3}],"seed_played":"8631640879432167177","potions_obtained":[{"floor":3,"key":"Strength Potion"},{"floor":5,"key":"Flashbang"},{"floor":9,"key":"Swift Potion"},{"floor":11,"key":"bronze:BurnAndBuffPotion"}],"is_trial":true,"path_per_floor":["$","$","E","E","E","T","R","$","E","E","E","T","R","$","E","E","E","E",null],"character_chosen":"THE_SILENT","items_purchased":["Paper Crane","Torii","ReplayTheSpireMod:Scrap Shanks","DollysMirror","HandDrill","Hidden Blade","ClockworkSouvenir","ReplayTheSpireMod:Scrap Shanks"],"campfire_rested":1,"item_purchase_floors":[1,1,1,1,1,2,8,14],"current_hp_per_floor":[70,70,61,63,66,66,66,66,66,71,76,76,82,85,88,91,94,97],"gold":169,"neow_bonus":"","is_daily":false,"chose_seed":false,"campfire_upgraded":1,"win_rate":0.0,"timestamp":1611588278,"path_taken":["$","$","E","E","E","T","R","$","E","E","E","T","R","$","E","E","E","E"],"items_purchased_type":["Relic","Relic","Card","Relic","Relic","Card","Relic","Card"],"build_version":"2020-12-22","purchased_purges":3,"victory":true,"max_hp_per_floor":[70,70,70,73,76,76,76,76,76,79,82,82,82,85,88,91,94,97],"card_choices":[],"player_experience":911372,"relics_obtained":[{"floor":3,"key":"Onion Ring"},{"floor":3,"key":"Guardian:PocketSentry"},{"floor":4,"key":"Replay:Ringing Soul"},{"floor":4,"key":"Divine Protection"},{"floor":5,"key":"ReplayTheSpireMod:Shallot"},{"floor":5,"key":"HornCleat"},{"floor":9,"key":"Ninja Scroll"},{"floor":9,"key":"Blood Vial"},{"floor":10,"key":"ReplayTheSpireMod:Lightbulb"},{"floor":10,"key":"Replay:Arrowhead"},{"floor":11,"key":"Bronze Scales"},{"floor":11,"key":"Pen Nib"},{"floor":15,"key":"hexamod:BolsterEngine"},{"floor":15,"key":"Regal Pillow"},{"floor":16,"key":"Garlic"},{"floor":16,"key":"Toxic Egg 2"},{"floor":17,"key":"Boot"},{"floor":17,"key":"CeramicFish"},{"floor":18,"key":"Oddly Smooth Stone"},{"floor":18,"key":"Guardian:GemstoneGun"}],"event_choices":[],"is_beta":false,"boss_relics":[{"not_picked":["Runic Dome","Cursed Key"],"picked":"Empty Cage"},{"not_picked":["Replay:Wanted Poster","Replay:Bronze Core"],"picked":"Fusion Hammer"}],"items_purged_floors":[1,1,2],"is_endless":false,"potions_floor_spawned":[3,5,9,11],"ascension_level":0}}