{"host":"xp5rvh2jwe2ejyfm","time":1611598953,"event":{"mods":["BaseMod","Downfall","Duelist Mod","GifTheSpireLib","Gremlin Mod","Hermit","Hubris","Minty Spire (QoL Compilation)","Robot Space Explorer","StSLib","The Blackbeard","The Clintock","The Construct","The Cursed","The Disciple","The Forsaken","The Hierophant","The Necromancer","The Runesmith","The Servant 0.9.4"],"gold_per_floor":[119,133,152,152,171,171,191,201,201,219,245,245,273,289,289,389,389,399,383,383,399,39,64,64,81,81,81,81,96,96,96,96,197,247,264,128,148,161,161,161,171,171,171],"floor_reached":42,"language":"ENG","playtime":1998,"items_purged":[],"score":534,"play_id":"253761b5-4983-4b91-8e4c-6f19a38d9fc6","local_time":"20210125132233","is_ascension_mode":false,"campfire_choices":[{"floor":6,"key":"RECALL"},{"floor":15,"key":"REST"},{"floor":24,"key":"REST"},{"floor":28,"key":"REST"},{"floor":32,"key":"REST"},{"data":"RobotSpaceExplorer:Accelerator","floor":40,"key":"SMITH"}],"circlet_count":0,"master_deck":["RobotSpaceExplorer:Scan","RobotSpaceExplorer:MiniLasers","RobotSpaceExplorer:Asteroid","RobotSpaceExplorer:GlueShot","RobotSpaceExplorer:MetalStrike","RobotSpaceExplorer:StarLightning","RobotSpaceExplorer:BigMissile","RobotSpaceExplorer:MetalStrike","RobotSpaceExplorer:ScrapMissile","RobotSpaceExplorer:StunGrenade","RobotSpaceExplorer:Pulsar+1","RobotSpaceExplorer:Probe","RobotSpaceExplorer:ShovelStrike","RobotSpaceExplorer:Accelerator+1","RobotSpaceExplorer:Reload","RobotSpaceExplorer:DoubleFind","RobotSpaceExplorer:RigExplosive","RobotSpaceExplorer:ImprovisedAttack","RobotSpaceExplorer:Reload","RobotSpaceExplorer:Arsenal","RobotSpaceExplorer:MakeshiftVolley","RobotSpaceExplorer:Smokescreen","RobotSpaceExplorer:MiniDrones","RobotSpaceExplorer:StunGrenade","RobotSpaceExplorer:Pulsar","RobotSpaceExplorer:MiniBoosters","RobotSpaceExplorer:ScrapMissile","RobotSpaceExplorer:BigMissile+1","RobotSpaceExplorer:Autoloader","Shame","RobotSpaceExplorer:DoubleFind","RobotSpaceExplorer:Multitool","RobotSpaceExplorer:Discharger","RobotSpaceExplorer:MiniDrones+1","RobotSpaceExplorer:TrailblazerForm","RobotSpaceExplorer:MiniDrones+1","RobotSpaceExplorer:MiniBoosters+1","RobotSpaceExplorer:FrostMissile"],"relics":["RobotSpaceExplorer:RoboCore","theForsaken:Kindling","FossilizedHelix","hubris:Icosahedron","Ornamental Fan","Pandora\u0027s Box","Runesmith:Nanobots","TungstenRod","RobotSpaceExplorer:PlasmaHourglass","Juzu Bracelet","MutagenicStrength","Tiny House"],"acts_visited":["Exordium","TheCity","TheBeyond"],"potions_floor_usage":[13,16,16,18,19,21,23,23,23,25,29,33,33,33,38,41,42],"damage_taken":[{"damage":0,"enemies":"Small Slimes","floor":1,"turns":3},{"damage":0,"enemies":"Cultist","floor":2,"turns":3},{"damage":0,"enemies":"Jaw Worm","floor":3,"turns":2},{"damage":0,"enemies":"Blue Slaver","floor":5,"turns":4},{"damage":2,"enemies":"Exordium Wildlife","floor":7,"turns":4},{"damage":10,"enemies":"3 Louse","floor":8,"turns":3},{"damage":10,"enemies":"2 Fungi Beasts","floor":10,"turns":2},{"damage":8,"enemies":"Lagavulin","floor":11,"turns":5},{"damage":15,"enemies":"Gremlin Nob","floor":13,"turns":5},{"damage":0,"enemies":"Looter","floor":14,"turns":2},{"damage":2,"enemies":"Hexaghost","floor":16,"turns":10},{"damage":10,"enemies":"Spheric Guardian","floor":18,"turns":4},{"damage":20,"enemies":"2 Thieves","floor":19,"turns":4},{"damage":35,"enemies":"Snake Plant","floor":21,"turns":7},{"damage":0,"enemies":"Book of Stabbing","floor":23,"turns":2},{"damage":9,"enemies":"3 Cultists","floor":25,"turns":6},{"damage":15,"enemies":"Centurion and Healer","floor":29,"turns":7},{"damage":54,"enemies":"Champ","floor":33,"turns":17},{"damage":12,"enemies":"Orb Walker","floor":35,"turns":6},{"damage":4,"enemies":"3 Shapes","floor":37,"turns":2},{"damage":39,"enemies":"Jaw Worm Horde","floor":38,"turns":5},{"damage":32,"enemies":"4 Shapes","floor":41,"turns":6},{"damage":29,"enemies":"Writhing Mass","floor":42,"turns":4}],"seed_played":"-914109300025618605","potions_obtained":[{"floor":3,"key":"Regen Potion"},{"floor":10,"key":"Dexterity Potion"},{"floor":13,"key":"SneckoOil"},{"floor":14,"key":"RobotSpaceExplorer:LiquidFusion"},{"floor":19,"key":"RobotSpaceExplorer:LiquidFusion"},{"floor":21,"key":"Regen Potion"},{"floor":34,"key":"sneckomod:MuddlingPotion"},{"floor":38,"key":"FearPotion"}],"is_trial":false,"path_per_floor":["M","M","M","?","M","R","M","M","T","M","E","?","E","M","R","B",null,"M","M","?","M","$","E","R","M","T","?","R","M","?","?","R","B",null,"M","$","M","M","?","R","M","M"],"character_chosen":"RobotSpaceExplorer","items_purchased":["Runesmith:Nanobots","RobotSpaceExplorer:MiniBoosters","RobotSpaceExplorer:ScrapMissile","RobotSpaceExplorer:TrailblazerForm"],"campfire_rested":4,"item_purchase_floors":[22,22,22,36],"current_hp_per_floor":[75,75,75,75,75,75,73,63,63,53,45,45,39,39,66,64,80,70,50,50,15,15,20,49,40,40,40,70,55,38,38,71,17,105,93,93,89,50,50,50,18,0,0],"gold":171,"neow_bonus":"ONE_RANDOM_RARE_CARD","is_daily":false,"chose_seed":false,"campfire_upgraded":1,"win_rate":0.0,"timestamp":1611598953,"path_taken":["M","M","M","?","M","R","M","?","T","M","E","?","E","M","R","BOSS","M","M","?","M","$","E","R","M","T","?","R","M","?","?","R","BOSS","M","$","M","M","?","R","M","M"],"items_purchased_type":["Relic","Card","Card","Card"],"build_version":"2020-12-22","purchased_purges":0,"victory":false,"max_hp_per_floor":[75,75,75,75,75,75,75,75,75,75,75,75,75,75,80,80,80,80,80,80,80,80,80,85,85,85,85,90,90,95,95,100,100,105,105,105,105,105,105,105,105,105,105],"card_choices":[{"not_picked":["RobotSpaceExplorer:Ammunition","RobotSpaceExplorer:ShovelStrike"],"picked":"RobotSpaceExplorer:GlueShot","floor":1},{"not_picked":["RobotSpaceExplorer:SlimeMissile","RobotSpaceExplorer:ScrapShield"],"picked":"RobotSpaceExplorer:MetalStrike","floor":2},{"not_picked":["RobotSpaceExplorer:SurgingStrike","RobotSpaceExplorer:Fix"],"picked":"RobotSpaceExplorer:StarLightning","floor":3},{"not_picked":["RobotSpaceExplorer:FrostMissile","RobotSpaceExplorer:SelfCleaning"],"picked":"RobotSpaceExplorer:BigMissile","floor":5},{"not_picked":["RobotSpaceExplorer:SwiftStep","RobotSpaceExplorer:ShovelStrike"],"picked":"RobotSpaceExplorer:MetalStrike","floor":7},{"not_picked":["RobotSpaceExplorer:Probe","RobotSpaceExplorer:DoubleBlock"],"picked":"RobotSpaceExplorer:ScrapMissile","floor":8},{"not_picked":["RobotSpaceExplorer:FranticSearch","RobotSpaceExplorer:ChargingLaser"],"picked":"RobotSpaceExplorer:StunGrenade","floor":10},{"not_picked":["RobotSpaceExplorer:ExhaustFan","RobotSpaceExplorer:TurboDodge"],"picked":"RobotSpaceExplorer:Pulsar","floor":11},{"not_picked":["RobotSpaceExplorer:GlueSpray","RobotSpaceExplorer:FreezingShield"],"picked":"RobotSpaceExplorer:Probe","floor":13},{"not_picked":["RobotSpaceExplorer:ImprovisedAttack","RobotSpaceExplorer:BlastShield"],"picked":"RobotSpaceExplorer:ShovelStrike","floor":14},{"not_picked":["RobotSpaceExplorer:Explosion","RobotSpaceExplorer:ChargingLaser"],"picked":"RobotSpaceExplorer:Accelerator","floor":16},{"not_picked":["RobotSpaceExplorer:Smokescreen","RobotSpaceExplorer:FreezingShield+1"],"picked":"RobotSpaceExplorer:MiniDrones","floor":18},{"not_picked":["RobotSpaceExplorer:ShockKick","RobotSpaceExplorer:IronShell"],"picked":"RobotSpaceExplorer:StunGrenade","floor":19},{"not_picked":["RobotSpaceExplorer:JunkDive","RobotSpaceExplorer:Jetpack"],"picked":"RobotSpaceExplorer:Pulsar","floor":21},{"not_picked":["RobotSpaceExplorer:MetalStrike","RobotSpaceExplorer:ShovelStrike"],"picked":"RobotSpaceExplorer:BigMissile+1","floor":23},{"not_picked":["RobotSpaceExplorer:Probe","RobotSpaceExplorer:SlimeMissile"],"picked":"RobotSpaceExplorer:Autoloader","floor":25},{"not_picked":["RobotSpaceExplorer:MetalStrike","RobotSpaceExplorer:ScrapToss"],"picked":"RobotSpaceExplorer:DoubleFind","floor":29},{"not_picked":["RobotSpaceExplorer:Blaster","RobotSpaceExplorer:Wormhole"],"picked":"RobotSpaceExplorer:Multitool","floor":33},{"not_picked":["RobotSpaceExplorer:ScrapShield+1","RobotSpaceExplorer:Ammunition+1"],"picked":"RobotSpaceExplorer:Discharger","floor":34},{"not_picked":["RobotSpaceExplorer:Blitz+1","RobotSpaceExplorer:SwiftStep+1"],"picked":"RobotSpaceExplorer:MiniDrones+1","floor":35},{"not_picked":["RobotSpaceExplorer:ScrapMissile","RobotSpaceExplorer:ScrapToss+1"],"picked":"RobotSpaceExplorer:MiniDrones+1","floor":37},{"not_picked":["RobotSpaceExplorer:Electropulse+1","RobotSpaceExplorer:ShovelStrike+1"],"picked":"RobotSpaceExplorer:MiniBoosters+1","floor":38},{"not_picked":["RobotSpaceExplorer:FranticSearch+1","RobotSpaceExplorer:ImprovisedAttack"],"picked":"RobotSpaceExplorer:FrostMissile","floor":41}],"player_experience":334927,"relics_obtained":[{"floor":9,"key":"theForsaken:Kindling"},{"floor":11,"key":"FossilizedHelix"},{"floor":13,"key":"Ornamental Fan"},{"floor":23,"key":"TungstenRod"},{"floor":26,"key":"RobotSpaceExplorer:PlasmaHourglass"}],"event_choices":[{"damage_healed":0,"gold_gain":0,"player_choice":"Ignored","damage_taken":0,"max_hp_gain":0,"max_hp_loss":0,"event_name":"Purifier","floor":4,"gold_loss":0},{"damage_healed":0,"gold_gain":0,"player_choice":"Simplicity","damage_taken":0,"max_hp_gain":0,"max_hp_loss":0,"event_name":"Back to Basics","floor":20,"gold_loss":0,"cards_upgraded":[]},{"damage_healed":0,"gold_gain":0,"player_choice":"Stole Relic","damage_taken":0,"relics_obtained":["Juzu Bracelet"],"max_hp_gain":0,"max_hp_loss":0,"event_name":"Addict","floor":27,"gold_loss":0,"cards_obtained":["Shame"]},{"damage_healed":0,"gold_gain":0,"player_choice":"Shed Blood","damage_taken":23,"max_hp_gain":5,"max_hp_loss":0,"event_name":"Forgotten Altar","floor":30,"gold_loss":0},{"damage_healed":0,"gold_gain":0,"player_choice":"Inject Mutagens","damage_taken":0,"relics_obtained":["MutagenicStrength"],"max_hp_gain":0,"max_hp_loss":0,"event_name":"Drug Dealer","floor":31,"gold_loss":0},{"damage_healed":0,"gold_gain":0,"player_choice":"Ignored","damage_taken":0,"max_hp_gain":0,"max_hp_loss":0,"event_name":"The Moai Head","floor":39,"gold_loss":0}],"is_beta":false,"boss_relics":[{"not_picked":["Snecko Eye","Busted Crown"],"picked":"Pandora\u0027s Box"},{"not_picked":["bronze:MakeshiftBattery","hubris:Backtick"],"picked":"Tiny House"}],"items_purged_floors":[],"is_endless":false,"potions_floor_spawned":[3,10,13,14,19,21,38],"killed_by":"Writhing Mass","ascension_level":0}}