{"host":"sc0o2qwpf9j16a4i","time":1611605479,"event":{"mods":["AchievementEnabler","BaseMod","BetterRewards","Block Reminder","Colored Map","Colored Powertips","Custom Start","Highlight Path","Minty Spire (QoL Compilation)","Relic Stats"],"gold_per_floor":[119,194,194,38,57,89,154,154,154],"floor_reached":8,"language":"ENG","playtime":224,"items_purged":[],"score":54,"play_id":"a8c61912-cb8b-4d13-ac56-b095696ef78c","local_time":"20210125221119","daily_mods":["Heirloom","Colorless Cards","Elite Swarm"],"is_ascension_mode":false,"campfire_choices":[],"circlet_count":0,"master_deck":["Strike_P","Strike_P","Strike_P","Strike_P","Defend_P","Defend_P","Defend_P","Defend_P","Eruption","Vigilance","CarveReality","BattleHymn","LessonLearned","EmptyBody"],"relics":["PureWater","Unceasing Top","Damaru","Omamori","Blue Candle"],"acts_visited":["Exordium"],"potions_floor_usage":[6,7],"damage_taken":[{"damage":0,"enemies":"Small Slimes","floor":1,"turns":4},{"damage":0,"enemies":"Jaw Worm","floor":5,"turns":4},{"damage":20,"enemies":"Lagavulin","floor":6,"turns":9},{"damage":35,"enemies":"Lagavulin Event","floor":7,"turns":5},{"damage":12,"enemies":"Gremlin Nob","floor":8,"turns":2}],"seed_played":"-6043237090839306667","potions_obtained":[{"floor":1,"key":"SneckoOil"},{"floor":5,"key":"Dexterity Potion"}],"is_trial":true,"path_per_floor":["M","?","?","$","M","E","?","E"],"character_chosen":"WATCHER","items_purchased":["Damaru"],"campfire_rested":0,"item_purchase_floors":[4],"current_hp_per_floor":[72,61,61,61,61,41,6,0,0],"gold":154,"neow_bonus":"","is_daily":false,"chose_seed":false,"campfire_upgraded":0,"win_rate":0.0,"timestamp":1611605479,"path_taken":["M","?","?","$","M","E","?","E"],"items_purchased_type":["Relic"],"build_version":"2020-12-22","purchased_purges":0,"victory":false,"max_hp_per_floor":[72,72,72,72,72,72,72,72,72],"relic_stats":{"counters":[5,24],"Blue Candle":[0],"obtain_stats":[{"Blue Candle":7,"Damaru":4,"Omamori":6,"PureWater":0,"Unceasing Top":0},{"Blue Candle":4,"Damaru":1,"Omamori":3,"PureWater":0,"Unceasing Top":0},{"Blue Candle":22,"Damaru":4,"Omamori":17,"PureWater":0,"Unceasing Top":0}],"Unceasing Top":[0]},"card_choices":[{"not_picked":["SashWhip","Consecrate"],"picked":"CarveReality","floor":1},{"not_picked":["Halt","ThirdEye"],"picked":"BattleHymn","floor":5},{"not_picked":["Ragnarok","Scrawl"],"picked":"LessonLearned","floor":6},{"not_picked":["FlurryOfBlows","Evaluate"],"picked":"EmptyBody","floor":7}],"player_experience":968621,"relics_obtained":[{"floor":6,"key":"Omamori"},{"floor":7,"key":"Blue Candle"}],"event_choices":[{"damage_healed":0,"gold_gain":75,"player_choice":"Gather Gold","damage_taken":11,"max_hp_gain":0,"max_hp_loss":0,"event_name":"World of Goop","floor":2,"gold_loss":0},{"damage_healed":0,"gold_gain":0,"player_choice":"Leave","damage_taken":0,"max_hp_gain":0,"max_hp_loss":0,"event_name":"The Cleric","floor":3,"gold_loss":0},{"damage_healed":0,"gold_gain":0,"player_choice":"Searched \u00271\u0027 times","damage_taken":0,"max_hp_gain":0,"max_hp_loss":0,"event_name":"Dead Adventurer","floor":7,"gold_loss":0}],"is_beta":false,"boss_relics":[],"items_purged_floors":[],"is_endless":false,"potions_floor_spawned":[1,5],"killed_by":"Gremlin Nob","ascension_level":0}}