{"host":"2eswhqk6sgfpt1j1","time":1611583082,"event":{"mods":["Act Like it!","BaseMod","Colored Powertips","Downfall","Duelist Mod","Hallownest","Hunter ¡‘»À","Minty Spire (QoL Compilation)","Replay The Spire","StSLib","The Bug Knight","The Cursed","The Servant 0.9.4"],"gold_per_floor":[119,135,145,145,169,169,187,187,187,187,187,199,199,219,219,319,319,348,273,123,152,160,160],"floor_reached":22,"language":"ZHS","playtime":1356,"items_purged":["HollowMod:NailStrikeStart"],"score":176,"play_id":"bfc25dc4-5845-4dff-991e-baa5a597d7d7","local_time":"20210125215802","is_ascension_mode":false,"campfire_choices":[{"data":"HollowMod:NewGlowingWomb","floor":6,"key":"SMITH"},{"data":"HollowMod:MawleksShell","floor":11,"key":"SMITH"},{"data":"HollowMod:MantisMark","floor":13,"key":"SMITH"},{"data":"HollowMod:SlysStrikes","floor":15,"key":"SMITH"}],"circlet_count":1,"master_deck":["HollowMod:NailStrikeStart","HollowMod:NailStrikeStart","HollowMod:NailStrikeStart","HollowMod:QuickDashStart","HollowMod:QuickDashStart","HollowMod:QuickDashStart","HollowMod:QuickDashStart","HollowMod:FocusHealStart","HollowMod:PogoStrike","HollowMod:NewGlowingWomb+1","HollowMod:MawleksShell+1","HollowMod:MonarchWings","HollowMod:MantisMark+1","HollowMod:SlysStrikes+1","HollowMod:ZotesMagnificence","CurseOfTheBell","HollowMod:SoulStrike","HollowMod:theNailsmith","HollowMod:DashSlash"],"relics":["HollowMod:VesselMask","NeowsBlessing","Hallownest:DreamNailRelic","Oddly Smooth Stone","Circlet","HollowMod:LumaflyLanternRelic","Calling Bell","Replay:Bandana","Meat on the Bone","Replay:Kaleidoscope"],"acts_visited":["Hallownest:Greenpath","Hallownest:CityofTears"],"potions_floor_usage":[7,21],"damage_taken":[{"damage":0,"enemies":"Hallownest:monsterHuskGuard","floor":1,"turns":1},{"damage":0,"enemies":"Hallownest:2_MossCreeps","floor":2,"turns":1},{"damage":0,"enemies":"Hallownest:2_Baldur","floor":3,"turns":1},{"damage":12,"enemies":"Hallownest:1_Baldur_1_Crawlid_1_Warrior","floor":7,"turns":12},{"damage":7,"enemies":"Hallownest:monsterAspidMother","floor":10,"turns":7},{"damage":18,"enemies":"Hallownest:MossCreep_and_Mosskin","floor":12,"turns":9},{"damage":19,"enemies":"Hallownest:Guard_and_Warrior","floor":14,"turns":11},{"damage":23,"enemies":"Hallownest:BossFalseKnight","floor":16,"turns":11},{"damage":18,"enemies":"Hallownest:Flukemon_and_Top","floor":18,"turns":6},{"damage":49,"enemies":"Hallownest:Guard_and_Sentry","floor":21,"turns":7},{"damage":36,"enemies":"Hallownest:3_Mistakes","floor":22,"turns":3}],"seed_played":"2116580692587634413","potions_obtained":[{"floor":1,"key":"Doom Potion"},{"floor":2,"key":"LifebloodPotion"},{"floor":14,"key":"Ancient Potion"},{"floor":16,"key":"AttackPotion"}],"is_trial":false,"path_per_floor":["M","M","M","?","T","R","M","?","T","M","R","M","R","M","R","B",null,"M","$","$","M","M"],"character_chosen":"THE_BUGKNIGHT","items_purchased":["HollowMod:theNailsmith"],"campfire_rested":0,"item_purchase_floors":[20],"current_hp_per_floor":[75,75,75,75,75,75,73,73,73,66,66,60,60,51,51,28,75,63,63,63,36,0,0],"gold":160,"neow_bonus":"THREE_ENEMY_KILL","is_daily":false,"chose_seed":false,"campfire_upgraded":4,"win_rate":0.0,"timestamp":1611583082,"path_taken":["M","?","M","?","?","R","M","?","T","M","R","M","R","M","R","BOSS","M","?","$","M","M"],"items_purchased_type":["Card"],"build_version":"2020-12-22","purchased_purges":1,"victory":false,"max_hp_per_floor":[75,75,75,75,75,75,75,75,75,75,75,75,75,75,75,75,75,75,75,75,75,75,75],"card_choices":[{"not_picked":["HollowMod:PerfectDash","HollowMod:FallenFury"],"picked":"HollowMod:NewGlowingWomb","floor":1},{"not_picked":["HollowMod:LifebloodCocoon","HollowMod:SiblingsShadow","HollowMod:HeavyBlow"],"picked":"SKIP","floor":2},{"not_picked":["HollowMod:GoodIntentions","HollowMod:FallenFury","HollowMod:GreatSlash"],"picked":"SKIP","floor":3},{"not_picked":["HollowMod:SharpenedNail","HollowMod:AbyssShriek"],"picked":"HollowMod:MawleksShell","floor":7},{"not_picked":["HollowMod:ChannelNail","HollowMod:DescendingDark"],"picked":"HollowMod:MonarchWings","floor":10},{"not_picked":["HollowMod:SharpenedNail","HollowMod:SoulEater"],"picked":"HollowMod:MantisMark","floor":12},{"not_picked":["HollowMod:SoulStrike","HollowMod:BlackTendrils"],"picked":"HollowMod:SlysStrikes","floor":14},{"not_picked":["HollowMod:NewInfectedGuardian","HollowMod:VoidDash"],"picked":"HollowMod:ZotesMagnificence","floor":16},{"not_picked":["HollowMod:SoulShaman","HollowMod:VengefulVoid"],"picked":"HollowMod:SoulStrike","floor":18},{"not_picked":["HollowMod:DesolateDive","HollowMod:VengefulSpirit+1"],"picked":"HollowMod:DashSlash","floor":21}],"player_experience":430473,"relics_obtained":[{"floor":5,"key":"Oddly Smooth Stone"},{"floor":9,"key":"HollowMod:LumaflyLanternRelic"},{"floor":17,"key":"Replay:Bandana"},{"floor":17,"key":"Meat on the Bone"},{"floor":17,"key":"Replay:Kaleidoscope"}],"event_choices":[],"is_beta":false,"boss_relics":[{"not_picked":["SacredBark","Honey Jar"],"picked":"Calling Bell"}],"items_purged_floors":[19],"is_endless":false,"potions_floor_spawned":[1,2,14,16],"killed_by":"Hallownest:3_Mistakes","ascension_level":0}}