{"host":"mal0jdk4f6ubgyb8","time":1611600796,"event":{"mods":["100% Spire Juice","Act Like it!","Aspiration","BaseMod","CapriCore","Gensokyo","Hallownest","KinomotoSakuraMod(ƒæ÷Æ±æ”£)","Koishi","Luminous","Marisa£®ÏF”Í°°ƒß¿Ì…≥£©","Minty Spire (QoL Compilation)","Pale of the Ancients","Quick Restart","Reimu£®≤©¿ˆ¡È√Œ£©","Relic Stats","Remilia£®¿Ÿ√◊¿Ú—«£©","Replay The Spire","StSLib","The Animator","The Bug Knight","The Immortal","Waifu the Spire","WarShipGirlsR/’ΩΩ¢…Ÿ≈ÆR mod","Yakumo Yukari mod","Youmu£®ªÍ∆«—˝√Œ£©","Yuri Mod","Yuyuko"],"gold_per_floor":[109,109,109,125,136,136,163,181,227,258,280,315,349,361,361,467,467,486,486,263,288,288,330,393,437,485,485,506,531,562,585,585,695,695,719,152,166,156,223,223,261,337,337,406,406,406,406,481,481,487,487,487,71,98,118],"floor_reached":56,"language":"ZHS","playtime":6409,"items_purged":["Hallownest:curseDreamersLament"],"score":1467,"play_id":"85e25f98-13a7-47d0-ac00-1996982b9c95","local_time":"20210126025316","is_ascension_mode":true,"campfire_choices":[{"floor":6.0,"key":"RECALL"},{"floor":15.0,"key":"REST"},{"data":"ClowCardTheLittle","floor":27.0,"key":"SMITH"},{"data":"ClowCardTheLight","floor":32.0,"key":"SMITH"},{"floor":40.0,"key":"REST"},{"data":"ClowCardTheMove","floor":45.0,"key":"SMITH"},{"data":"ClowCardTheDark","floor":47.0,"key":"SMITH"},{"data":"ClowCardTheEarthy","floor":52,"key":"SMITH"}],"circlet_count":0,"master_deck":["ClowCardTheThrough","ClowCardTheWave","ClowCardTheSweet","ClowCardTheDark+1","ClowCardTheDream","ClowCardTheShadow","ClowCardTheFight+1","SakuraCardTheWatery+","ClowCardTheTwin","ClowCardTheDash","ClowCardTheFlower","ClowCardTheFloat+1","ClowCardTheLight","SakuraCardTheBig+","ClowCardTheFloat+1","ClowCardTheWave","ClowCardTheSword+1","ClowCardTheShield+1","SpellCardSeal","SpellCardRelease","ClowCardTheFlower","ClowCardTheEarthy+1","ClowCardTheLittle+1","ClowCardTheLight+1","ClowCardTheRain+1","ClowCardTheReturn","CurseOfTheBell","ClowCardTheFly+1","ClowCardTheLittle+1","ClowCardTheThrough+1","ClowCardTheJump+1","ClowCardTheTime","Sloth_TH","ClowCardTheSnow+1","ClowCardTheMove+1","ClowCardTheThrough","ClowCardTheWindy+1","ClowCardTheStorm+1","Poor:ReiMu","ClowCardTheTime","ClowCardTheTime","ClowCardTheSweet+1"],"relics":["KSMOD_SealedBook","KSMOD_SealedWand","NeowsBlessing","Hallownest:DreamNailRelic","KSMOD_Compass","Blue Doll","Replay:Bandana","yuri:PortableGlitches","Replay:Grab Bag","Philosopher\u0027s Stone","Sozu","Calling Bell","KSMOD_SwordJade","Replay:Bottled Eggs","Lizard Tail","Hallownest:WatcherSealRelic","War Paint","Omamori","PureWhite:ReiMu","Replay:Ancient Bell","Nunchaku","KSMOD_YukitosBentoBox","TungstenRod","KSMOD_TouyasBicycle","KSMOD_GemBrooch","Darkstone Periapt","HollowMod:LifeEnderRelic","aspiration:HiddenCompartment","Ring of Searing","Ring of Fangs","KSMOD_MoonBell","Guide Book","KSMOD_RollerSkates","Pen Nib"],"acts_visited":["Exordium","Hallownest:Greenpath","Hallownest:CityofTears","TheEnding"],"potions_floor_usage":[],"damage_taken":[{"damage":0.0,"enemies":"Hallownest:2_Tiktiks_and_1_Crawlid","floor":1.0,"turns":5.0},{"damage":0.0,"enemies":"Hallownest:monsterHuskWarrior","floor":4.0,"turns":2.0},{"damage":0.0,"enemies":"Hallownest:monsterHuskGuard","floor":5.0,"turns":2.0},{"damage":18.0,"enemies":"Hallownest:eliteMossKnight","floor":7.0,"turns":9.0},{"damage":25.0,"enemies":"Hallownest:Guard_and_Warrior","floor":8.0,"turns":8.0},{"damage":8.0,"enemies":"Hallownest:eliteVengeflyKing","floor":10.0,"turns":13.0},{"damage":4.0,"enemies":"Hallownest:Wandering_and_Horned","floor":11.0,"turns":5.0},{"damage":10.0,"enemies":"Hallownest:eliteCrystalGuardian","floor":12.0,"turns":8.0},{"damage":6.0,"enemies":"Hallownest:1_Baldur_1_Crawlid_1_Warrior","floor":13.0,"turns":6.0},{"damage":0.0,"enemies":"Hallownest:monsterAspidMother","floor":14.0,"turns":6.0},{"damage":10.0,"enemies":"Hallownest:BossFalseKnight","floor":16.0,"turns":9.0},{"damage":10.0,"enemies":"Hallownest:2_Mistakes","floor":18.0,"turns":12.0},{"damage":10.0,"enemies":"Hallownest:Guard_and_Sentry","floor":21.0,"turns":6.0},{"damage":1.0,"enemies":"Hallownest:eliteWatcherKnight","floor":23.0,"turns":19.0},{"damage":19.0,"enemies":"Hallownest:Glutton_and_Coward","floor":24.0,"turns":6.0},{"damage":0.0,"enemies":"Hallownest:Nosk","floor":25.0,"turns":8.0},{"damage":8.0,"enemies":"Hallownest:2_Husk_Sentries","floor":28.0,"turns":7.0},{"damage":7.0,"enemies":"Hallownest:3_Mistakes","floor":29.0,"turns":17.0},{"damage":0.0,"enemies":"Hallownest:Warrior_and_Youth","floor":30.0,"turns":5.0},{"damage":20.0,"enemies":"Hallownest:monsterShrumalOgre","floor":31.0,"turns":7.0},{"damage":9.0,"enemies":"Hallownest:BossGrimm","floor":33.0,"turns":9.0},{"damage":24.0,"enemies":"Hallownest:3_Siblings","floor":35.0,"turns":11.0},{"damage":31.0,"enemies":"Hallownest:2_Littles","floor":37.0,"turns":6.0},{"damage":7.0,"enemies":"Hallownest:2_Wandering_and_1_Horned","floor":39.0,"turns":3.0},{"damage":0.0,"enemies":"Hallownest:monsterPrimalAspid","floor":41.0,"turns":4.0},{"damage":0.0,"enemies":"Hallownest:Shield_Sturdy","floor":42.0,"turns":6.0},{"damage":10.0,"enemies":"Hallownest:StalkingDevout","floor":44.0,"turns":4.0},{"damage":0,"enemies":"Hallownest:eliteCollector","floor":48,"turns":4},{"damage":77,"enemies":"Hallownest:BossHollowKnight","floor":50,"turns":12},{"damage":42,"enemies":"Shield and Spear","floor":54,"turns":6},{"damage":32,"enemies":"The Heart","floor":55,"turns":6}],"seed_played":"-7748055193458211093","potions_obtained":[{"floor":1.0,"key":"FairyPotion"},{"floor":5.0,"key":"Block Potion"},{"floor":10.0,"key":"CultistPotion"},{"floor":12.0,"key":"Elixir"}],"is_trial":false,"path_per_floor":["M","?","?","M","M","R","E","M","T","E","M","E","M","M","R","B",null,"M","?","$","M","?","E","M","E","T","R","M","M","M","M","R","B",null,"M","$","M","?","M","R","M","M","T","E","R","?","R","E","R","B",null,"R","$","E","B",null],"character_chosen":"KINOMOTOSAKURA","items_purchased":["War Paint","KSMOD_TouyasBicycle","KSMOD_GemBrooch","ClowCardTheMove","Darkstone Periapt","Guide Book","KSMOD_RollerSkates","ClowCardTheTime"],"campfire_rested":2,"item_purchase_floors":[20,36,36,36,36,53,53,53],"current_hp_per_floor":[70,70,78,78,78,78,60,35,35,27,23,13,7,7,30,20,78,68,68,68,58,66,65,46,46,46,46,38,38,38,30,30,21,78,54,54,23,23,16,39,39,39,39,29,29,35,35,40,46,5,90,90,90,50,40],"gold":118,"neow_bonus":"THREE_ENEMY_KILL","is_daily":false,"chose_seed":false,"campfire_upgraded":5,"win_rate":0.0,"timestamp":1611600796,"path_taken":["M","?","?","M","M","R","E","M","T","E","M","E","M","M","R","BOSS","M","?","$","M","?","E","M","E","T","R","M","M","M","?","R","BOSS","M","$","M","?","M","R","M","M","T","E","R","?","R","E","R","BOSS","R","$","E","BOSS"],"items_purchased_type":["Relic","Relic","Relic","Card","Relic","Relic","Relic","Card"],"build_version":"2020-12-22","purchased_purges":1,"victory":true,"max_hp_per_floor":[70,70,78,78,78,78,78,78,78,78,78,78,78,78,78,78,78,78,78,78,78,78,78,78,78,78,78,78,78,78,78,78,78,78,78,78,78,78,78,78,78,78,78,78,78,84,84,84,90,90,90,90,90,90,90],"relic_stats":{"Sozu":9,"Darkstone Periapt":12,"Lizard Tail":0,"Nunchaku":[14],"counters":[31,231],"Pen Nib":[1],"War Paint":["ClowCardTheShield","ClowCardTheRain"],"obtain_stats":[{"KSMOD_GemBrooch":36,"Darkstone Periapt":36,"Blue Doll":9,"KSMOD_YukitosBentoBox":34,"Hallownest:DreamNailRelic":2,"Ring of Searing":46,"Sozu":17,"Replay:Bandana":10,"Lizard Tail":17,"Nunchaku":34,"Ring of Fangs":46,"Philosopher\u0027s Stone":17,"KSMOD_SealedWand":0,"Replay:Bottled Eggs":17,"KSMOD_Compass":7,"KSMOD_RollerSkates":53,"HollowMod:LifeEnderRelic":43,"NeowsBlessing":0,"KSMOD_SealedBook":0,"Replay:Grab Bag":17,"Guide Book":53,"Pen Nib":54,"Omamori":23,"Replay:Ancient Bell":34,"War Paint":20,"aspiration:HiddenCompartment":44,"KSMOD_MoonBell":48,"Calling Bell":17,"Hallownest:WatcherSealRelic":19,"PureWhite:ReiMu":25,"KSMOD_SwordJade":17,"KSMOD_TouyasBicycle":36,"yuri:PortableGlitches":12,"TungstenRod":34},{"KSMOD_GemBrooch":22,"Darkstone Periapt":22,"Blue Doll":5,"KSMOD_YukitosBentoBox":21,"Hallownest:DreamNailRelic":1,"Ring of Searing":27,"Sozu":11,"Replay:Bandana":6,"Lizard Tail":11,"Nunchaku":21,"Ring of Fangs":27,"Philosopher\u0027s Stone":11,"KSMOD_SealedWand":0,"Replay:Bottled Eggs":11,"KSMOD_Compass":4,"KSMOD_RollerSkates":29,"HollowMod:LifeEnderRelic":26,"NeowsBlessing":0,"KSMOD_SealedBook":0,"Replay:Grab Bag":11,"Guide Book":29,"Pen Nib":30,"Omamori":14,"Replay:Ancient Bell":21,"War Paint":12,"aspiration:HiddenCompartment":27,"KSMOD_MoonBell":28,"Calling Bell":11,"Hallownest:WatcherSealRelic":12,"PureWhite:ReiMu":16,"KSMOD_SwordJade":11,"KSMOD_TouyasBicycle":22,"yuri:PortableGlitches":8,"TungstenRod":21},{"KSMOD_GemBrooch":180,"Darkstone Periapt":180,"Blue Doll":26,"KSMOD_YukitosBentoBox":169,"Hallownest:DreamNailRelic":5,"Ring of Searing":203,"Sozu":73,"Replay:Bandana":39,"Lizard Tail":73,"Nunchaku":169,"Ring of Fangs":203,"Philosopher\u0027s Stone":73,"KSMOD_SealedWand":0,"Replay:Bottled Eggs":73,"KSMOD_Compass":18,"KSMOD_RollerSkates":219,"HollowMod:LifeEnderRelic":199,"NeowsBlessing":0,"KSMOD_SealedBook":0,"Replay:Grab Bag":73,"Guide Book":219,"Pen Nib":225,"Omamori":110,"Replay:Ancient Bell":169,"War Paint":85,"aspiration:HiddenCompartment":203,"KSMOD_MoonBell":207,"Calling Bell":73,"Hallownest:WatcherSealRelic":85,"PureWhite:ReiMu":124,"KSMOD_SwordJade":73,"KSMOD_TouyasBicycle":180,"yuri:PortableGlitches":52,"TungstenRod":169}],"TungstenRod":39},"card_choices":[{"not_picked":["ClowCardTheSnow","ClowCardTheWindy"],"picked":"ClowCardTheBig","floor":1.0},{"not_picked":["ClowCardTheFly","ClowCardTheFloat"],"picked":"ClowCardTheFlower","floor":4.0},{"not_picked":["ClowCardTheFloat","ClowCardTheLibra","ClowCardTheDream"],"picked":"SKIP","floor":5.0},{"not_picked":["ClowCardTheShadow","ClowCardTheErase"],"picked":"ClowCardTheEarthy","floor":7.0},{"not_picked":["ClowCardTheSilent","ClowCardTheLock"],"picked":"ClowCardTheLittle","floor":8.0},{"not_picked":["ClowCardTheBig","ClowCardTheWatery"],"picked":"ClowCardTheLight","floor":10.0},{"not_picked":["ClowCardTheWindy","ClowCardTheSong"],"picked":"ClowCardTheRain","floor":11.0},{"not_picked":["ClowCardTheMirror","ClowCardTheVoice"],"picked":"ClowCardTheWatery","floor":12.0},{"not_picked":["ClowCardTheWood","ClowCardTheChange","ClowCardTheSong"],"picked":"SKIP","floor":13.0},{"not_picked":["ClowCardTheMist","ClowCardTheShot","ClowCardTheSand"],"picked":"SKIP","floor":14.0},{"not_picked":["ClowCardTheTime","ClowCardTheLight"],"picked":"ClowCardTheReturn","floor":16.0},{"not_picked":["ClowCardTheFreeze","ClowCardTheVoice"],"picked":"ClowCardTheFly+1","floor":18.0},{"not_picked":["ClowCardTheSong+1","ClowCardTheIllusion","ClowCardTheLibra"],"picked":"SKIP","floor":21.0},{"not_picked":["ClowCardTheLibra+1","ClowCardTheSleep"],"picked":"ClowCardTheLittle+1","floor":23.0},{"not_picked":["ClowCardTheStorm+1","ClowCardTheShadow"],"picked":"ClowCardTheThrough","floor":24.0},{"not_picked":["ClowCardTheChange","ClowCardTheMaze"],"picked":"ClowCardTheJump+1","floor":25.0},{"not_picked":["ClowCardTheStorm","ClowCardTheSnow+1","ClowCardTheDream"],"picked":"SKIP","floor":28.0},{"not_picked":["ClowCardTheVoice","ClowCardTheSand","ClowCardTheDream"],"picked":"SKIP","floor":29.0},{"not_picked":["ClowCardTheFreeze+1","ClowCardTheJump+1","ClowCardTheFly"],"picked":"SKIP","floor":30.0},{"not_picked":["ClowCardTheWatery","ClowCardTheMirror","ClowCardTheSilent"],"picked":"SKIP","floor":31.0},{"not_picked":["ClowCardTheDash","ClowCardTheThunder"],"picked":"ClowCardTheTime","floor":33.0},{"not_picked":["CurseOfTheBell","Amnesia"],"picked":"Doubt","floor":34.0},{"not_picked":["Hallucinations","Looming Evil"],"picked":"Envy_TH","floor":34.0},{"not_picked":["animator:Curse_Dizziness","yuri:MarkovCurse"],"picked":"Sloth_TH","floor":34.0},{"not_picked":["ClowCardTheShot+1","ClowCardTheErase"],"picked":"ClowCardTheSnow+1","floor":35.0},{"not_picked":["ClowCardTheWood","ClowCardTheVoice","ClowCardTheEarthy"],"picked":"SKIP","floor":37.0},{"not_picked":[],"picked":"ClowCardTheThrough","floor":38.0},{"not_picked":["ClowCardTheDream","ClowCardTheSilent"],"picked":"ClowCardTheWindy+1","floor":39.0},{"not_picked":["ClowCardTheMaze+1","ClowCardTheMirror"],"picked":"ClowCardTheStorm+1","floor":41.0},{"not_picked":["ClowCardTheBig","ClowCardTheThrough","ClowCardTheMirror"],"picked":"SKIP","floor":42.0},{"not_picked":["ClowCardTheMaze","ClowCardTheArrow","ClowCardTheShot"],"picked":"SKIP","floor":44.0},{"not_picked":["ClowCardTheVoice","ClowCardTheRain","ClowCardTheArrow"],"picked":"SKIP","floor":48},{"not_picked":["ClowCardTheShot","ClowCardTheFly+1"],"picked":"ClowCardTheSweet+1","floor":54}],"player_experience":345860,"relics_obtained":[{"floor":7.0,"key":"KSMOD_Compass"},{"floor":9.0,"key":"Blue Doll"},{"floor":10.0,"key":"Replay:Bandana"},{"floor":12.0,"key":"yuri:PortableGlitches"},{"floor":17.0,"key":"KSMOD_SwordJade"},{"floor":17.0,"key":"Replay:Bottled Eggs"},{"floor":17.0,"key":"Lizard Tail"},{"floor":23.0,"key":"Omamori"},{"floor":25.0,"key":"PureWhite:ReiMu"},{"floor":43.0,"key":"HollowMod:LifeEnderRelic"},{"floor":44.0,"key":"aspiration:HiddenCompartment"},{"floor":46.0,"key":"Ring of Searing"},{"floor":46.0,"key":"Ring of Fangs"},{"floor":48,"key":"KSMOD_MoonBell"},{"floor":54,"key":"Pen Nib"}],"event_choices":[],"is_beta":false,"boss_relics":[{"not_picked":["SacredBark","Kintsugi"],"picked":"Replay:Grab Bag"},{"not_picked":["Cursed Key","SlaversCollar"],"picked":"Philosopher\u0027s Stone"},{"not_picked":["Velvet Choker","Coffee Dripper"],"picked":"Sozu"},{"not_picked":["aspiration:DefectSkillbook","Snecko Eye"],"picked":"Calling Bell"},{"not_picked":["Ring of Chaos","aspiration:RunicSpoon"],"picked":"Replay:Ancient Bell"},{"not_picked":["Centennial Puzzle","Strawberry"],"picked":"Nunchaku"},{"not_picked":["Quantum Egg","Replay:WaspNest"],"picked":"KSMOD_YukitosBentoBox"},{"not_picked":["Peace Pipe","Pocketwatch"],"picked":"TungstenRod"}],"items_purged_floors":[20],"is_endless":false,"potions_floor_spawned":[1,5,10,12,21,23,25,30,31,37,39,44,48],"ascension_level":1}}