{"host":"2eswhqk6sgfpt1j1","time":1611580487,"event":{"mods":["Act Like it!","BaseMod","Colored Powertips","Downfall","Duelist Mod","Hallownest","Hunter ¡‘»À","Minty Spire (QoL Compilation)","Replay The Spire","StSLib","The Bug Knight","The Cursed","The Servant 0.9.4"],"gold_per_floor":[111,111,111,111,126,126,150,150,150,150,4,14,14,25,25,123,123,138,63,18,18,18,18,34,34,34,34,34,34,51,63,83,83,83],"floor_reached":33,"language":"ZHS","playtime":3022,"items_purged":[],"score":235,"play_id":"0455abe7-a83b-426f-a0ae-e896086c5bdf","local_time":"20210125211447","is_ascension_mode":false,"campfire_choices":[{"data":"HollowMod:SlysStrikes","floor":6.0,"key":"SMITH"},{"data":"HollowMod:MantisMark","floor":8.0,"key":"SMITH"},{"data":"HollowMod:CycloneSlash","floor":15,"key":"SMITH"},{"data":"HollowMod:SlysStrikes","floor":23,"key":"SMITH"},{"data":"HollowMod:HowlingWraiths","floor":27,"key":"SMITH"}],"circlet_count":0,"master_deck":["HollowMod:NailStrikeStart","HollowMod:NailStrikeStart","HollowMod:NailStrikeStart","HollowMod:NailStrikeStart","HollowMod:QuickDashStart","HollowMod:QuickDashStart+1","HollowMod:QuickDashStart","HollowMod:QuickDashStart","HollowMod:FocusHealStart+1","HollowMod:PogoStrike","HollowMod:MantisMark+1","HollowMod:HowlingWraiths+1","HollowMod:SlysStrikes+1","HollowMod:CycloneSlash+1","HollowMod:SlysStrikes+1","HollowMod:RecoilStrike+1","HollowMod:DesolateDive","HollowMod:CornifersMapStart+1","HollowMod:CrystalDash"],"relics":["HollowMod:VesselMask","NeowsBlessing","Ring of Fangs","Hallownest:DreamNailRelic","War Paint","Counterbalance","Strange Spoon","Runic Pyramid","Hallownest:WatcherSealRelic","Iron Hammer"],"acts_visited":["Hallownest:Greenpath","Hallownest:CityofTears"],"potions_floor_usage":[24,24,30],"damage_taken":[{"damage":1.0,"enemies":"Hallownest:2_Tiktiks_and_1_Crawlid","floor":1.0,"turns":1.0},{"damage":0.0,"enemies":"Hallownest:2_Baldur","floor":3.0,"turns":1.0},{"damage":0.0,"enemies":"2_ Uuma","floor":5.0,"turns":1.0},{"damage":16,"enemies":"Hallownest:1_Ooma_and_2_Uuma","floor":12,"turns":6},{"damage":2,"enemies":"Hallownest:monsterMossCharger","floor":14,"turns":6},{"damage":35,"enemies":"Hallownest:BossFalseKnight","floor":16,"turns":9},{"damage":2,"enemies":"Hallownest:2_Mistakes","floor":18,"turns":6},{"damage":15,"enemies":"Hallownest:3_Youths","floor":24,"turns":5},{"damage":3,"enemies":"Hallownest:monsterMisterMushroom","floor":30,"turns":6},{"damage":45,"enemies":"Hallownest:2_Flukemon","floor":31,"turns":7},{"damage":29,"enemies":"Hallownest:monsterShrumalOgre","floor":32,"turns":6},{"damage":13,"enemies":"Hallownest:Warrior_and_Youth","floor":33,"turns":1}],"seed_played":"8659845723725459391","potions_obtained":[{"floor":5.0,"key":"Fire Potion"},{"floor":16,"key":"Fire Potion"},{"floor":24,"key":"Languid Potion"},{"floor":32,"key":"Explosive Potion"}],"is_trial":false,"path_per_floor":["M","?","M","?","M","R","T","R","T","?","$","M","$","M","R","B",null,"M","$","?","?","?","R","M","?","T","R","PTL","PTL","M","M","M","M"],"character_chosen":"THE_BUGKNIGHT","items_purchased":["Strange Spoon","HollowMod:DesolateDive"],"campfire_rested":0,"item_purchase_floors":[11,19],"current_hp_per_floor":[74,74,74,74,74,74,74,74,74,74,74,64,64,74,74,45,75,73,73,73,73,73,73,68,68,68,68,68,68,71,36,13,0,0],"gold":83,"neow_bonus":"THREE_ENEMY_KILL","is_daily":false,"chose_seed":false,"campfire_upgraded":5,"win_rate":0.0,"timestamp":1611580487,"path_taken":["M","?","M","?","?","R","?","R","T","?","$","M","?","?","R","BOSS","M","$","?","?","?","R","M","?","T","R","PTL","PTL","M","M","M","M"],"items_purchased_type":["Relic","Card"],"build_version":"2020-12-22","purchased_purges":0,"victory":false,"max_hp_per_floor":[75,75,75,75,75,75,75,75,75,75,75,75,75,75,75,75,75,75,75,75,75,75,75,75,75,75,75,75,75,75,75,75,75,75],"card_choices":[{"not_picked":["HollowMod:InfectedAttack","HollowMod:SharpenedNail"],"picked":"HollowMod:MantisMark","floor":1.0},{"not_picked":["HollowMod:TaintedHusks","HollowMod:SiblingsSouls"],"picked":"HollowMod:HowlingWraiths","floor":3.0},{"not_picked":["HollowMod:VengefulVoid","HollowMod:SiblingsShadow"],"picked":"HollowMod:SlysStrikes","floor":5.0},{"not_picked":["HollowMod:VengefulVoid","HollowMod:NewJinnsSoul","HollowMod:WraithStrike"],"picked":"SKIP","floor":12},{"not_picked":["HollowMod:RecoilStrike","HollowMod:SoulStrike"],"picked":"HollowMod:CycloneSlash","floor":14},{"not_picked":["HollowMod:ElderbugsWisdom","HollowMod:NewInfectedGuardian"],"picked":"HollowMod:SlysStrikes","floor":16},{"not_picked":["HollowMod:NewGlowingWomb","HollowMod:GoodIntentions"],"picked":"HollowMod:RecoilStrike+1","floor":18},{"not_picked":["HollowMod:DescendingDark+1","HollowMod:SiblingsShadow+1","HollowMod:ShadowDash"],"picked":"SKIP","floor":24},{"not_picked":["HollowMod:TaintedHusks","HollowMod:InfectedAttack"],"picked":"HollowMod:CornifersMapStart+1","floor":30},{"not_picked":["HollowMod:CloakDash","HollowMod:GoodIntentions"],"picked":"HollowMod:CrystalDash","floor":31},{"not_picked":["HollowMod:CoiledNail","HollowMod:SiblingsShadow+1","HollowMod:NewInfectedGuardian"],"picked":"SKIP","floor":32}],"player_experience":426268,"relics_obtained":[{"floor":2.0,"key":"Ring of Fangs"},{"floor":7.0,"key":"War Paint"},{"floor":9.0,"key":"Counterbalance"},{"floor":26,"key":"Iron Hammer"}],"event_choices":[],"is_beta":false,"boss_relics":[{"not_picked":["Fusion Hammer","Ring of Chaos"],"picked":"Runic Pyramid"}],"items_purged_floors":[],"is_endless":false,"potions_floor_spawned":[5,16,24,32],"killed_by":"Hallownest:Warrior_and_Youth","ascension_level":0}}