{"host":"e2zj99pds0obhrn5","time":1611611839,"event":{"mods":["AchievementEnabler","BaseMod","Colored Map","Colored Powertips","Minty Spire (QoL Compilation)"],"gold_per_floor":[110,110,124,49,49,49,82,82,82,23,57,73,116,132,132,132,132],"floor_reached":16,"language":"ENG","playtime":969,"items_purged":["Injury"],"score":143,"play_id":"610ee15b-2d1c-4cfe-8265-9fef0a72c07f","local_time":"20210125135719","is_ascension_mode":false,"campfire_choices":[{"data":"Eruption","floor":6,"key":"SMITH"},{"data":"Vigilance","floor":8,"key":"SMITH"},{"floor":15,"key":"REST"}],"circlet_count":0,"master_deck":["Strike_P","Strike_P","Strike_P","Strike_P","Defend_P","Defend_P","Defend_P","Defend_P","Eruption+1","Vigilance+1","CrushJoints","CutThroughFate","Regret","FlurryOfBlows","Swivel","Halt","FlurryOfBlows","Crescendo"],"relics":["PureWater","NeowsBlessing","Golden Idol","Gambling Chip","Pear","Eternal Feather","The Courier","Potion Belt","Ice Cream"],"acts_visited":["Exordium"],"potions_floor_usage":[13,16],"damage_taken":[{"damage":0,"enemies":"2 Louse","floor":1,"turns":1},{"damage":0,"enemies":"Cultist","floor":3,"turns":1},{"damage":0,"enemies":"Lagavulin","floor":7,"turns":1},{"damage":11,"enemies":"3 Sentries","floor":11,"turns":5},{"damage":0,"enemies":"Small Slimes","floor":12,"turns":2},{"damage":42,"enemies":"Lagavulin","floor":13,"turns":4},{"damage":5,"enemies":"2 Fungi Beasts","floor":14,"turns":3},{"damage":60,"enemies":"The Guardian","floor":16,"turns":9}],"seed_played":"468065864319556163","potions_obtained":[{"floor":11,"key":"BottledMiracle"},{"floor":12,"key":"Dexterity Potion"},{"floor":13,"key":"StancePotion"}],"is_trial":false,"path_per_floor":["M","?","M","$","?","R","E","R","T","?","E","M","E","M","R","B"],"character_chosen":"WATCHER","items_purchased":[],"campfire_rested":1,"item_purchase_floors":[],"current_hp_per_floor":[72,72,72,72,72,72,82,82,82,82,71,71,29,24,57,0,0],"gold":132,"neow_bonus":"THREE_ENEMY_KILL","is_daily":false,"chose_seed":false,"campfire_upgraded":2,"win_rate":0.0,"timestamp":1611611839,"path_taken":["M","?","M","$","?","R","E","R","T","?","E","M","E","?","R","BOSS"],"items_purchased_type":[],"build_version":"2020-12-22","purchased_purges":1,"victory":false,"max_hp_per_floor":[72,72,72,72,72,72,82,82,82,82,82,82,82,82,82,82,82],"card_choices":[{"not_picked":["Crescendo","ThirdEye"],"picked":"CrushJoints","floor":1},{"not_picked":["BowlingBash","CarveReality"],"picked":"CutThroughFate","floor":3},{"not_picked":["Fasting2","Ragnarok"],"picked":"FlurryOfBlows","floor":7},{"not_picked":["WaveOfTheHand","FlyingSleeves"],"picked":"Swivel","floor":11},{"not_picked":["Evaluate","Protect"],"picked":"Halt","floor":12},{"not_picked":["BowlingBash","Consecrate"],"picked":"FlurryOfBlows","floor":13},{"not_picked":["DeceiveReality","Study"],"picked":"Crescendo","floor":14}],"player_experience":87528,"relics_obtained":[{"floor":7,"key":"Pear"},{"floor":9,"key":"Eternal Feather"},{"floor":11,"key":"Potion Belt"},{"floor":13,"key":"Ice Cream"}],"event_choices":[{"damage_healed":0,"gold_gain":0,"player_choice":"Take Wound","damage_taken":0,"relics_obtained":["Golden Idol"],"max_hp_gain":0,"max_hp_loss":0,"event_name":"Golden Idol","floor":2,"gold_loss":0,"cards_obtained":["Injury"]},{"damage_healed":0,"gold_gain":0,"player_choice":"Box","damage_taken":0,"relics_obtained":["Gambling Chip"],"max_hp_gain":0,"max_hp_loss":0,"event_name":"Big Fish","floor":5,"gold_loss":0,"cards_obtained":["Regret"]},{"damage_healed":0,"gold_gain":0,"player_choice":"Paid Gold","damage_taken":0,"relics_obtained":["The Courier"],"max_hp_gain":0,"max_hp_loss":0,"event_name":"WeMeetAgain","floor":10,"gold_loss":59}],"is_beta":false,"boss_relics":[],"items_purged_floors":[4],"is_endless":false,"potions_floor_spawned":[11,12,13],"killed_by":"The Guardian","ascension_level":0}}