{"host":"zekcc3vicrep0och","time":1611593006,"event":{"mods":["AchievementEnabler","BaseMod","Colored Map","Colored Powertips","Displayed Cursed Tome","Highlight Path","Minty Spire (QoL Compilation)","Quick Restart","Relic Stats","StSLib","The Cursed"],"gold_per_floor":[109,124,124,141,161,161,196,196,196,196,238,238,282,306,306,386,386,399,324,343,370,285,285,285],"floor_reached":23,"language":"ENG","playtime":1385,"items_purged":[],"score":411,"play_id":"e7ce5e5e-9b33-434d-94df-10d0543e5cf7","local_time":"20210125194326","is_ascension_mode":true,"campfire_choices":[{"data":"Armaments","floor":6.0,"key":"SMITH"},{"data":"Flex","floor":8.0,"key":"SMITH"},{"floor":12.0,"key":"REST"},{"data":"Disarm","floor":15.0,"key":"SMITH"}],"circlet_count":0,"master_deck":["AscendersBane","Strike_R","Strike_R+1","Strike_R","Defend_R+1","Defend_R","Defend_R+1","Defend_R","Bash","Whirlwind","Iron Wave","Flex+1","Armaments+1","Shrug It Off","Disarm+1","Battle Trance+1","Headbutt","Double Tap","Carnage+1"],"relics":["Burning Blood","Potion Belt","Orichalcum","CeramicFish","HornCleat","Bag of Marbles","Black Star","War Paint"],"acts_visited":["Exordium","TheCity"],"potions_floor_usage":[23],"damage_taken":[{"damage":5.0,"enemies":"Small Slimes","floor":1.0,"turns":6.0},{"damage":1.0,"enemies":"Cultist","floor":2.0,"turns":3.0},{"damage":2.0,"enemies":"Jaw Worm","floor":4.0,"turns":3.0},{"damage":7.0,"enemies":"Large Slime","floor":5.0,"turns":5.0},{"damage":12.0,"enemies":"3 Sentries","floor":7.0,"turns":5.0},{"damage":25.0,"enemies":"Lagavulin","floor":11.0,"turns":6.0},{"damage":19.0,"enemies":"3 Sentries","floor":13.0,"turns":7.0},{"damage":0.0,"enemies":"2 Fungi Beasts","floor":14.0,"turns":3.0},{"damage":12.0,"enemies":"The Guardian","floor":16.0,"turns":15.0},{"damage":18.0,"enemies":"Chosen","floor":18.0,"turns":7.0},{"damage":0.0,"enemies":"3 Byrds","floor":20.0,"turns":4.0},{"damage":23.0,"enemies":"Centurion and Healer","floor":21.0,"turns":8.0},{"damage":53,"enemies":"Book of Stabbing","floor":23,"turns":7}],"seed_played":"2101176452533400352","potions_obtained":[{"floor":1.0,"key":"SneckoOil"},{"floor":4.0,"key":"Energy Potion"},{"floor":5.0,"key":"DistilledChaos"},{"floor":13.0,"key":"FairyPotion"},{"floor":21.0,"key":"SpeedPotion"}],"is_trial":false,"path_per_floor":["M","M","?","M","M","R","E","R","T","?","E","R","E","M","R","B",null,"M","?","M","M","?","E"],"character_chosen":"IRONCLAD","items_purchased":[],"campfire_rested":1,"item_purchase_floors":[],"current_hp_per_floor":[69,74,74,75,74,74,68,68,68,45,26,48,35,41,41,35,65,53,53,59,42,42,14,14],"gold":285,"neow_bonus":"RANDOM_COMMON_RELIC","is_daily":false,"chose_seed":false,"campfire_upgraded":3,"win_rate":0.0,"timestamp":1611593006,"path_taken":["M","M","?","?","M","R","E","R","T","?","E","R","E","M","R","BOSS","M","?","M","M","?","E"],"items_purchased_type":[],"build_version":"2020-12-22","purchased_purges":0,"victory":false,"max_hp_per_floor":[75,75,75,75,75,75,75,75,75,75,75,75,75,75,75,75,75,75,75,75,75,75,75,75],"relic_stats":{"counters":[13,79],"CeramicFish":45,"Black Star":0,"Orichalcum":[96],"War Paint":["Defend_R","Battle Trance"],"obtain_stats":[{"Potion Belt":0,"HornCleat":11,"CeramicFish":9,"Bag of Marbles":13,"Black Star":17,"Orichalcum":7,"War Paint":22,"Burning Blood":0},{"Potion Belt":0,"HornCleat":6,"CeramicFish":5,"Bag of Marbles":7,"Black Star":9,"Orichalcum":5,"War Paint":12,"Burning Blood":0},{"Potion Belt":0,"HornCleat":28,"CeramicFish":22,"Bag of Marbles":35,"Black Star":53,"Orichalcum":22,"War Paint":72,"Burning Blood":0}],"Burning Blood":69},"card_choices":[{"not_picked":["Entrench","Clash"],"picked":"Whirlwind","floor":1.0},{"not_picked":["Cleave","Clothesline"],"picked":"Iron Wave","floor":2.0},{"not_picked":["Wild Strike","Headbutt"],"picked":"Flex","floor":4.0},{"not_picked":["Dark Embrace","Wild Strike"],"picked":"Armaments","floor":5.0},{"not_picked":["Flame Barrier","Berserk"],"picked":"Shrug It Off","floor":7.0},{"not_picked":["Intimidate","Flex"],"picked":"Disarm","floor":11.0},{"not_picked":["Anger","Whirlwind"],"picked":"Battle Trance","floor":13.0},{"not_picked":["Twin Strike","Battle Trance"],"picked":"Headbutt","floor":14.0},{"not_picked":["Berserk","Brutality"],"picked":"Double Tap","floor":16.0},{"not_picked":["Twin Strike","Body Slam","Pommel Strike"],"picked":"SKIP","floor":18.0},{"not_picked":["Twin Strike","Infernal Blade","Body Slam"],"picked":"SKIP","floor":20.0},{"not_picked":["Carnage+1","Thunderclap","Metallicize"],"picked":"SKIP","floor":21.0},{"not_picked":["Thunderclap","Metallicize"],"picked":"Carnage+1","floor":21.0}],"player_experience":554210,"relics_obtained":[{"floor":7.0,"key":"Orichalcum"},{"floor":9.0,"key":"CeramicFish"},{"floor":11.0,"key":"HornCleat"},{"floor":13.0,"key":"Bag of Marbles"}],"event_choices":[{"cards_removed":["Strike_R"],"damage_healed":0.0,"max_hp_gain":0.0,"max_hp_loss":0.0,"gold_gain":0.0,"event_name":"Purifier","player_choice":"Purged","floor":3.0,"gold_loss":0.0,"damage_taken":0.0},{"damage_healed":0.0,"max_hp_gain":0.0,"max_hp_loss":0.0,"gold_gain":0.0,"event_name":"Shining Light","player_choice":"Entered Light","floor":10.0,"gold_loss":0.0,"damage_taken":23.0,"cards_upgraded":["Defend_R","Strike_R"]},{"cards_removed":["Strike_R"],"damage_healed":0.0,"max_hp_gain":0.0,"max_hp_loss":0.0,"gold_gain":0.0,"event_name":"Beggar","player_choice":"Gave Gold","floor":19.0,"gold_loss":75.0,"damage_taken":0.0},{"damage_healed":0.0,"max_hp_gain":0.0,"max_hp_loss":0.0,"gold_gain":0.0,"event_name":"Addict","player_choice":"Obtained Relic","floor":22.0,"gold_loss":85.0,"damage_taken":0.0,"relics_obtained":["War Paint"]}],"is_beta":false,"boss_relics":[{"not_picked":["Coffee Dripper","Black Blood"],"picked":"Black Star"}],"items_purged_floors":[],"is_endless":false,"potions_floor_spawned":[1,4,5,13,21],"killed_by":"Book of Stabbing","ascension_level":19}}