{"host":"sc0o2qwpf9j16a4i","time":1611610380,"event":{"mods":["AchievementEnabler","BaseMod","BetterRewards","Block Reminder","Colored Map","Colored Powertips","Custom Start","Highlight Path","Minty Spire (QoL Compilation)","Relic Stats"],"gold_per_floor":[110,110,123,141,141,168,168,19,43,58,77,142,159,173,173,269,269,282,282,298,298,310,310,310,310,310,321,336,351,2,19,19,124,124,124,124],"floor_reached":35,"language":"ENG","playtime":1399,"items_purged":[],"score":458,"play_id":"26aa122d-13ea-4e6b-8cab-c4a9f80191f8","local_time":"20210125233300","daily_mods":["Specialized","Uncertain Future","Binary"],"is_ascension_mode":false,"campfire_choices":[{"data":"Bouncing Flask","floor":7.0,"key":"SMITH"},{"data":"Riddle With Holes","floor":15,"key":"SMITH"},{"data":"Deadly Poison","floor":23,"key":"SMITH"},{"data":"Sucker Punch","floor":25,"key":"SMITH"},{"floor":32,"key":"REST"}],"circlet_count":0,"master_deck":["Strike_G","Strike_G","Defend_G","Defend_G","Defend_G","Defend_G","Defend_G","Survivor","Neutralize","After Image","After Image","After Image","After Image","After Image","Deflect","Riddle With Holes+1","Sucker Punch+1","Bouncing Flask+1","Cloak And Dagger","Deadly Poison+1","Cloak And Dagger","Quick Slash","Venomology+1","Necronomicurse","Concentrate+1","Tactician+1","Deadly Poison+1"],"relics":["Ring of the Snake","Nunchaku","Dream Catcher","Happy Flower","Smiling Mask","Incense Burner","Busted Crown","Necronomicon","Bottled Flame","Bag of Marbles","OrangePellets","Astrolabe"],"acts_visited":["Exordium","TheCity","TheBeyond"],"potions_floor_usage":[12,18,20,22,24,24,24,27,29,31,33,33],"damage_taken":[{"damage":0.0,"enemies":"2 Louse","floor":1.0,"turns":4.0},{"damage":0.0,"enemies":"Cultist","floor":3.0,"turns":6.0},{"damage":0.0,"enemies":"Jaw Worm","floor":4.0,"turns":6.0},{"damage":9.0,"enemies":"Gremlin Nob","floor":6.0,"turns":7.0},{"damage":1.0,"enemies":"Large Slime","floor":10.0,"turns":8.0},{"damage":0.0,"enemies":"2 Fungi Beasts","floor":11.0,"turns":4.0},{"damage":1,"enemies":"Lagavulin Event","floor":12,"turns":7},{"damage":0,"enemies":"Exordium Wildlife","floor":13,"turns":6},{"damage":0,"enemies":"Blue Slaver","floor":14,"turns":3},{"damage":17,"enemies":"Slime Boss","floor":16,"turns":16},{"damage":0,"enemies":"Chosen","floor":18,"turns":4},{"damage":0,"enemies":"Shell Parasite","floor":20,"turns":4},{"damage":0,"enemies":"Centurion and Healer","floor":22,"turns":7},{"damage":3,"enemies":"Gremlin Leader","floor":24,"turns":10},{"damage":5,"enemies":"Snake Plant","floor":27,"turns":5},{"damage":0,"enemies":"Snecko","floor":28,"turns":3},{"damage":15,"enemies":"Cultist and Chosen","floor":29,"turns":9},{"damage":0,"enemies":"Shelled Parasite and Fungi","floor":31,"turns":3},{"damage":0,"enemies":"Automaton","floor":33,"turns":13},{"damage":0,"enemies":"Orb Walker","floor":35,"turns":1}],"seed_played":"-8490604054035073750","potions_obtained":[{"floor":4.0,"key":"Energy Potion"},{"floor":6.0,"key":"Regen Potion"},{"floor":13,"key":"SmokeBomb"},{"floor":16,"key":"CunningPotion"},{"floor":18,"key":"CunningPotion"},{"floor":33,"key":"Fire Potion"}],"is_trial":true,"path_per_floor":["M","?","M","M","?","E","R","$","T","M","M","?","M","M","R","B",null,"M","?","M","?","M","R","E","R","T","M","M","M","$","M","R","B",null,"M"],"character_chosen":"THE_SILENT","items_purchased":["Happy Flower","Bag of Marbles","OrangePellets","PowerPotion"],"campfire_rested":1,"item_purchase_floors":[8,30,30,30],"current_hp_per_floor":[70,63,63,63,63,54,54,54,54,68,68,67,67,67,67,50,70,70,54,54,54,54,54,51,51,51,46,46,46,46,46,67,67,70,70,70],"gold":124,"neow_bonus":"","is_daily":false,"chose_seed":false,"campfire_upgraded":4,"win_rate":0.0,"timestamp":1611610380,"path_taken":["M","?","M","M","?","E","R","$","T","M","M","?","M","M","R","BOSS","M","?","M","?","M","R","E","R","T","M","?","M","$","M","R","BOSS","M"],"items_purchased_type":["Relic","Relic","Relic","Potion"],"build_version":"2020-12-22","purchased_purges":0,"victory":false,"max_hp_per_floor":[70,70,70,70,70,70,70,70,70,70,70,70,70,70,70,70,70,70,70,70,70,70,70,70,70,70,70,70,70,70,70,70,70,70,70,70],"relic_stats":{"OrangePellets":[0],"Nunchaku":[23],"Dream Catcher":1,"Busted Crown":18,"Happy Flower":[34],"counters":[20,126],"Astrolabe":["Concentrate","Tactician","Deadly Poison"],"Necronomicon":[13],"Smiling Mask":0,"obtain_stats":[{"OrangePellets":30,"Nunchaku":2,"Dream Catcher":6,"Bottled Flame":26,"Busted Crown":17,"Happy Flower":8,"Astrolabe":34,"Incense Burner":12,"Necronomicon":19,"Bag of Marbles":30,"Smiling Mask":9,"Ring of the Snake":0},{"OrangePellets":17,"Nunchaku":1,"Dream Catcher":4,"Bottled Flame":14,"Busted Crown":10,"Happy Flower":4,"Astrolabe":19,"Incense Burner":7,"Necronomicon":11,"Bag of Marbles":17,"Smiling Mask":4,"Ring of the Snake":0},{"OrangePellets":109,"Nunchaku":4,"Dream Catcher":23,"Bottled Flame":92,"Busted Crown":67,"Happy Flower":23,"Astrolabe":125,"Incense Burner":42,"Necronomicon":71,"Bag of Marbles":109,"Smiling Mask":23,"Ring of the Snake":0}],"Ring of the Snake":[40]},"card_choices":[{"not_picked":["Underhanded Strike"],"picked":"Deflect","floor":1.0},{"not_picked":["Masterful Stab"],"picked":"Riddle With Holes","floor":3.0},{"not_picked":["Acrobatics"],"picked":"Sucker Punch","floor":4.0},{"not_picked":["Storm of Steel"],"picked":"Bouncing Flask","floor":6.0},{"not_picked":["Sucker Punch","Backflip"],"picked":"SKIP","floor":10.0},{"not_picked":["Sucker Punch"],"picked":"Cloak And Dagger","floor":11},{"not_picked":["Bane"],"picked":"Deadly Poison","floor":12},{"not_picked":["Distraction"],"picked":"Cloak And Dagger","floor":13},{"not_picked":["Acrobatics"],"picked":"Quick Slash","floor":14},{"not_picked":["Wraith Form v2"],"picked":"Venomology","floor":16}],"player_experience":972224,"relics_obtained":[{"floor":6.0,"key":"Dream Catcher"},{"floor":9.0,"key":"Smiling Mask"},{"floor":12,"key":"Incense Burner"},{"floor":19,"key":"Necronomicon"},{"floor":26,"key":"Bottled Flame"}],"event_choices":[{"damage_healed":0.0,"max_hp_gain":0.0,"max_hp_loss":0.0,"gold_gain":0.0,"event_name":"Scrap Ooze","player_choice":"Success","floor":2.0,"gold_loss":0.0,"damage_taken":7.0,"relics_obtained":["Nunchaku"]},{"damage_healed":0.0,"max_hp_gain":0.0,"max_hp_loss":0.0,"gold_gain":0.0,"event_name":"Liars Game","player_choice":"Ignored","floor":5.0,"gold_loss":0.0,"damage_taken":0.0},{"damage_healed":0,"gold_gain":0,"player_choice":"Searched \u00271\u0027 times","damage_taken":0,"max_hp_gain":0,"max_hp_loss":0,"event_name":"Dead Adventurer","floor":12,"gold_loss":0},{"damage_healed":0,"gold_gain":0,"player_choice":"Obtained Book","damage_taken":16,"max_hp_gain":0,"max_hp_loss":0,"event_name":"Cursed Tome","floor":19,"gold_loss":0},{"damage_healed":0,"gold_gain":0,"player_choice":"Upgraded","damage_taken":0,"max_hp_gain":0,"max_hp_loss":0,"event_name":"Upgrade Shrine","floor":21,"gold_loss":0,"cards_upgraded":["Venomology"]}],"is_beta":false,"boss_relics":[{"not_picked":["Empty Cage","Sozu"],"picked":"Busted Crown"},{"not_picked":["Cursed Key","HoveringKite"],"picked":"Astrolabe"}],"items_purged_floors":[],"is_endless":false,"potions_floor_spawned":[4,6,13,16,18,22,24,33],"killed_by":"Orb Walker","ascension_level":0}}