{"host":"j4g6ia6asvpyu2b0","time":1611533980,"event":{"mods":["BaseMod","Colored Map","Minty Spire (QoL Compilation)","Permanent Neow","Quick Restart","Relic Stats","StSLib","Unceasing Turn Reminder"],"gold_per_floor":[18,18,18,43,43,87,87,87,87],"floor_reached":8,"language":"ENG","playtime":158,"items_purged":[],"score":105,"play_id":"3a487afe-2ac8-45a7-88dc-b0ab6b510d3e","local_time":"20210124171940","is_ascension_mode":true,"campfire_choices":[{"data":"Bash","floor":7,"key":"SMITH"}],"circlet_count":0,"master_deck":["AscendersBane","Strike_R","Strike_R","Strike_R+1","Strike_R","Defend_R","Defend_R","Bash+1","Perfected Strike","Thunderclap+1","Battle Trance"],"relics":["Burning Blood","Golden Idol","Matryoshka"],"acts_visited":["Exordium"],"potions_floor_usage":[6],"damage_taken":[{"damage":6,"enemies":"2 Louse","floor":1,"turns":4},{"damage":0,"enemies":"Small Slimes","floor":4,"turns":3},{"damage":8,"enemies":"Gremlin Nob","floor":6,"turns":3},{"damage":50,"enemies":"3 Sentries","floor":8,"turns":4}],"seed_played":"780016561937084306","potions_obtained":[{"floor":1,"key":"BlessingOfTheForge"},{"floor":4,"key":"ElixirPotion"}],"is_trial":false,"path_per_floor":["M","?","?","M","?","E","R","E"],"character_chosen":"IRONCLAD","items_purchased":[],"campfire_rested":0,"item_purchase_floors":[],"current_hp_per_floor":[68,68,61,67,47,45,45,0,0],"gold":87,"neow_bonus":"REMOVE_TWO","is_daily":false,"chose_seed":false,"campfire_upgraded":1,"win_rate":0.0,"timestamp":1611533980,"path_taken":["M","?","?","M","?","E","R","E"],"items_purchased_type":[],"build_version":"2020-12-22","purchased_purges":0,"victory":false,"max_hp_per_floor":[75,68,68,68,68,68,68,68,68],"relic_stats":{"counters":[4,14],"Golden Idol":14,"obtain_stats":[{"Matryoshka":6,"Golden Idol":2,"Burning Blood":0},{"Matryoshka":3,"Golden Idol":1,"Burning Blood":0},{"Matryoshka":10,"Golden Idol":4,"Burning Blood":0}],"Burning Blood":18},"card_choices":[{"not_picked":["Sentinel","Heavy Blade"],"picked":"Perfected Strike","floor":1},{"not_picked":["Flex","Evolve"],"picked":"Thunderclap","floor":4},{"not_picked":["Dropkick","Warcry"],"picked":"Battle Trance","floor":6}],"player_experience":997415,"relics_obtained":[{"floor":6,"key":"Matryoshka"}],"event_choices":[{"damage_healed":0,"gold_gain":0,"player_choice":"Lose Max HP","damage_taken":0,"relics_obtained":["Golden Idol"],"max_hp_gain":0,"max_hp_loss":7,"event_name":"Golden Idol","floor":2,"gold_loss":0},{"cards_removed":["Defend_R"],"damage_healed":0,"gold_gain":0,"player_choice":"Card Removal","damage_taken":7,"max_hp_gain":0,"max_hp_loss":0,"event_name":"Golden Wing","floor":3,"gold_loss":0},{"damage_healed":0,"gold_gain":0,"player_choice":"Entered Light","damage_taken":20,"max_hp_gain":0,"max_hp_loss":0,"event_name":"Shining Light","floor":5,"gold_loss":0,"cards_upgraded":["Strike_R","Thunderclap"]}],"is_beta":false,"boss_relics":[],"items_purged_floors":[],"is_endless":false,"potions_floor_spawned":[1,4],"killed_by":"3 Sentries","ascension_level":19}}